3992 6344
272 316 389 372 693

856 309 1085 368 CODEX
1122 308 1638 381 DIPLOMATICUS.
1674 338 1745 350 ——
1781 311 2239 370 CAPITULABIA
2288 314 2556 373 SPURIA.
2586 346 2657 357 --
2684 316 2783 371 AN.
2824 318 2947 374 826.

3415 324 3528 381 693‘

268 440 502 496 scopum
548 424 853 498 consecrari
887 424 1118 498 omnino
1149 431 1387 492 oportet,
1415 493 1428 498 _
1436 423 1846 498 desiderabilem
1872 433 1926 489 Α
1950 424 2110 498 clasia
2134 427 2327 498 dignus
2368 443 2475 482 non
2520 429 2856 495 inveniatur,
2894 440 3020 485 tunc
3065 435 3204 488 alter
3243 434 3309 489 de
3354 437 3531 494 altera

268 492 406 553 boni
436 494 634 564 operis,
676 494 1229 563 inreprehensibilem,
1272 502 1327 547 et
1355 492 1573 564 reliquis
1598 494 1849 564 omnibus

268 562 704 636 apparitionibus
729 562 866 636 quae
891 572 1265 636 secuntur,-ut
1291 562 1586 636 doctrinam
1611 563 1715 617 'Dei
1757 578 1851 636 no-

266 632 379 691 siri
410 645 567 697 omet
591 635 645 688 in
670 632 937 698 omnibus,
969 649 1037 688 ne
1072 642 1133 687 ut
1159 634 1213 687 in
1233 632 1491 702 pastorali
1510 632 1654 687 libro
1678 632 1851 689 cont-i-

267 715 458 768 netur,
478 704 925 759 contradicendus
943 702 1268 758 inveniatur.
1294 702 1377 758 Ab
1392 702 1660 771 imperitis
1685 702 1848 766 enim,

272 774 457 846 inquit
481 774 771 846 pastorale,
811 774 1180 846 magisterium
1211 788 1316 846 qua
1346 772 1649 846 temeritate
1690 772 1852 846 susci-

263 841 446 927 pitur,
474 841 687 927 Quando
711 859 800 927 ars
823 841 924 927 est;
942 844 1140 927 artium
1166 841 1406 927 regimen
1437 841 1775 927 animarum}l
1797 851 1852 896 et

267 912 476 969 iterum
500 932 514 967 ε
536 913 636 968 Ille
657 914 839 983 igitur,
869 913 957 968 ille
987 913 1159 968 niodis
1184 912 1435 968 omnibus
1458 912 1526 983 ad
1550 912 1873 982 exemplum

263 984 494 1039 vendidi
521 982 791 1052 pertrahi,
823 985 914 1053 qui
941 983 1149 1039 cunctis
1174 983 1354 1037 ca'rnis
1379 982 1715 1053 passionibus
1740 997 1854 1037 mo-

264 1054 424 1108 riens
436 1054 540 1110 iam
554 1052 868 1121 spiritaliter
886 1054 1036 1117 vivit,
1051 1054 1143 1122 qui
1154 1067 1409 1123 prospera
1430 1052 1612 1123 mundi
1636 1061 1853 1121 postpo-

262 1124 402 1185 suit,
418 1123 512 1193 qui
524 1122 666 1178 nulla
684 1123 907 1178 adversa
929 1122 1277 1193 pertimescit,
1295 1124 1388 1192 qui
1410 1122 1522 1178 sola
1539 1122 1757 1176 interna
1769 1123 1851 1177 de-

264 1194 496 1255 siderat,
530 1193 683 1247 cuius
707 1193 988 1259 intentioni
1011 1194 1148 1249 bene
1180 1207 1479 1262 congruens
1511 1208 1610 1247 nec
1631 1193 1851 1262 omnino

263 1277 372 1333 per
393 1263 798 1334 inbecillitatem
818 1278 1037 1334 corpus,
1066 1280 1167 1319 nec
1187 1260 1338 1318 valde
1360 1278 1455 1332 per
1474 1260 1850 1334 contumeliam

266 1332 556 1403 repugnet.
572 1332 674 1399 Qui
695 1335 764 1388 ad
781 1332 954 1390 aliena
965 1334 1228 1403 cupiendo
1249 1349 1355 1387 non
1369 1334 1601 1396 ducitur,
1617 1333 1709 1388 sed
1729 1347 1854 1401 pro.

265 1404 391 1474 pria
412 1403 665 1474 largitur,
686 1404 778 1474 qui
807 1414 902 1473 per
921 1405 1140 1474 pietatis
1166 1404 1372 1474 viscera
1392 1403 1554 1458 citius
1579 1403 1645 1474 ad
1670 1403 1852 1474 ignes:

268 1471 785 1536 cendum‘ﬂeetiiur,
807 1471 938 1530 sed
955 1488 1249 1543 numquam
1274 1473 1395 1543 plus
1426 1489 1587 1543 quam
1615 1473 1802 1527 deceat
1832 1473 1848 1503 ⁸

267 1545 562 1615 ignescens
586 1544 654 1599 ab
685 1558 811 1598 arce
852 1544 1189 1599 rectitudinis
1220 1542 1527 1615 inclinatur.
1558 1542 1660 1610 Qui
1704 1542 1851 1615 nulla

267 1613 483 1668 inlicita
508 1620 798 1682 perpetrat,
828 1615 922 1668 sed
954 1620 1261 1682 perpetrata
1290 1614 1358 1667 ab
1384 1613 1503 1667 aliis
1536 1623 1597 1668 ut
1638 1614 1851 1682 propria

269 1684 542 1753 deplorat.
585 1682 707 1750 Qui
734 1698 799 1738 ex
848 1683 1043 1738 all‘ectu
1090 1684 1269 1737 cordis
1309 1682 1515 1739 alienae
1552 1682 1849 1738 inﬁrmitati

267 1754 621 1823 campatitur,
668 1754 852 1823 sicque
886 1754 940 1808 in
989 1754 1148 1809 bonis
1191 1753 1425 1822 proximi
1461 1753 1599 1808 sicut
1641 1753 1715 1806 in'
1739 1754 1850 1808 suis

267 1823 620 1894 provectibus
651 1823 908 1894 laetatur;
947 1824 1039 1892 qui
1084 1823 1160 1876 ita
1198 1836 1258 1878 se
1304 1823 1620 1894 imitabilem
1657 1824 1851 1894 ceteris

268 1892 329 1947 in
360 1893 739 1964 cunctisquae
788 1892 900 1964 agit
944 1894 1201 1957 insinuat,
1240 1907 1307 1946 ne
1350 1892 1609 1964 intereas
1655 1892 1853 1964 habeat

269 1965 421 2033 quod
461 1962 642 2018 saltim
666 1964 732 2018 de
763 1961 1050 2019 transactis
1074 1964 1375 2018 erubescat.
1417 1961 1520 2033 Qui
1552 1963 1630 2017 sic
1673 1963 1854 2033 studet

270 2031 480 2098 vivere,
534 2040 588 2087 et
629 2034 1002 2102 proximorum
1054 2046 1267 2103 quoque
1319 2032 1527 2103 arentia
1578 2031 1853 2103 doctrinae

267 2103 495 2159 fluentis
546 2101 722 2158 valeat
750 2103 1008 2173 inrigare,
1045 2101 1138 2172 qui
1181 2101 1446 2173 orationis
1493 2118 1595 2173 usu
1642 2101 1854 2171 experi-

268 2182 464 2228 mento
515 2174 624 2228 iam
671 2172 879 2239 didicit,
922 2174 1065 2243 quod
1102 2172 1346 2228 obtinere
1382 2186 1417 2243 an
1457 2172 1674 2226 domino
1697 2173 1851 2243 rq‘uae

267 2244 584 2313 poposcerit
616 2244 805 2312 possit,
834 2245 919 2299 cui
942 2242 1167 2298 ell'ectus
1194 2242 1514 2313 vocemiiam
1556 2242 1710 2311 quasi
1733 2256 1853 2313 spe-

269 2312 489 2382 cialiter
515 2314 733 2368 dicitur.
764 2313 954 2372 Adhuc
979 2313 1232 2382 loquente
1260 2321 1311 2366 te
1350 2312 1527 2367 dicam
1553 2330 1565 2364 :
1614 2326 1742 2367 ecce
1764 2312 1852 2367 ad-

269 2399 416 2439 sum.
447 2381 681 2453 Ideoque
710 2384 895 2438 talium
925 2380 1103 2438 rerum
1130 2380 1264 2437 tales
1304 2397 1424 2437 esse
1469 2391 1701 2451 oportet,
1744 2396 1854 2437 non

270 2454 483 2509 indocti
530 2469 598 2508 ne
624 2454 803 2523 aliqua
851 2453 1216 2523 oportunitate
1261 2461 1447 2521 turpes
1489 2453 1850 2517 inveniantur,

268 2524 415 2577 sicut
438 2523 498 2577 in
519 2521 1146 2579 eodem’librobabetur.
1174 2521 1307 2594 Quia
1334 2538 1455 2594 cum
1485 2522 1724 2594 spiritale
1762 2523 1855 2577 ali-

270 2594 408 2675 quid
468 2608 502 2647 a
525 2594 781 2675 subditis
841 2592 1393 2675 pas-tor‘inquiritur,
1422 2592 1851 2675 _ignominiosum

269 2663 433 2717 valde
459 2672 563 2728 est,
594 2664 641 2717 si
677 2673 806 2734 tunc
844 2662 1065 2732 incipiat
1099 2662 1328 2734 querere
1352 2662 1437 2717 vel
1463 2662 1688 2729 discere,
1731 2677 1854 2720 cum

269 2734 617 2803 questionem
659 2733 817 2789 debet
841 2735 1095 2789 enodare.

349 2802 408 2875 2.
451 2801 518 2857 Ut
541 2802 713 2875 nullus
741 2804 1007 2875 episcopus
1029 2803 1264 2874 aliusque
1286 2803 1528 2858 sacerdos
1553 2802 1854 2858 muneribus

270 2872 572 2943 ordinetur.
605 2872 808 2928 Cavere
850 2872 1030 2943 itaque
1056 2872 1267 2943 oportet
1305 2888 1745 2942 unumquemque
1770 2888 1857 2927 sa-

280 2942 578 3004 cerdotem,
610 2959 676 2998 ne
720 2942 955 3012 premiis’
993 2942 1241 2999 videatur
1276 2943 1598 3006 consecrari,
1644 2952 1704 2997 ut
1745 2959 1854 2997 non

284 3013 537 3081 exemplo
564 3013 793 3067 Simonis
834 3014 976 3083 magi
1026 3015 1081 3067 in
1130 3013 1629 3083 condemnationem
1681 3022 1735 3067 ct
1779 3013 1854 3067 la-

366 3097 489 3153 eum
516 3083 707 3138 incidat
734 3081 963 3149 diaboli;
993 3084 1120 3153 quia
1144 3092 1255 3137 tam
1283 3081 1458 3139 factus
1483 3098 1646 3152 quam
1688 3084 1851 3138 etiam

306 3152 703 3208 acienshouore
724 3154 899 3216 adepti
921 3152 1116 3209 debent
1142 3167 1262 3209 esse
1286 3153 1696 3216 condemnandi,
1714 3155 1853 3209 sicut

272 3221 336 3302 in
381 3221 762 3302 Calcidonense
785 3221 1368 3302 aliorumquenpatrum
1399 3224 1628 3302 habetur
1671 3224 1852 3302 conci-

268 3290 370 3354 lio,
408 3293 534 3361 quia
566 3293 659 3363 qui
696 3294 1006 3350 muneribus
1034 3290 1334 3358 bidinatur,
1371 3309 1478 3348 non
1524 3294 1736 3348 animae
1761 3294 1854 3349 de-

271 3370 493 3484 fertare
515 3361 665 3432 cupit
688 3364 1006 3430 remedium,
1033 3365 1129 3419 sed
1157 3378 1324 3418 vanae
1349 3363 1552 3434 gloriae
1594 3379 1853 3420 venerare

298 3446 514 3484 ucmm.

298 3446 514 3486 uerum.

346 3502 402 3575 ξ.
446 3501 685 3566 Qualiter
705 3505 998 3575 episcopum
1032 3505 1216 3559 docere
1241 3512 1288 3559 et
1323 3506 1602 3575 consistere
1633 3513 1849 3574 oportet.

269 3570 607 3645 Episcopum
642 3570 770 3645 vero
816 3570 958 3628 bono
983 3588 1142 3645 opere
1186 3573 1485 3645 consistere
1508 3570 1749 3645 oportet,
1795 3585 1855 3629 ut

268 3656 388 3697 non
433 3642 605 3714 solum
634 3641 791 3698 factis
835 3641 1252 3713 congruentibus
1277 3642 1472 3710 luceat,
1501 3641 1597 3702 sed
1621 3644 1854 3714 optimus

270 3710 586 3791 speculator
610 3714 827 3779 existat,
864 3710 1094 3791 qualiter
1117 3710 1855 3791 populusverbutnpredica-

270 3784 447 3836 tionis
480 3790 697 3838 ostenso
739 3798 900 3840 onere
951 3784 1067 3838 sine
1106 3784 1268 3840 dubio
1311 3785 1649 3840 observando
1681 3792 1854 3839 atten-

272 3850 390 3931 ῥέῃ,
417 3853 728 3931 beatissimo
747 3850 1005 3931 Gregorio
1029 3869 1164 3931 papa
1189 3854 1432 3913 docente.
1462 3857 1566 3931 Pro
1596 3854 1854 3924 qualitate

269 3921 445 3989 igitur
468 3922 797 3977 audientium
827 3921 1046 3979 formari
1076 3921 1233 3979 debet
1257 3941 1435 3983 sermo
1461 3921 1759 3987 doctorum,
1796 3933 1854 3978 ut

267 3999 332 4062 et
356 4007 455 4045 sua
479 3991 702 4061 singulis
722 4002 1000 4062 congruat,
1028 4002 1083 4049 et
1117 4003 1296 4052 tamen
1322 4014 1353 4052 a
1390 3995 1690 4051 communis
1711 3994 1855 4049 aedi~

268 4060 548 4133 ﬁcationis
574 4060 689 4133 arte
718 4060 1010 4133 numquam
1046 4064 1284 4121 recedat.

350 4131 407 4184 4.
447 4130 522 4184 De
550 4132 770 4188 indoctis
795 4130 1168 4190 sacerdotibus.
1194 4134 1530 4205 Quamquam
1555 4135 1621 4190 ad
1650 4134 1854 4189 monita

274 4198 567 4273 doctorum
621 4212 677 4257 et
727 4210 930 4258 statuta
990 4198 1563 4273 patrum'sacerdotes
1613 4205 1856 4260 indoctos

270 4271 532 4346 prohibet
553 4274 877 4346 consecrari,
905 4271 1152 4346 oportuni
1182 4277 1438 4346 temporis
1468 4275 1853 4346 moderatione,

272 4342 327 4395 si
372 4342 1007 4415 episcopus_inveniatUr
1053 4342 1323 4411 indoctus,
1369 4362 1398 4400 a
1444 4344 1856 4415 metropolitano

270 4411 521 4495 proprio,
572 4422 625 4495 et
655 4413 916 4495 deinceps
934 4415 1270 4495 sacerdotes,
1304 4417 1360 4472 id
1389 4423 1470 4470 est
1512 4411 1811 4495 presbyteri
1837 4455 1853 4480 ,

1949 495 2178 567 eligatur
2199 495 2465 552 'ecclesia.
2514 498 2808 567 Tamquam
2846 502 2936 554 vis
2969 502 3267 559 necessitas
3310 508 3523 562 eveniat

1949 565 2209 621 invidiose
2233 566 2379 621 nullo
2406 568 2562 621 modo
2590 565 2935 624 consecretur
2962 571 3183 627 invitus.

2020 634 2073 688 ϐ.
2113 635 2184 691 Ut
2230 637 2454 711 episcopi
2504 648 2649 711 extra
2691 640 2954 711 propriam
3001 643 3363 711 parroechiam
3419 661 3524 703 non

1949 716 2234 781 morentur.
2269 706 2523 781 Episcopi
2557 706 2701 781 enim
2754 706 2822 763 ad
2858 706 3122 781 culturam
3166 713 3400 781 propriis
3436 730 3524 769 ec.

1950 775 2131 854 etesiis
2171 777 2351 854 sepius
2392 777 2590 854 debent
2610 777 2825 854 adess_e,_
2843 780 2969 854 quia
2986 775 3250 854 absentia
3266 775 3523 854 episcopi

1947 845 2267 920 plerumque
2295 845 2359 901 ﬁt
2403 846 2680 920 calamitas
2724 845 2913 920 plebis.
2944 849 3174 920 Ideoque
3205 845 3525 909 Sardicettse

1950 914 2578 992 a_dmoneh-te__eoncilio,__
2599 914 2741 971 ultra
2765 919 2928 974 trium
2971 914 3377 992 ebdomatarum
3403 936 3524 992 spa-

1950 985 2083 1061 tium
2110 987 2342 1055 propriis
2370 987 2612 1061 ecclesiis
2643 1002 2750 1061 non
2772 996 3072 1061 morentur,
3113 991 3218 1061 nisi
3244 990 3384 1047 forte
3429 985 3524 1061 per
3618 992 3625 997 ’

1950 1054 2241 1111 iussionem
2258 1057 2672 1126 metropolitani
2705 1059 2788 1113 vel
2816 1060 3094 1127 principis,
3123 1060 3170 1115 si
3197 1077 3264 1116 ex
3294 1054 3525 1118 necessi-

1951 1132 2063 1179 tate
2094 1127 2404 1198 contingat;
2441 1127 2694 1198 quoniam
2722 1129 2933 1197 longius
2959 1130 3061 1184 nisi
3094 1145 3193 1198 per
3234 1132 3525 1198 auctorita.

1951 1203 2061 1320 hell]:
2087 1195 2401 1251 canonicam
2430 1195 2698 1266 proﬁcisci
2742 1195 2915 1267 net—pie
2956 1195 3182 1254 subiecti
3211 1195 3522 1257 sacerdotes

1989 1279 2015 1318 e
2055 1274 2165 1319 ent.

1989 1274 2165 1319 ebent.

1992 1342 2004 1356 '
2023 1334 2073 1388 7.
2116 1322 2183 1389 Ut
2211 1335 2386 1390 clerici
2408 1338 2687 1391 consistere
2711 1337 2949 1392 debeant.
2976 1337 3289 1395 Necessaria
3321 1341 3523 1395 etenim

1951 1420 2037 1459 res
2064 1405 2265 1471 existit,
2314 1416 2373 1461 ut
2404 1407 2550 1462 itixta
2598 1408 2880 1462 ecclesiam
2911 1409 3146 1463 claustra
3191 1411 3525 1465 constituan-

1952 1483 2056 1547 tur,
2094 1477 2146 1530 in
2172 1477 2364 1547 quibus
2410 1477 2590 1532 clerici
2623 1478 2917 1547 disciplinis
2941 1479 3288 1534 eelesiasticis
3310 1488 3521 1535 vacent.

1950 1546 2135 1616 Itaque
2182 1548 2430 1601 omnibus
2477 1563 2641 1601 unum
2667 1548 2737 1602 sit
2777 1546 3121 1603 refectorium
3164 1565 3228 1604 ac
3268 1548 3526 1604 dormitos

1951 1616 2111 1680 rium,
2144 1626 2239 1672 Seu
2283 1625 2495 1673 ceterae
2525 1616 2768 1672 ollicinae
2813 1618 2881 1673 ad
2923 1634 3051 1673 usus
3080 1619 3396 1674 clericorum
3430 1636 3527 1673 ne:

1951 1686 2238 1757 cessariae.
2270 1687 2497 1740 Ministri
2527 1702 2656 1740 vero
2688 1697 2806 1756 post
2833 1688 3143 1757 episcopum
3170 1703 3330 1757 super
3356 1703 3420 1743 ea
3444 1698 3525 1742 ta-

1883 1780 1925 1839 B
1952 1755 2039 1839 les.
2055 1754 2340 1839 eligantur,
2367 1772 2592 1839 quoeunt
2621 1754 2728 1839 vita
2755 1754 2917 1839 atque
2943 1754 3187 1814 doctrina
3210 1754 3329 1812 illos
3350 1758 3529 1827 potius

1955 1825 2257 1896 exhornent
2288 1840 2446 1896 quam
2478 1825 2846 1896 dehonestent.

2020 1895 2073 1951 8.
2108 1893 2185 1948 De
2211 1893 2563 1967 sacerdotibus
2584 1895 2649 1967 in
2681 1896 2922 1967 subiectis
2955 1896 3347 1967 baptismalibus
3370 1896 3530 1967 plebi-

1951 1964 2044 2018 bus
2070 1964 2462 2036 constituendis.
2497 1964 2743 2035 Episcopi
2771 1966 2825 2019 in
2854 1964 3262 2035 baptismalibus
3284 1964 3531 2036 plebibus

1952 2043 2009 2089 ut
2043 2033 2483 2108 testes_pro‘pri_is
2531 2033 2815 2108 diligenter
2840 2033 3023 2108 curam
3066 2036 3264 2090 habere
3286 2033 3529 2108 idebelit,

1894 2113 1923 2139 °
1949 2112 2005 2159 et
2035 2120 2156 2176 cum
2188 2104 2266 2160 eis
2306 2104 2653 2176 presbyteros
2704 2107 2997 2176 necessitas
3036 2105 3338 2160 occurrerit
3381 2106 3531 2176 ordi-

1950 2174 2131 2239 nandi,
2163 2186 2221 2229 ut
2252 2175 2585 2230 reverentius
2613 2174 2982 2240 observentur,
3026 2176 3276 2229 convenit
3306 2175 3449 2229 enim
3476 2175 3530 2229 in

1950 2244 2030 2299 eis
2060 2244 2255 2299 ibidem
2285 2244 2642 2299 habitantium
2683 2245 2785 2299 sibi
2816 2244 3071 2300 adhibere
3102 2259 3446 2298 consensum.

2020 2314 2072 2370 9.
2114 2313 2184 2368 Ut
2232 2314 2408 2369 clerici
2455 2332 2558 2369 non
2600 2315 2873 2385 plusquam
2918 2315 3148 2385 sufﬁcere
3201 2314 3526 2385 ordinentur.

1950 2383 2134 2454 Itaque
2161 2385 2549 2455 congregandis
2579 2383 2790 2441 clericis
2832 2383 3023 2451 modus
3069 2383 3528 2455 discretionisgtc-

1954 2452 2165 2509 neatnr.
2196 2452 2456 2511 Videlicet
2485 2470 2553 2510 ne
2580 2455 2699 2524 plus
2724 2455 3079 2509 admittantur
3107 2469 3266 2524 quam
3300 2452 3526 2507 facultas

1954 2539 2133 2579 rerum
2159 2524 2239 2579 eis
2267 2524 2524 2580 canonice
2553 2525 2811 2579 attributa
2841 2525 3085 2579 suilicere
3108 2524 3299 2592 possit.

2026 2594 2111 2648 l0.
2160 2594 2236 2665 De
2265 2595 2617 2665 sacerdotibus
2643 2595 2731 2665 qui
2760 2595 2813 2647 in
2844 2593 3069 2648 ecclesiis
3093 2592 3530 2665 vel’rnonasteriis

1955 2681 2058 2718 non
2080 2664 2336 2719 habitant.
2362 2662 2681 2719 Sacerdotes
2708 2679 2939 2734 namque
2965 2662 3218 2734 constitui
3242 2678 3347 2734 non
3376 2678 3532 2733 opor-

1954 2740 2033 2788 tet
2061 2734 2164 2788 nisi
2197 2735 2250 2789 in
2275 2734 2501 2791 ecclesia
2537 2743 2630 2788 aut
2674 2731 2892 2803 speciali
2926 2731 3531 2803 monasteriodepu'ten-

1957 2811 2062 2868 tur,
2094 2820 2160 2860 ne
2185 2805 2479 2859 necessitas
2505 2804 2559 2858 in
2589 2801 2956 2860 saecularibus
2979 2803 3225 2858 domibus
3254 2801 3358 2857 illis
3382 2803 3535 2857 habi-

1956 2874 2115 2955 tando
2143 2884 2395 2956 occurrat
2413 2891 2433 2956 ;.
2457 2874 2693 2944 alioquin
2717 2891 2760 2956 Δει
2801 2873 3039 2956 propriis
3068 2872 3332 2956 episcopis
3357 2880 3448 2928 aut
3480 2873 3534 2926 in

1955 2944 2226 3013 cpiscopia
2282 2954 2373 2999 aut
2421 2945 2472 2999 in
2521 2943 2847 2999 monasteria
2898 2943 3172 2998 habitandi
3206 2950 3267 3013 et,
3310 2958 3535 2997 conver-

1956 3012 2107 3068 sandi
2130 3012 2229 3083 pro
2272 3014 2570 3069 exercendo
2599 3014 2775 3070 cilicio
2802 3013 3213 3083 constituantur.
3255 3012 3313 3083 In
3340 3013 3535 3083 quibus

1958 3085 2102 3137 enim
2129 3082 2384 3139 mulieres
2408 3084 2551 3138 nulla
2578 3084 2882 3139 conversari
2912 3082 3120 3137 ratione
3149 3082 3431 3150 permittit.

2030 3154 2116 3207 Η.
2160 3151 2228 3208 Ut
2249 3154 2492 3208 sacerdos
2527 3171 2629 3224 non
2653 3153 2827 3224 aliquo
2850 3151 2974 3207 ludo
3000 3150 3301 3224 delectetur.
3336 3152 3532 3224 Sacer—

1958 3223 2056 3279 dos
2082 3224 2224 3278 enim
2270 3224 2450 3278 sedule
2480 3223 2658 3279 divina
2690 3220 2845 3279 debet
2885 3220 3211 3292 perscrutari
3252 3229 3306 3275 et
3346 3222 3533 3292 admo-

1957 3309 2085 3349 nere
2110 3294 2342 3363 eloquia,
2373 3302 2431 3348 ut
2456 3293 2762 3348 inveniatur
2789 3290 2978 3363 beatus
3022 3291 3087 3346 de
3123 3305 3229 3359 quo
3256 3290 3533 3363 psalmista

1958 3364 2033 3418 ait
2060 3379 2075 3417 :
2107 3372 2160 3419 et
2186 3359 2241 3418 in
2268 3364 2382 3434 lege
2400 3364 2527 3434 eius
2555 3363 2901 3418 meditabitur
2920 3362 3018 3434 die
3042 3375 3105 3415 ac
3135 3370 3308 3434 nocte.
3336 3359 3534 3427 Quam-

1956 3436 2143 3504 obrem
2190 3431 2540 3504 ludo'aliquo
2590 3448 2772 3504 coram
2820 3448 2879 3487 se
2908 3431 3043 3504 fieri
3076 3446 3189 3504 non
3215 3431 3529 3504 delectetur.

1957 3503 2348 3575 Transgressor
2365 3500 2560 3574 quippe
2586 3503 2854 3575 inventus,
2886 3502 2953 3555 ad
2981 3500 3405 3575 admonitionem
3422 3502 3534 3575 cpia

1958 3575 2104 3644 scopi
2138 3571 2578 3646 ulterius—agere
2623 3573 2832 3628 desinat
2886 3580 2977 3626 aut
3023 3572 3044 3602 ³
3087 3571 3343 3625 canonice
3392 3571 3531 3625 indi-

1958 3655 2130 3701 θείω.

2032 3715 2115 3772 12.
2145 3713 2212 3767 Ut
2228 3714 2517 3768 sacerdotes
2537 3712 2791 3782 feneralia
2809 3722 2899 3766 aut
2918 3712 3109 3782 rustica
3124 3712 3411 3782 ministeria
3431 3724 3532 3764 non

1954 3793 2244 3838 exerceant.
2284 3780 2603 3838 Sacerdotes
2644 3782 2820 3851 itaque
2856 3783 2944 3851 qui
2980 3783 3046 3835 ad
3071 3780 3248 3851 debita
3286 3792 3343 3851 et
3375 3794 3535 3851 opor-

1959 3864 2090 3909 tuna
2121 3852 2294 3909 olﬂcia
2326 3852 2573 3908 ecclesiis
2605 3848 2975 3906 indifferenter
3004 3851 3188 3904 adesse
3218 3848 3433 3911 debent,
3464 3848 3539 3904 fe-

1956 3940 2089 3979 nore
2138 3923 2316 3993 aliquo
2363 3930 2456 3976 aut
2499 3921 2782 3993 venatione
2832 3922 2915 3975 vel
2957 3920 3136 3989 aliqua
3185 3920 3540 3993 occupatione

1958 3989 2269 4061 rusticoque
2292 3992 2595 4046 ministerio
2619 3991 2849 4061 omnino
2879 4006 2984 4044 non
3013 3997 3360 4058 occupentur,
3415 3989 3538 4058 quia

1957 4063 2073 4118 sine
2097 4072 2289 4116 ornatu
2314 4060 2630 4115 sacerdotali
2648 4067 2797 4113 extra
2824 4060 3011 4114 domos
3032 4074 3123 4112 cos
3149 4072 3404 4127 apparere
3428 4074 3534 4113 non

1957 4133 2225 4188 convenit.
2257 4130 2335 4185 Ne
2363 4139 2423 4184 ut
2471 4130 2636 4199 aliqui
2679 4129 3032 4184 saecularium
3064 4128 3297 4199 iniuriis
3319 4128 3535 4199 paci-an-

1958 4210 2066 4266 tur,
2101 4202 2195 4256 sed
2225 4216 2289 4256 ea
2340 4197 2675 4255 solummodo
2705 4214 2843 4268 quae
2882 4214 2980 4267 per
3023 4207 3239 4268 patrum
3286 4197 3536 4251 instituta

1958 4273 2207 4327 videntur
2241 4272 2549 4325 observent.
2579 4267 2897 4324 Contrarias
2922 4269 3151 4338 denique
3175 4267 3422 4338 inventus
3444 4275 3536 4321 aut

1959 4342 2212 4411 deinceps
2237 4341 2464 4405 desinat,
2498 4349 2590 4394 aut
2618 4338 2875 4411 canonice
2906 4336 3179 4411 subiaceat
3202 4336 3533 4406 disciplinae.

2031 4413 2117 4466 15.
2149 4408 2222 4467 'Si
2245 4410 2487 4465 sacerdos
2513 4409 2863 4464 testimonium
2888 4408 3048 4462 dicat.
3084 4408 3420 4478 Quamquam
3452 4422 3538 4461 εει

272 4480 516 4554 diaconi,
539 4482 624 4554 vel
650 4483 812 4554 etiam
838 4480 1170 4548 subdiaconi,
1200 4501 1230 4538 a
1249 4480 1347 4541 suo
1366 4480 1584 4554 proprio
1607 4480 1858 4553 episcopo
1887 4483 1937 4543 D
1959 4481 2236 4554 cerdotum
2278 4480 2641 4554 testimonium
2682 4480 2992 4554 credibilius
3039 4481 3323 4554 habeatur,
3356 4484 3535 4531 tamen

275 4559 343 4605 ut
371 4551 552 4605 doceri
602 4553 810 4621 possint
850 4554 1261 4621 admoneantur,
1291 4565 1345 4610 et
1368 4551 1587 4610 interim
1623 4551 1854 4609 subiecti

273 4621 593 4695 sacerdotes
621 4632 675 4677 et
702 4622 837 4695 tales
864 4623 1138 4695 clcriciad
1183 4632 1393 4695 tempus
1434 4623 1852 4695 celebrationem

269 4689 477 4765 divinis
523 4691 777 4765 misteriis
822 4701 876 4747 et
924 4689 1677 4765 elﬁciisgsnspendanturtut
1712 4693 1855 4748 docti

270 4760 494 4814 valeant
525 4761 590 4816 ad
615 4762 849 4817 debitum
886 4760 1550 4831 ministerium—advenire.
1591 4761 1646 4816 Si
1674 4772 1853 4818 autem

266 4831 549 4903 potuerint
572 4832 804 4903 edoceri,
838 4832 891 4885 in
920 4842 1185 4903 potestate
1210 4834 1443 4903 episcopi
1465 4834 1554 4887 sit.

353 4899 406 4953 5.
439 4898 507 4953 Ut
530 4900 826 4973 neglegendi
852 4898 1075 4973 episcopi
1099 4898 1406 4958 canonicam
1430 4902 1661 4973 regulam
1683 4900 1856 4973 obser~

272 4978 482 5040 ventur.
507 4968 848 5040 _Episcopum
880 4968 1042 5025 'enim
1085 4974 1390 5028 consecrari
1432 4968 1535 5026 non
1582 4969 1850 5040 convenit,

269 5038 444 5124 nisia
474 5038 684 5124 clericis
714 5038 1705 5124 etpopulo'fuerit.postulatuslende
1749 5038 1853 5122 Ce-

262 5108 506 5164 lestinns
524 5110 725 5192 :“papa
753 5108 882 5192 dicit
913 5129 925 5164 :
963 5111 1150 5192 _Nu_llus
1181 5108 1411 5169 invictus
1436 5112 1716 5192 ordinetur
1739 5110 1852 5178 epi-

270 5194 496 5248 scopus.
524 5178 701 5235 Plebis
724 5183 888 5247 enim,
931 5181 1248 5237 clericorum
1288 5193 1341 5237 et
1377 5182 1600 5245 ordinis,
1628 5195 1856 5235 consen-

271 5265 373 5303 sus
398 5259 454 5322 et
478 5250 803 5322 desiderium
826 5268 926 5307 con
960 5260 1036 5306 tat
1060 5268 1178 5322 esse
1205 5253 1600 5322 requirendum.
1641 5250 1726 5322 Et;
1744 5249 1853 5304 Leo

272 5320 653 5376 sanctissimus
694 5336 832 5390 papa
881 5322 957 5377 ait
995 5338 1008 5375 :
1062 5321 1216 5376 Nulla
1261 5320 1406 5377 enim
1448 5321 1587 5375 ratio
1629 5320 1756 5374 sinit
1791 5328 1851 5374 ut

274 5390 728 5461 interepiseopos
771 5390 1087 5456 habeantur,
1131 5392 1222 5461 qui
1263 5409 1365 5447 nec
1396 5409 1426 5446 a
1471 5391 1681 5446 clericis
1726 5398 1852 5443 sunt

273 5458 458 5523 electi,
484 5458 589 5516 nec
616 5458 645 5514 a
676 5461 922 5529 plebibus
946 5458 1189 5531 expetiti.
1222 5462 1373 5528 Quod
1399 5464 1443 5517 si
1476 5462 1528 5517 in
1556 5462 1742 5516 eadem
1765 5475 1827 5515 ec

1960 4552 2062 4621 ipsi
2089 4553 2144 4607 in
2189 4551 2521 4606 secularibus
2546 4551 2776 4621 negotiis
2803 4564 2903 4619 pro
2930 4548 3240 4621 testimonio
3276 4555 3388 4621 aut‘
3410 4564 3538 4603 con-

1960 4617 2226 4693 fugiendis
2250 4617 2758 4676 instrumentis'non
2784 4617 3075 4693 rogentur;
3103 4618 3227 4688 quia
3254 4632 3348 4671 eos
3374 4617 3430 4671 in
3458 4625 3537 4671 ta-

1958 4690 2100 4747 libus
2132 4692 2294 4746 rebus
2322 4706 2442 4746 esse
2463 4705 2569 4761 non
2596 4690 2880 4761 convenit;
2914 4690 2970 4761 si
2983 4690 3126 4761 enim
3151 4694 3325 4761 eunte
3339 4702 3536 4741 causae

1960 4762 2162 4830 aliquid
2185 4762 2419 4816 viderint
2444 4756 2536 4813 aut
2570 4754 2975 4823 audierint,ubi
3004 4758 3184 4830 nullae
3205 4754 3427 4830 idoneae
3451 4772 3534 4811 se—

1961 4825 2195 4885 culariae
2235 4831 2577 4885 inveniantur
2602 4844 2883 4899 personae,
2917 4843 2983 4883 ne
3008 4829 3206 4899 veritas
3233 4825 3536 4899 occultetur

1959 4910 2013 4953 et
2048 4900 2220 4954 malus
2247 4907 2301 4953 et
2330 4902 2503 4955 bonus
2531 4896 2829 4962 estimetur,
2860 4900 2915 4953 in
2948 4896 3280 4967 providentia
3318 4898 3532 4967 propria

1961 4971 2032 5023 sit
2060 4970 2315 5038 episcopi,
2340 4976 2399 5023 ut
2418 4978 2510 5023 aut
2531 4985 2713 5036 coram
2739 4984 2798 5024 se
2821 4977 2876 5023 et
2899 4965 3326 5038 competentibus
3348 4965 3532 5020 iudici-

1962 5041 2061 5094 btls
2086 5036 2176 5092 aut
2203 5036 2359 5093 aliter
2386 5040 2666 5093 veritatem
2697 5038 2991 5093 honorifice
3019 5036 3247 5092 attollat.

2033 5108 2117 5163 M.
2163 5107 2263 5161 Ubi
2293 5109 2582 5163 sacerdotes
2626 5119 2738 5179 post
2770 5108 3137 5179 condempnem
3162 5122 3283 5179 esse
3309 5112 3530 5179 oportet.

1961 5178 2279 5234 Sacerdotes
2304 5179 2506 5233 etenim
2532 5173 2891 5247 aut'quamvis
2916 5173 3053 5230 alius
3076 5176 3131 5247 in
3170 5173 3357 5247 ordine
3397 5173 3533 5230 eele—

1959 5250 2178 5305 siastico
2204 5257 2490 5318 provectus
2529 5250 2575 5303 si
2623 5246 2679 5303 in
2703 5263 2768 5303 eo
2795 5247 2816 5278 ‘
2846 5247 3054 5318 scelere
3077 5246 3401 5318 inveniatur,
3425 5259 3532 5318 quo

1959 5313 2270 5374 abiciendus
2316 5320 2530 5380 cxistat,
2583 5319 2855 5386 depositus
2907 5316 3242 5386 providentia
3296 5313 3530 5386 episcopi

1956 5389 2092 5443 bene
2117 5389 2331 5457 proviso
2361 5389 2478 5442 loco
2508 5389 2926 5447 constituantur,
2958 5386 3048 5443 ubi
3078 5393 3295 5456 peccata
3318 5386 3526 5455 lugeant

1908 5486 1915 5499 -
1956 5467 2008 5513 et
2042 5459 2265 5513 ulterius
2296 5473 2399 5513 non
2430 5458 2785 5513 committant.

959 5617 991 5641 ο
1503 5590 1892 5647 VARIANTES
1933 5590 2330 5647 LECTIONES.

354 5726 369 5759 ⁸
398 5726 588 5782 doceat
617 5742 664 5781 c.
738 5728 757 5758 ³
781 5736 836 5783 et
864 5727 1088 5782 lestinus
1110 5745 1155 5782 c.
1233 5727 1252 5758 ⁸
1276 5726 1453 5782 desint
1478 5722 1565 5780 an.
1644 5726 1661 5756 ⁵
1700 5740 1792 5781 eos
1818 5739 1865 5778 ε.
