3992 6344
534 322 642 386 698

1468 326 1527 381 Β.
1567 323 1819 382 οΑιιοιι
1856 324 2068 381 MAG-Nl
2101 323 2250 381 OPP.
2287 322 2466 379 PARS
2499 324 2540 379 Ι.
2577 323 2818 383 SECTIO
2852 328 2897 393 ι.

3674 337 3775 394 696

607 438 697 494 {5.
738 438 816 495 De
854 438 1102 510 suspectis
1140 434 1511 510 sacerdotibus.
1544 435 1601 510 Si
1630 436 1893 510 quispiam
1916 449 2097 492 sacer-
2126 442 2176 499 Α
2202 506 2233 510 __
2268 433 2475 510 ῼὸηρε
2498 436 2896 510 modoeltiiset
2922 438 3042 495 aliis
3067 442 3324 498 similibus
3365 445 3513 500 locis.
3543 446 3649 501 Per
3670 447 3777 503 sol-

536 508 747 578 dolum,
772 510 826 564 id
846 518 930 563 est
944 506 1235 578 presbyter
1255 506 1509 578 diaconus
1531 506 1690 578 etiam
1705 507 2093 578 subdiaconus,

537 578 604 633 de
628 575 973 648 quacumque
992 575 1187 632 femina
1222 577 1446 648 crimine
1470 575 1840 648 fornicationis
1865 578 2102 648 suspicav

534 646 791 718 tus,'post
813 649 1041 716 primam
1069 647 1461 718 secundamque
1501 646 1660 718 etiam
1684 647 2100 701 admonitionem

533 717 1036 789 metropolitanigvel
1060 717 1279 771 alterius
1300 717 1532 789 episcopi
1558 724 1651 769 aut
1678 718 1795 771 eius
1814 718 1902 789 cui
1923 719 2101 771 subia-

533 786 659 843 cere
684 786 910 851 videtur,
934 788 1278 841 inveniuntur
1307 786 1535 841 fabulari
1558 802 1681 840 cum
1707 802 1789 851 ea,
1817 788 1900 841 vel
1919 789 2101 855 aliquo

532 859 693 912 modo
724 874 844 913 cum
869 873 934 911 ea
969 856 1293 918 conversari,
1325 857 1582 911 canonice
1605 857 1927 911 iudicentur.
1965 857 2102 923 Qua-

529 936 753 996 propter
777 928 1142 998 unusquisque
1167 929 1537 998 episcoporum
1568 927 1624 980 in
1655 927 1761 998 tali,
1782 942 1840 981 se
1864 928 2099 998 studium

530 1012 595 1051 ac
622 997 928 1069 diligentem
950 997 1136 1069 enram
1165 999 1363 1069 habere
1390 997 1577 1069 debet,
1593 1012 1661 1051 ne
1685 997 1878 1069 eclesia
1898 997 2109 1053 Christi.

528 1081 559 1119 a
594 1067 826 1143 propriis
852 1068 1019 1143 possit
1052 1067 1329 1143 sordidare
1353 1067 1632 1143 ministris.
1671 1067 1804 1143 Quia
1836 1082 1957 1143 cum
1981 1082 2099 1143 pro-

525 1137 701 1204 priam
734 1153 953 1192 uxorem
1000 1139 1196 1192 habere
1243 1153 1351 1191 non
1396 1138 1743 1206 permittitur,
1767 1137 2008 1192 maxime
2032 1138 2099 1192 ab

527 1207 676 1261 omni
702 1206 901 1262 femina
929 1209 999 1263 sit
1024 1208 1390 1262 abstinendus.

601 1299 629 1380 ξ
636 1298 688 1352 6.
729 1298 798 1355 Ut
816 1302 1084 1380 “episcopo
1112 1299 1456 1380 densubiectis
1464 1368 1475 1380 _
1485 1297 1717 1380 plebibus
1750 1297 1972 1380 aliisque
1992 1298 2096 1380 piis

526 1367 658 1450 locis
680 1386 784 1423 non
809 1367 958 1450 liceat
985 1367 1064 1450 re:
1099 1368 1325 1450 aul'erre.
1359 1367 1898 1450 episcoporum
1928 1367 2099 1450 liceat

527 1452 617 1492 res
645 1439 945 1495 immobiles
980 1440 1044 1494 de
1075 1438 1330 1493 subiectis
1356 1439 1600 1508 plebibus
1639 1438 1862 1508 aliisque
1888 1439 1991 1508 piis
2026 1438 2097 1493 lo-

527 1508 606 1577 cis
632 1508 686 1563 in
713 1509 931 1577 proprio
978 1524 1076 1563 usu
1107 1509 1323 1572 habere,
1371 1523 1438 1564 ne
1470 1508 1702 1563 maiores
1742 1510 2037 1563 enormiter
2079 1510 2095 1540 ι

526 1576 917 1647 locupletentur
960 1586 1014 1632 et
1058 1579 1292 1633 minores
1338 1579 1428 1631 tali
1473 1578 1615 1633 facto
1657 1593 1919 1647 pauperes
1955 1580 2098 1634 inve-

525 1647 763 1719 niantur.
793 1647 989 1705 Contra
1022 1664 1184 1719 agens
1210 1649 1523 1703 canonicam
1546 1648 1919 1704 auctoritatem
1946 1664 2098 1704 coar-

527 1717 730 1774 tandus
754 1719 971 1775 existat.
1030 1720 1035 1726 '

2199 505 2530 584 licitudinem
2559 506 2934 584 episcopon
2958 525 3186 578 quorum
3212 514 3491 570 dioceseos
3512 518 3775 584 existunt,

2198 577 2267 630 ad
2291 575 2504 629 easdem
2526 576 2791 647 utilitates
2813 575 3011 647 quibus
3038 584 3330 638 constituta
3357 594 3483 640 sunt
3525 575 3777 642 ordinat;

2200 653 2305 707 tur,
2352 655 2413 699 ut
2440 645 2606 700 debiti
2652 661 2819 714 panes
2834 645 3010 719 atque
3056 666 3186 706 cure
3214 656 3613 722 pertinentibus
3657 673 3779 713 ver»-

2200 724 2334 770 tant.

2268 785 2358 866 9b.
2396 784 2475 839 De
2519 787 2619 866 piis
2660 785 2803 866 locis
2839 805 2974 858 quae
3009 792 3121 866 sine
3168 796 3479 866 presbyteris
3522 798 3771 852 existunt.

2199 854 2339 938 sunt
2369 854 2630 938 quaedam
2660 858 2750 927 pia
2788 854 2904 938 loca
2931 870 2995 938 _ut
3030 854 3288 938 fertu'r__in
3319 854 3568 938 "diversis
3602 869 3776 937 regio-

2198 926 2358 1000 nibus
2389 926 2623 1000 inventa,
2661 926 2801 996 quae
2825 930 2900 1000 ita
2929 932 3086 1000 impia
3114 934 3477 990 sollicitudine
3505 943 3563 989 et
3593 926 3775 991 salier-

2199 994 2415 1068 dotibus
2457 994 2731 1068 destituta,
2779 994 3032 1068 nulloque
3069 1002 3249 1058 debito
3282 1005 3480 1059 ibidem
3511 1016 3771 1061 resonant

2198 1080 2300 1120 nec
2331 1066 2568 1142 existunt
2593 1066 2788 1142 cilicia,
2815 1078 2876 1123 ut
2902 1066 3025 1123 eum
3071 1072 3180 1126 sint
3217 1088 3316 1142 pro
3347 1074 3461 1129 sola
3500 1075 3596 1129 Dei
3620 1076 3773 1131 laude

2198 1136 2690 1200 constituta,divino
2702 1147 2992 1193 attestante
3004 1136 3253 1197 oraculo':
3267 1143 3453 1198 domus
3464 1162 3581 1198 mea
3592 1145 3777 1199 demus

2198 1206 2449 1260 orationis
2488 1216 2584 1272 est,
2616 1222 2763 1263 nunc
2786 1216 2967 1263 autem
2989 1217 3048 1263 ut
3072 1212 3211 1266 aliae
3235 1213 3425 1268 domus
3442 1214 3678 1268 utilitate
3694 1231 3776 1269 se-

2199 1275 2460 1353 cularium
2490 1276 2767 1353 hominum
2813 1279 3061 1353 sordidae
3104 1282 3472 1337 inveniuntur.
3506 1284 3695 1353 Itaque
3728 1284 3774 1339 si

2198 1345 2415 1426 proprio
2444 1346 2560 1426 iure
2586 1347 2829 1426 eclesia_e_
2846 1349 3089 1405 subiecta
3112 1352 3403 1426 episcopnus
3428 1345 3634 1426 ibidem
3660 1354 3775 1408 sine

2199 1416 2597 1486 intermissione
2654 1418 3012 1486 presbiterum
3062 1416 3185 1475 cum
3239 1416 3596 1477 su'llicientiae
3649 1438 3775 1477 suae

2198 1484 2451 1540 utilitatis
2474 1500 2605 1555 opes
2630 1484 2946 1552 constituat,
2975 1498 3032 1543 et
3058 1490 3105 1544 si
3128 1492 3449 1547 secularium
3497 1493 3772 1547 hominum

2198 1564 2325 1609 sunt
2353 1555 2470 1612 iure
2496 1556 2817 1629 constituta,
2839 1559 2906 1612 ab
2931 1559 3183 1629 episcopo
3214 1562 3356 1616 illius
3381 1563 3663 1618 dioceseos
3687 1564 3773 1616 ad-

2197 1634 2539 1698 moneamur,
2569 1634 2626 1698 et
2667 1627 2711 1681 si
2754 1628 3015 1698 admoniti
3048 1627 3408 1698 presbiterum
3440 1631 3586 1686 infra
3616 1633 3773 1687 trium

2198 1695 2464 1767 mensium
2490 1696 2724 1767 spatium
2757 1697 2953 1751 ibidem
2983 1695 3279 1767 neglexerit
3303 1703 3661 1763 constituere,
3688 1717 3773 1756 en-

597 1766 1126 1858 Ῑῗῖῖὐὲἓῖἓεὶίυεεγίε
1148 1789 1237 1858 qui
1263 1804 1357 1857 ρνο
1385 1788 1539 1858 uti!!!
1580 1785 1839 1858 oblatione
1880 1786 2095 1841 alterius
2128 1784 2173 1843 Β
2329 1766 3316 1858 3έὲθὲΡ³Ξίῖἷ¹ἕῖἓῖ⁸⁴ἒῖἓὲ¹έ3¹3ῗίίιξὲ
3331 1772 3768 1858 Ρθείεὲειὲεὲτίυο

524 1857 752 1917 recipere
801 1841 1004 1911 uolani.
1044 1841 1363 1912 Presbiteris
1412 1841 1575 1912 nullis
1621 1856 1965 1910 blandiantur
2003 1864 2095 1911 aut
2130 1841 2163 1843 _
2197 1841 2891 1917 Cil’ni.s“8h3°m".q‘l?te".“s
2914 1841 3376 1917 θί“⁸,θ¹¹3,θ¹ἒά¹ἶί¹¹¹’
3400 1841 3695 1917 έθθιθηιίθε

524 1926 852 1981 suadeantur
880 1928 1237 1992 sermonibus,
1273 1935 1333 1981 ut
1360 1942 1466 1981 non
1496 1926 1737 1980 omnium
1777 1927 1844 1981 ad
1869 1941 1927 1980 se
1965 1941 2094 1982 con-

524 1996 855 2052 currentium
903 1998 958 2054 in
986 1998 1311 2054 quibuslibet
1357 1996 1526 2051 sacris
1571 1996 1704 2050 locis
1737 1996 2094 2052 oblationibus

523 2066 590 2143 ad
617 2066 903 2143 missarnm
924 2065 1337 2143 sollemnitatem
1368 2066 1649 2143 recipiant.
1676 2065 1812 2143 Quia
1837 2081 1960 2121 cum
1981 2082 2130 2143 me.

523 2134 759 2207 diatores
802 2138 897 2192 Dei
944 2138 1326 2207 hominumque
1362 2134 1627 2207 existunt,
1681 2136 1736 2190 in
1772 2137 2094 2207 exercendis

518 2206 662 2277 votis
682 2207 1088 2277 relaxandisque
1116 2207 1349 2277 peccatis
1378 2206 1733 2277 largissimam
1754 2206 1949 2261 debent
1972 2222 2095 2262 ora-

520 2274 722 2359 tionem
752 2274 1031 2359 peragcre.
1066 2274 1149 2359 Si:
1170 2279 1291 2359 quis
1321 2274 1500 2359 autem
1529 2285 1716 2359 contra
1758 2278 2096 2359 huneteme-

518 2352 669 2417 rator
690 2347 950 2417 extiterit,
989 2356 1081 2403 aut
1117 2347 1323 2404 desinat
1347 2356 1440 2403 aut
1470 2347 1706 2403 doctoris
1738 2348 1943 2417 proprii
1971 2363 2094 2402 con-

519 2414 815 2488 stringitur
841 2420 1125 2474 sententia.
1169 2419 1493 2488 Redemptor
1519 2418 1717 2473 etenim
1741 2414 1929 2472 noster
1969 2432 2092 2473 cum

516 2486 589 2541 sit
627 2486 967 2558 omnipotens
1012 2486 1810 2559 imnensequemisericordiae
1863 2488 2089 2559 plenus,

517 2564 845 2625 quantorum
896 2560 1217 2628 populorum
1263 2568 1384 2614 vola
1433 2574 1539 2612 non
1570 2558 1757 2628 recipit
1800 2567 1855 2613 et
1882 2558 2090 2613 vincula

517 2635 864 2697 peccatorum
892 2637 1157 2683 unatenus
1184 2645 1290 2682 non
1322 2628 1577 2683 resolvit!

592 2696 679 2751 l8.
712 2695 887 2761 Quare
912 2708 1004 2752 aut
1026 2700 1350 2753 auctoritatis
1379 2698 1705 2753 dimissoriae
1720 2697 1852 2766 ﬁant
1874 2707 1964 2751 aut
1986 2714 2095 2752 cre-

517 2764 733 2837 dantur.
787 2767 1083 2837 Episcopus
1131 2769 1373 2822 subiecto
1418 2768 1519 2822 sibi
1567 2764 1831 2823 sacerdoti
1862 2768 1947 2823 vel
1987 2768 2093 2824 alio

517 2834 720 2908 clerico
756 2834 860 2892 nisi
889 2838 957 2894 ab
983 2834 1092 2892 alio
1133 2839 1433 2908 postulatus
1461 2837 1820 2893 dimissoriam
1861 2854 1967 2893 non
2015 2838 2093 2892 fa-

517 2903 657 2978 cia_t‘,
689 2921 757 2963 ne
802 2908 919 2963 ovis
956 2908 1109 2977 quasi
1133 2903 1366 2978 'perdita
1415 2918 1508 2962 aut
1536 2924 1725 2964 errans
1756 2908 2089 2973 inveniatur;

515 2974 612 3030 sed
638 2974 1232 3033 consensum‘unius—in
1261 2979 1483 3034 alterius
1512 2978 1816 3033 inveniatur
1839 2979 1987 3033 ovili.
2024 2979 2092 3033 Et

515 3060 585 3116 ne
621 3061 746 3102 vere
779 3056 836 3102 ut
862 3046 1032 3104 falsae
1061 3049 1376 3116 credantur,
1406 3058 1459 3104 et
1490 3047 1654 3103 falsae
1700 3058 1760 3103 ut
1784 3064 1941 3106 verae
1972 3065 2092 3104 sus-

514 3115 1482 3211 picentur,“‘universalislpontiﬁcis
1526 3127 1618 3174 aut
1668 3118 1961 3211 imperialis
2007 3119 2159 3180 velC

513 3188 915 3256 metropolitani
941 3190 1084 3246 bulla
1117 3188 1380 3246 roborari.

586 3257 652 3333 l9
682 3258 721 3311 '.
764 3256 844 3333 Ut
878 3260 1103 3333 episcopi
1142 3262 1465 3333 universique
1493 3261 1781 3333 sacerdotes
1815 3258 2089 3333 advocatos

511 3325 757 3400 habeant.
808 3325 945 3396 Quia
985 3325 1224 3399 episcopi
1277 3325 1622 3400 universique
1675 3329 1983 3400 sacerdotes
2025 3330 2092 3384 ad

511 3396 687 3470 solam
722 3398 938 3455 laudem
991 3396 1088 3455 Dei
1130 3396 1503 3470 bonorumque
1536 3396 1773 3470 cperum
1823 3399 2090 3453 actionem

513 3466 934 3541 constituantur,
969 3470 1132 3541 debet
1170 3485 1301 3540 ergo
1336 3466 1702 3541 unusquisque
1742 3484 1930 3541 eorum
1978 3477 2090 3523 tam

510 3548 613 3603 pro
662 3536 1015 3611 eclesiastieis
1039 3555 1201 3611 quam
1236 3536 1477 3611 propriis
1494 3536 1632 3596 suis
1651 3539 1951 3611 actionibus
1996 3554 2092 3593 ex-

512 3612 674 3673 cepto
711 3607 929 3675 publico
967 3607 1217 3665 videlicet
1244 3607 1473 3665 crimine
1516 3611 1834 3665 advocatum
1859 3608 2087 3673 habere,

511 3688 636 3750 non
660 3676 835 3750 malae
862 3677 1038 3750 famae
1085 3690 1384 3750 suspectos,
1430 3681 1525 3736 sed
1569 3681 1709 3739 bone
1735 3678 2003 3750 opinionis
2036 3687 2090 3732 et

508 3742 797 3802 laudabilis
826 3748 962 3803 artis
991 3742 1260 3808 inventus.
1287 3742 1380 3813 Ne,
1413 3751 1539 3807 dum
1568 3742 1802 3806 humana
1832 3749 1981 3804 lucra
2009 3757 2091 3804 at-

512 3813 763 3890 tendunt1
783 3827 1001 3890 aeterna
1026 3821 1264 3889 praemia
1290 3821 1538 3890 perdant.

582 3882 919 3965 g0._De_ltis
953 3882 1049 3965 qui
1094 3882 1372 3965 advocatos
1422 3890 1651 3965 invenire
1700 3898 1993 3965 nequeu_nt._
2030 3888 2089 3943 Si

510 3954 657 4011 enim
684 3954 848 4028 fuerit
877 3954 1143 4028 quispiam
1172 3962 1515 4017 sacerdotum
1541 3954 1789 4014 inventus
1815 3960 1907 4028 qui
1929 3959 2092 4014 advo-

511 4034 691 4108 catum
721 4026 777 4082 in
805 4026 1062 4108 iudicium
1086 4029 1329 4100 proferre
1362 4047 1469 4108 non
1498 4029 1691 4094 valeat,
1723 4026 1905 4108 coram
1936 4028 2092 4098 plebe

509 4100 728 4171 propria
777 4113 933 4154 suum
981 4101 1292 4171 episcopum
1340 4101 1555 4156 tandem
1585 4108 1796 4171 oportet
1825 4100 2091 4171 discutere

512 4167 868 4231 sacerdotem,
917 4171 963 4225 si
990 4167 1182 4226 bonae'
1204 4187 1272 4226 an
1311 4173 1484 4226 malae
1510 4167 1936 4227 conversationis
1977 4170 2091 4227 exi-

511 4242 641 4301 stat,
657 4245 751 4291 aut
773 4240 929 4294 cuius
954 4241 1031 4295 rei
1061 4257 1093 4294 a
1118 4257 1248 4295 cura
1272 4242 1294 4273 ³
1318 4242 1529 4297 debitae
1553 4242 1872 4297 advocatum
1892 4240 2092 4294 habere

510 4321 620 4359 non
647 4308 850 4380 possit;
883 4311 1056 4365 malus
1086 4326 1215 4366 vero
1260 4312 1524 4375 inventus,
1556 4326 1654 4380 pro
1678 4311 1936 4380 qualitate
1978 4310 2092 4364 cul-

510 4389 614 4444 pae
647 4379 938 4433 secundum
970 4382 1289 4437 canonicum
1318 4398 1507 4437 norma
1537 4379 1811 4436 emendari
1845 4388 2085 4434 curetur.

2266 1902 2356 1980 2b.
2395 1902 2482 1980 De
2514 1902 2745 1960 ecclesiis
2789 1906 3086 1980 destructis.
3118 1909 3361 1965 Eclesiae
3403 1920 3462 1965 et
3509 1912 3770 1980 quaelibet

2195 1973 2283 2043 pia
2305 1973 2421 2050 loca
2449 1974 2726 2030 destructa
2757 1976 3049 2050 reiacentia
3072 1980 3370 2047 promissae
3394 1973 3562 2050 atque
3597 1996 3769 2035 susce-

2194 2042 2319 2114 ptae
2344 2042 2607 2098 formatae
2646 2042 3090 2120 constitutionem
3112 2051 3330 2118 proprio
3354 2042 3649 2120 dispendio
3698 2066 3772 2104 re-

2193 2121 2667 2190 stanrentur,__non
2694 2115 2990 2190 sufﬁciente
3014 2115 3143 2190 vero
3178 2115 3489 2175 necessario
3523 2136 3556 2174 a
3586 2120 3771 2190 populo

2193 2183 2364 2258 plebis
2389 2184 2735 2258 auxilientur,
2767 2187 3006 2258 qualiter
3031 2188 3129 2244 Dei
3152 2190 3344 2246 domus
3372 2183 3677 2247 honoriﬁce
3701 2191 3772 2245 vi-

2194 2254 2425 2310 deantur
2456 2256 2712 2311 existere.

2264 2323 2370 2396 26.7
2390 2323 2451 2380 Si
2474 2326 2743 2396 episcopus
2766 2345 2799 2380 a
2819 2328 3060 2384 subiectis
3085 2329 3444 2385 sacerdotibus
3468 2330 3771 2385 eclesiaruu

2191 2393 2710 2469 donationesea‘igat.
2736 2396 2877 2469 Nulli
2901 2398 3061 2455 liceat
3079 2400 3454 2469 episcoporum
3479 2416 3512 2454 a
3538 2401 3772 2455 subiecto

2193 2464 2473 2539 sacerdote
2496 2466 2579 2519 vel
2604 2464 2917 2536 aliqnolibet
2944 2469 3051 2525 alio
3076 2464 3278 2527 clerico
3316 2479 3370 2525 et
3394 2471 3502 2539 piis
3530 2471 3662 2526 locis
3677 2472 3767 2524 da-

2193 2533 2367 2610 tiones
2392 2533 2764 2610 ultrast‘atuta
2793 2548 3010 2610 patrum
3054 2540 3290 2609 exigere,
3342 2533 3437 2595 aut
3476 2540 3769 2610 perpositas

2193 2604 2247 2687 in
2274 2606 2525 2687 angariis
2538 2605 2759 2687 inferre.
2787 2604 2895 2687 Sed
2919 2625 3057 2687 eum
3072 2604 3415 2687 sit'optimus
3438 2604 3760 2687 perspector.

2192 2677 2268 2729 ita
2297 2677 2607 2744 perspiciat,
2636 2685 2692 2730 et
2719 2678 2970 2734 universe
2994 2681 3098 2735 sibi
3149 2677 3280 2737 oves
3312 2677 3586 2735 commissi:
3628 2695 3660 2731 a
3701 2693 3762 2732 se

2193 2745 2425 2817 maxime
2442 2746 2685 2817 alantur,
2716 2756 2881 2817 atque
2911 2749 2967 2803 in
2990 2752 3409 2806 necessitatibus
3431 2750 3751 2812 adiuventur,

2191 2830 2353 2904 quam
2380 2814 2603 2904 inlicitis
2633 2814 2839 2904 exactis
2863 2817 3173 2904 dationibus
3199 2823 3587 2904 opprimantur.

2261 2885 2350 2938 27.
2414 2884 2609 2951 Quales
2669 2888 2881 2943 abbates
2935 2900 3055 2944 sunt
3111 2884 3484 2946 constituendi.
3539 2889 3766 2943 Abbates

2190 2956 2390 3010 etenim
2419 2970 2517 3025 per
2540 2957 2817 3030 coenobia,
2856 2960 3005 3014 velut
3043 2962 3264 3016 instanti
3297 2972 3542 3030 tempore
3570 2973 3767 3013 nuncn-

2192 3028 2838 3101 panturumonasterium,
2863 3030 3030 3101 _tales
3077 3028 3501 3095 constituantur,
3550 3030 3642 3101 qui
3686 3031 3767 3085 oni

2194 3096 2438 3171 vpcabuji
2462 3098 2822 3171 ministerium
2845 3099 3008 3171 digne
3024 3102 3232 3170 possint
3253 3096 3627 3157 indubitanter
3651 3116 3766 3169 sup-

2191 3166 2358 3243 plere.
2390 3166 2464 3243 Ita
2491 3168 2656 3243 docti,
2709 3177 2770 3223 ut
2803 3166 3126 3241 quandoque
3168 3171 3399 3227 fratrum
3435 3166 3764 3243 neglegentia

2190 3237 2719 3322 acciderit'omnino
2756 3237 3082 3322 cognoscere
3109 3243 3321 3322 possint
3364 3252 3423 3322 e_t
3456 3237 3758 3302 emendare,

2191 3308 2511 3382 sacerdotali
2542 3324 2758 3382 quoque
2797 3308 2906 3365 sint
2922 3308 3139 3382 honore
3167 3313 3425 3382 adempti,
3457 3322 3519 3367 ut
3548 3326 3763 3382 pet-can-

2190 3378 2325 3431 tium
2372 3378 2473 3432 sibi
2514 3379 2881 3435 subiectorum
2929 3380 3158 3437 fratrum
3196 3378 3418 3437 valeant
3455 3378 3766 3438 omnimodis

2192 3447 2432 3518 neglecta
2460 3448 2736 3505 refrenare
2759 3459 2815 3506 et
2838 3460 3121 3521 amputare
3139 3454 3452 3509 commissa.
3480 3454 3552 3506 Et
3573 3452 3649 3507 ita
3675 3451 3761 3505 ob-

2191 3526 2424 3594 servent,
2452 3528 2533 3594 ut
2548 3527 2752 3594 statuta
2778 3520 3086 3592 regularum
3112 3538 3212 3594 per
3253 3523 3440 3580 omnia
3478 3537 3591 3578 non
3629 3524 3771 3576 inve-

2189 3588 2410 3643 niantur
2434 3589 2690 3660 delinqui.

2259 3680 2348 3736 28.
2387 3680 2466 3756 De
2488 3684 2865 3756 monachisgui
2899 3687 2955 3741 in
2976 3685 3088 3741 solo
3113 3686 3295 3741 habitu
3318 3687 3573 3750 existunt,
3599 3693 3647 3739 et
3674 3697 3765 3736 non

2191 3749 2247 3805 in
2291 3768 2353 3827 ea
2388 3752 2493 3807 vita
2530 3754 2721 3827 vivunt.
2750 3749 3087 3827 Quamquam
3114 3756 3266 3827 plura
3297 3757 3407 3827 sint
3435 3749 3637 3827 genera
3670 3767 3766 3827 n30-

2189 3822 2488 3901 nachorum
2523 3824 2879 3901 observanda,
2903 3822 2961 3901 et
2988 3822 3762 3901 aliaomnimodis'refutanda,

2190 3898 2382 3964 tamen
2423 3893 2490 3947 de
2534 3893 2619 3948 his
2654 3896 2746 3964 qui
2776 3895 2832 3950 in
2876 3896 2990 3951 solo
3023 3896 3207 3951 habitu
3240 3898 3504 3959 existunt,
3535 3893 3765 3963 diligenti

2191 3975 2319 4047 cura
2351 3962 2509 4047 debet
2539 3962 2909 4047 unusquisque
2935 3966 3311 4047 episcoporum
3343 3968 3396 4020 in
3439 3962 3765 4047 sua_diocese

2192 4031 2487 4107 decertare,
2535 4043 2602 4107 _ut
2652 4031 2746 4107 qui
2796 4031 3150 4107 religidsitate
3200 4044 3471 4107 conantur
3527 4034 3762 4107 illudere.

2190 4100 2317 4156 boni
2346 4104 2578 4174 pastoris
2609 4100 2786 4160 studio
2817 4100 3145 4171 coa'rtentur,
3180 4115 3241 4161 ut
3282 4115 3376 4161 aut
3407 4106 3477 4160 ad
3500 4104 3763 4174 proprium

2192 4185 2299 4241 quo
2344 4170 2632 4227 defuerunt
2680 4184 3027 4230 revertantur
3069 4170 3479 4239 monasterium,
3504 4170 3621 4227 'aut
3656 4186 3765 4243 per:

2191 4237 2435 4314 spectum
2461 4259 2758 4314 congruum
2790 4246 2843 4299 in
2870 4246 3014 4301 aliud
3049 4247 3354 4302 mittantur.
3385 4237 3579 4314 Ut'qui
3615 4237 3765 4314 semel

2191 4324 2249 4366 se
2282 4311 2392 4366 Deo
2422 4311 2684 4369 voverunt
2709 4323 2765 4369 et
2809 4316 3052 4371 habitum
3100 4318 3491 4372 monachorum
3504 4311 3765 4369 'ostende-

2192 4390 2338 4445 runt,
2368 4383 2671 4452 regularem
2702 4392 2921 4440 teneant
2944 4387 3132 4452 vitam,
3177 4396 3236 4441 ut
3263 4389 3317 4440 in
3349 4401 3458 4440 uno
3484 4385 3689 4439 scilicet
3713 4386 3766 4432 ut

710 4467 1134 4545 De_mon_asterio
1160 4472 1237 4528 vel
1263 4476 1492 4545 oratorio
1516 4473 1655 4545 quod
1678 4490 1711 4526 a
1746 4473 1957 4545 proprio
1994 4472 2091 4526 do-

2201 4452 2794 4545 EE?.‘.‘3'1‘.L“°1’E“§‘9"9
2828 4455 3218 4545 εξεε..τεεεςιοτίο
3255 4457 3592 4545 donec?
3608 4462 3767 4545 .3192?

513 4538 680 4610 minio
713 4538 813 4594 soli
849 4523 1769 4610 aediﬁcata"?'eii."'n'dﬁa§énamr
1785 4523 1889 4596 vel
1910 4523 2094 4599 forato-

2201 4523 2511 4610 eristentes,
2545 4533 2600 4578 et
2630 4523 2699 4606 ad
2743 4525 3146 4607 similitudinem
3196 4527 3567 4610 apostolorum
3601 4523 3767 4610 ρξυυὲξ

514 4607 656 4662 rium
687 4607 1357 4678 canoniceitomtructum,
1380 4630 1412 4668 a
1441 4614 1684 4668 dominio
1707 4614 2097 4669 constructoris

513 4678 685 4754 invito
706 4694 823 4754 _non
850 4681 1141 4746 auferatur,
1183 4683 1449 4754 liceatque
1478 4684 1553 4739 illi
1585 4684 1638 4738 id
1666 4683 1966 4754 presbitero
2005 4683 2092 4738 cui

509 4748 745 4820 voluerit
774 4765 874 4820 pro
918 4768 1075 4808 sacro
1101 4754 1275 4809 otlicio
1325 4748 1466 4808 illius
1499 4748 1776 4809 dioceseos
1819 4762 1874 4807 et
1919 4753 2092 4810 bonae

512 4819 856 4891 auctoritatis
889 4823 1226 4880 dimissoriae
1272 4840 1394 4879 cum
1428 4838 1696 4879 consensu
1741 4823 1977 4891 episcopi
2022 4839 2089 4878 ne

507 4888 685 4946 malus
716 4893 912 4947 existat
935 4899 1329 4959 commendare,
1364 4896 1437 4949 ita
1462 4903 1523 4948 ut
1547 4896 1613 4948 ad
1641 4888 1835 4962 placita
1864 4888 2089 4949 et'iuxta

508 4962 868 5085 reverentiam
892 4963 1063 5035 ipsius
1085 4966 1322 5035 episcopi
1349 4965 1699 5020 oboedienter
1729 4964 1984 5020 sacerdos
2005 4979 2090 5019 re-

508 5044 671 5084 curra
702 5070 716 5085 .
778 5044 779 5047 ‘

508 5044 716 5085 currat.
778 5044 779 5047 “

585 5118 685 5195 ᾷὲ.-
713 5119 791 5174 De
813 5122 1084 5195 inuasione
1105 5124 1255 5194 quasi
1282 5140 1375 5194 pro
1399 5133 1545 5195 parte
1566 5122 1811 5177 ecclesiae
1842 5121 2087 5195 facta._Si

511 5189 777 5263 quispiam
810 5193 1027 5263 invasor
1045 5189 1424 5263 comprobatus
1450 5195 1592 5249 dicat
1613 5209 1711 5263 pro
1745 5189 1896 5261 parte
1917 5193 2089 5248 eccle-

513 5257 726 5313 siae‘se
745 5262 925 5334 egisse
950 5265 1015 5319 de
1043 5257 1252 5334 privata
1287 5265 1388 5320 sibi
1429 5280 1487 5319 re
1509 5257 1833 5333 pertinente,
1862 5264 1929 5334 ab
1971 5264 2087 5333 ipso

511 5344 717 5402 suoque
744 5332 940 5388 herede
970 5332 1210 5389 solvatur
1235 5336 1458 5391 invasio.
1489 5332 1753 5389 Sacerdos
1780 5332 2009 5402 denique
2032 5333 2085 5388 in

510 5398 604 5452 tali
631 5398 785 5475 culpa
814 5417 1016 5473 pauper
1039 5406 1309 5469 inventus,
1344 5421 1374 5460 a
1402 5406 1621 5475 proprio
1662 5398 2088 5475 canonice—iudi-

512 5478 665 5522 cetur
688 5472 963 5553 episcopo,
990 5486 1051 5530 ut
1075 5491 1184 5531 non
1227 5472 1457 5531 aeclesia
1484 5472 1589 5532 sibi
1611 5474 1898 5531 commissa
1938 5474 2086 5529 dam-

513 5553 641 5593 num
668 5549 951 5600 sustineat.

2194 4595 2684 4671 peragentes,_qui_a
2725 4588 3265 4671 nequisquamquod
3313 4596 3551 4671 habebat
3580 4588 3768 4671 aliquid

2193 4676 2351 4716 suum
2382 4677 2501 4718 esse
2524 4664 2756 4730 dicebat,
2786 4664 2879 4721 sed
2913 4674 3069 4721 erant
3099 4664 3205 4722 illis
3229 4667 3411 4722 omnia
3448 4664 3764 4720 communia.

2262 4750 2351 4826 29⁸
2380 4750 2457 4805 De
2483 4752 2692 4822 feminis
2712 4754 2805 4809 sub
2833 4753 3073 4826 religioso
3100 4756 3280 4811 habitu
3301 4754 3660 4826 existattibus.
3684 4748 3770 4802 ch

2194 4822 2373 4898 minae
2416 4837 2543 4877 vero
2579 4838 2717 4891 quae
2745 4822 2994 4898 ‘babitn'm
3044 4827 3353 4898 religiosum
3397 4835 3492 4880 aut
3540 4824 3769 4898 velamen

2194 4891 2295 4947 sub
2321 4893 2668 4966 obtemptum
2684 4894 3048 4966 religiositatis
3075 4891 3396 4966 suscipiunt,
3437 4910 3564 4949 cum
3604 4893 3771 4966 essent

2193 4977 2321 5016 νθνο
2348 4970 2614 5035 Ροῑλεηῑβε,
2639 4963 2889 5035 deinceps
2929 4967 3074 5023 viros
3096 4963 3289 5023 sociari
3325 4982 3432 5021 non
3472 4963 3772 5034 permittan-

2194 5039 2331 5107 tur,_
2360 5033 2453 5107 sed
2494 5033 2751 5107 eligentes
2790 5033 3177 5092 monasterium
3219 5033 3540 5107 regulariter
3581 5034 3768 5089 vivant,

2193 5112 2287 5178 a_ut
2319 5103 2373 5156 in
2397 5103 2644 5161 domibus
2671 5115 2977 5178 susceptum
3003 5108 3244 5165 habitum
3282 5103 3429 5162 caste
3455 5106 3769 5178 ,observeut:

2193 5172 2391 5297 Contr;
2427 5182 2607 5296 antem
2645 5172 2841 5245 turpes
2856 5177 3122 5244 inventae,
3166 5177 3504 5248 providentia
3548 5172 3770 5243 episcopi

2193 5257 2348 5297 emen
2387 5259 2455 5297 cn
2481 5260 2564 5297 ur.

2192 5253 2564 5298 emendentur.

2265 5333 2353 5404 50.
2383 5333 2461 5386 De
2489 5336 2705 5404 negotiis
2750 5346 2797 5391 et
2838 5336 3249 5394 laboratiom'bus
3274 5341 3359 5394 die
3386 5338 3652 5393 dominico
3680 5347 3772 5387 non

2194 5403 2468 5483 faciendis.
2497 5403 2887 5483 QOnstat__enim
2915 5426 3104 5483 omnes
3126 5411 3348 5467 omnino
3385 5408 3774 5483 observarent"

2193 5473 2281 5529 die
2315 5474 2587 5530 dominico
2632 5477 2812 5535 nullus
2854 5481 3049 5536 audeat
3103 5483 3446 5551 operationes
3499 5473 3775 5551 mercalio-

2194 5557 2397 5613 nesque
2413 5559 2688 5616 peragere,
2730 5560 2912 5619 preter
2948 5551 3002 5606 in
3027 5548 3248 5609 cibariis
3268 5553 3431 5609 rebus
3450 5564 3550 5621 pro
3577 5548 3771 5604 item.

1745 5653 2131 5711 VARlANTES
2182 5652 2582 5709 LECTIONES.

582 5769 606 5851 l'
631 5772 977 5828 cnormititnr
1002 5792 1048 5827 c.
1127 5777 1145 5806 ¹
1179 5775 1294 5829 XX.
1321 5793 1366 5829 τ.
1443 5772 1464 5806 ⁸
1488 5771 1690 5829 cattsa'l
