3992 6344
553 298 660 356 699

1480 294 1540 348 B.
1581 293 1829 350 CAROLI
1869 293 2082 348 MAGNI
2119 290 2267 347 OPP.
2308 291 2489 347 PARS
2529 292 2566 347 1.
2609 292 2871 391 ΞΕΟἸῚΟ⁸
2888 291 2924 346 1.

3733 300 3836 355 700

625 409 667 463 E
695 409 920 480 reliquis
946 409 1231 480 codicibus
1254 407 1491 476 integros
1515 414 1626 480 tres
1646 405 1811 480 libros
1840 420 1962 480 cum
1990 402 2348 480 additioneil,
2377 403 2463 480 lli,
2492 404 2561 480 _lV
2590 404 2847 480 exhibent
2876 412 3086 459 tantum
3115 405 3505 480 Bellovacensis
3530 417 3705 479 atque
3734 411 3837 466 Va-

552 478 769 557 ticanus
793 473 948 557 alter,
967 478 1293 557 Gotbani_eo
1316 473 1528 557 quoque
1540 476 1773 557 _simi|es,
1799 474 1942 557 quod
1964 473 2616 557 primm'additionisnloco
2630 475 2806 557 {rubra
2849 481 3059 557 tantitpm
3090 477 3327 557 capitum
3357 473 3701 557 exhibent-i9
3731 481 3836 536 line

554 549 679 604 libri
706 550 870 611 tertii,
897 559 1011 602 tum
1035 547 1251 602 omissis
1269 544 1476 601 tantum
1500 547 1664 619 hisce
1684 544 2020 619 rubris_regii
2048 544 2381 619 Parisienses
2402 544 2730 619 {63:4,}656
2756 553 2809 619 et
2850 544 3014 619 “£55,
3054 544 3263 619 seditio
3289 547 3442 603 valde
3478 549 3837 619 imperfectus

552 627 718 688 atque
741 634 983 673 mancus.
1004 618 1191 672 Libros
1224 626 1335 688 tres
1356 632 1480 688 cum
1505 614 1994 688 additioneprima,
2022 616 2275 688 secunda,
2315 615 2477 670 tertia
2502 615 2663 688 habet
2692 616 2872 688 regius
2895 614 3068 670 Paris.
3098 616 3270 688 46577;
3301 632 3421 672 cum
3448 614 3685 673 secunda
3721 628 3837 674 tan-

552 685 666 742 tum
707 696 762 742 et
783 697 974 757 quarta
993 688 1281 742 Parisiens.
1307 687 1465 741 4655.
1492 717 1564 727 -—-
1585 685 2622 757 Rivipullensisatque_Caniberonensis
2664 686 3148 757 eishibentgtantum
3175 686 3370 742 librum
3399 690 3631 757 primum
3660 690 3837 744 Bene-

551 758 713 824 dicti;
741 754 1105 828 sangallensis
1127 774 1182 828 n.
1214 756 1334 821 7‘27,
1366 758 1557 811 librum
1584 772 1601 810 ι
1631 766 1685 812 et
1709 754 1764 817 it,
1793 771 1843 809 c.
1887 755 2086 828 l-ltO;
2119 754 2140 807 Β

2241 756 2512 828 mannicns
2536 772 2574 821 ι,
2604 772 2643 809 ιι
2684 754 2870 828 1τ565;
2887 754 3313 828 ροξὼειξῑίηυξίι.
3359 754 3480 813 ιέι
3517 768 3781 828 excerpta
3808 776 3836 815 e

551 843 590 880 ll
620 836 673 884 et
699 843 792 892 ill;
821 824 880 882 S'.
906 827 1113 882 Arnulfi
1138 827 1414 881 Mettensis
1455 836 1705 895 excerpta
1731 833 1943 897 tantum
1962 825 2221 897 librorum
2246 842 2373 880 ι-ιιι.
2401 826 2687 880 Thuaneus
2709 825 2859 897 (olim
2886 824 3104 897 Pithmi)
3128 834 3182 882 et
3201 826 3651 884 Claromontanus
3679 824 3838 885 libris

549 897 725 953 tribus
745 906 1009 962 carentes,
1041 905 1271 967 quatuor
1306 905 1512 951 tantum
1541 897 1842 967 additiones
1862 895 2137 967 exhibent.

620 967 722 1035 Qui
748 967 963 1039 quidem
988 962 1231 1033 Codices,
1265 966 1751 1039 quantumiBaluzii
1778 981 1843 1039 ea
1871 964 2307 1039 annotationibus
2339 962 2533 1039 conjici
2559 974 2755 1036 potest,
2785 981 2892 1020 non
2930 965 3218 1039 admodum
3245 967 3384 1022 inter
3410 982 3469 1023 se
3492 968 3830 1038 discrepant.

548 1036 743 1093 Nostra
769 1035 945 1109 igitur
973 1039 1138 1109 editio
1162 1035 1395 1109 maxime
1434 1037 1683 1092 Codicem
1711 1035 2015 1109 Gothannm
2029 1035 2305 1109 sequitur,
2325 1105 2335 1109 _
2357 1035 2647 1109 lectionum
2687 1036 3000 1105 priestanlia
3042 1036 3341 1109 Baluziana:
3377 1039 3601 1093 editioni
3630 1035 3691 1092 in
3714 1040 3835 1093 nni-

551 1122 768 1162 versum
792 1104 1184 1177 praeferendum
1208 1126 1223 1173 ;
1252 1106 1403 1176 cujus
1425 1124 1545 1177 qua:
1566 1122 1673 1161 non
1699 1104 2473 1178 erantgrecipiendgelectiones
2495 1104 2781 1178 diligenter
2814 1108 3188 1178 annotavimus
3211 1108 3265 1161 in
3294 1108 3555 1177 margine,
3581 1109 3828 1178 apposita

548 1178 709 1233 etiam
731 1175 939 1247 potiore
958 1179 1235 1234 Baluziani
1260 1175 1733 1241 textus—varietate,
1756 1186 1810 1231 et
1833 1176 1878 1247 si
1906 1190 2041 1247 quas
2064 1175 2341 1230 addiderat
2362 1175 2610 1232 Ba'luzius
2633 1176 2861 1247 aliorum
2882 1177 3140 1232 Codicum
3170 1175 3434 1233 lectiones
3448 1180 3586 1233 scitu
3613 1175 3825 1247 dignas.

526 1280 531 1289 ο
558 1316 589 1321 _
618 1246 869 1321 codicem
899 1250 1104 1321 regium
1124 1249 1508 1321 Parisiensem
1545 1264 1600 1321 n.
1628 1247 1788 1321 476i,
1814 1246 1941 1301 olim
1974 1246 2375 1321 Divionensem,
2395 1247 2659 1321 _capitula
2683 1246 2992 1321 _Bened_icto
3038 1247 3287 1321 decerpta
3326 1257 3381 1303 et
3413 1264 3443 1302 a
3465 1246 3717 1321 Balatro
3740 1265 3831 1318 pro

548 1316 945 1390 Capitularibus
962 1316 1159 1374 'Caroli
1202 1320 1376 1390 Magni
1401 1318 1759 1390 incertimanni
1790 1317 2023 1390 secundo
2045 1316 2283 1390 ettertio
2324 1317 2526 1381 habita,
2569 1318 2829 1390 praebere,
2870 1316 2985 1390 jam
3009 1318 3347 1390 monuimus;
3381 1319 3571 1390 eadem
3607 1316 3831 1374 fere'ra-

547 1386 695 1444 tione
718 1388 848 1444 Cod.
875 1390 1052 1459 regius
1076 1386 1396 1445 Parisiensis
1419 1392 1478 1443 ii.
1506 1388 1661 1455 1455,
1686 1389 1937 1459 membr.,
1961 1387 2024 1459 in
2054 1386 2170 1459 fol._,
2197 1402 2303 1459 saec
2337 1403 2431 1459 iis,
2463 1403 2529 1442 ex
2574 1387 2899 1459 bibliotheca
2959 1386 3143 1459 Jacobi
3208 1387 3415 1459 Tavelli
3478 1388 3829 1454 Senonensis,

544 1467 734 1529 postea
756 1455 1098 1515 Colbertinus
1118 1461 1277 1525 5568,
1301 1461 1480 1531 regius
1499 1459 1655 1520 5887,
1690 1459 1736 1521 l,
1766 1458 1815 1521 l,
1839 1457 1927 1521 A.,
1958 1458 2011 1510 in
2039 1472 2140 1579 pag

544 1527 623 1579 De
643 1530 937 1579 m'esbiteris
959 1531 1249 1579 criminaris
1274 1530 1531 1579 nuomodo
1561 1538 1865 1579 numeratur.
1891 1527 2020 1579 Car).
2053 1525 2101 1579 Χ

2256 1455 2436 1511 Codici
2462 1457 2748 1527 praeposita
2773 1466 2933 1526 caput
2959 1458 3081 1513 libri
3112 1474 3151 1521 ι,
3181 1457 3269 1523 55,
3294 1458 3382 1523 56,
3412 1459 3486 1512 ita
3510 1460 3786 1528 signatum
3804 1480 3825 1513 τ

2241 1527 2411 1579 habet.
2447 1544 2479 1579 a
2514 1528 2732 1579 Baluzio
2767 1528 2949 1579 itidem
2971 1544 3069 1579 nro
3104 1528 3360 1579 singulari
3389 1527 3689 1579 Canitnlari
3720 1545 3825 1579 per.

544 1525 623 1581 De
641 1530 937 1612 presbiteris
959 1531 1253 1612 criminati:
1274 1525 1531 1612 quomodo
1548 1538 1865 1612 .puigeutitr.
1891 1527 2020 1610 (lup.

2162 1523 2411 1598 Yhabet,
2447 1523 2481 1582 εἰ
2514 1523 2732 1583 Baluzio
2767 1523 2949 1583 itidem
2971 1544 3069 1597 pro
3104 1528 3360 1597 singulari
3389 1523 3689 1598 Capitulari
3720 1545 3829 1598 per-

543 1596 732 1666 peram
760 1600 1033 1671 babitum;
1065 1610 1117 1654 et
1140 1602 1192 1654 in
1215 1596 1409 1655 Codice
1447 1596 1598 1671 regio
1623 1596 1919 1671 Parisiensi
1941 1596 1995 1650 n.
2036 1596 2176 1671 i376
2218 1597 2270 1651 in
2318 1598 2424 1653 line
2464 1598 2798 1671 collectionis
2821 1596 3101 1671 can_onum_
3125 1596 3224 1671 sub
3247 1599 3403 1653 titulo
3432 1596 3830 1671 {Extant—ﬁlio

538 1683 723 1739 regum
752 1669 934 1723 Karoli
955 1670 1202 1726 Ludovici
1237 1671 1473 1725 Lotharii
1512 1666 1596 1724 cui
1623 1669 1855 1735 interfuit
1878 1666 2195 1733 Bonefacius
2237 1685 2449 1723 romane
2493 1669 2630 1724 sedis
2656 1666 2877 1739 legatus,
2905 1668 3181 1723 Benedicti
3208 1668 3331 1734 Lit,
3374 1678 3538 1739 caput
3579 1670 3709 1733 291,
3760 1670 3829 1724 in-

542 1738 731 1794 venire
758 1740 905 1795 licet.

1223 1968 1515 2032 lNCIPlT
1558 1926 2067 2045 SEQUENTIUM
2110 1964 2674 2029 CAPITULORUM
2720 1965 3171 2027 PRJEFATIO.

609 2152 686 2207 De
727 2152 1186 2224 conglutinatione
1231 2157 1457 2211 istorum
1491 2162 1549 2211 et
1589 2154 2077 2211 communicatione
2112 2154 2127 2186 ³

2241 2152 2760 2224 εθουηᾶιιηιξῡοωιηί
2782 2152 2985 2209 scilicet
2998 2153 3347 2218 voluntatem,
3372 2155 3514 2210 sicut
3534 2164 3591 2210 et
3616 2156 3690 2210 illi
3701 2158 3829 2214 fece~

538 2232 743 2295 septem
765 2224 1047 2291 librorum,
1070 2226 1430 2295 capitulorum
1448 2226 1697 2281 videlicet
1712 2225 2125 2290 dominicornm,

536 2294 891 2366 qualiterque,
933 2294 1153 2365 quibus,
1177 2303 1232 2351 et
1252 2313 1281 2352 a
1304 2298 1499 2366 quibus
1524 2297 1755 2361 collecti,
1797 2296 2029 2351 ordinati
2055 2303 2133 2349 at-

537 2378 643 2436 que
680 2365 979 2435 conscripti
1021 2380 1141 2421 esse
1184 2365 1591 2434 monstrantur,
1640 2381 1872 2436 sequens
1931 2367 2132 2421 indicat

536 2433 697 2490 lectio
736 2444 791 2491 et
829 2433 920 2506 qui
958 2437 1121 2491 etiam
1153 2437 1271 2493 istis
1299 2433 1610 2507 panduntur
1631 2433 1933 2493 versiculis.

537 2524 805 2598 Quattuor
827 2540 852 2569 ει
877 2528 1166 2598 explicitis,
1197 2529 1370 2584 lector
1393 2528 1716 2595 venerande,
1745 2529 1962 2594 libellis,

608 2597 712 2664 Qui
743 2597 1009 2652 canonum
1040 2600 1273 2654 recitant
1297 2600 1414 2654 iura
1436 2603 1668 2655 tenenda
1693 2602 1846 2665 satis,

538 2663 802 2741 Quosque
817 2676 971 2741 pater
998 2670 1269 2738 quondam
1297 2670 1511 2740 collegit
1537 2670 1733 2741 nobilis
1760 2663 1881 2741 apte

607 2735 905 2807 Ansegisus
928 2738 947 2767 ⁸
974 2735 1162 2803 ovans,
1197 2741 1389 2795 ductus
1410 2735 1593 2795 ainore
1622 2740 1736 2805 Dei,

537 2805 800 2882 Autcario
822 2806 1058 2875 demum,
1087 2823 1247 2882 quem
1272 2819 1399 2865 tunc
1426 2811 1694 2882 Mogontia
1724 2827 1993 2866 summum

609 2875 927 2951 Pontificem
958 2875 1150 2943 tenuit,
1178 2875 1548 2951 praecipiente
1583 2881 1694 2951 pio,

536 2944 665 3020 Post
680 2948 1014 3020 Benedictus
1037 2964 1136 3020 ego
1163 2944 1536 3007 ternos-levita
1567 2944 1781 3008 libellos

608 3017 839 3083 Adnexi,
871 3019 1005 3093 legis
1035 3017 1157 3089 quis
1181 3022 1443 3077 recitatur
1467 3039 1637 3093 opus;

539 3087 687 3164 Qn_o_s
709 3096 856 3164 patet
875 3087 1142 3164 inventos,
1173 3093 1436 3161 praefatio
1460 3087 1647 3164 pandit
1668 3101 1727 3147 ut
1751 3093 1884 3163 ipsa,

610 3159 917 3242 Distinctim
938 3161 1117 3242 titulis
1142 3159 1543 3242 subpositisque
1569 3165 1701 3242 suis.

537 3228 649 3303 llos
679 3230 844 3299 igitur
876 3232 1122 3302 relegens
1155 3228 1350 3303 devﬁoto
1384 3228 1602 3303 pectore
1624 3235 1818 3301 biblos,

608 3299 899 3375 Gratanter
935 3299 1152 3358 studeas
1185 3299 1431 3369 fundere,
1458 3320 1641 3374 posco,
1677 3299 1885 3375 preces,

537 3369 803 3439 Quatinus
818 3380 1040 3427 aeterno
1064 3376 1330 3429 donentur
1357 3369 1581 3431 munere
1604 3369 1777 3441 caelo,

608 3441 756 3496 Haec
781 3442 872 3511 pia
900 3451 1198 3499 sanxerunt
1235 3446 1328 3514 qui
1350 3461 1563 3515 quoque
1587 3447 1702 3501 iura
1729 3448 1836 3517 pie.
1906 3462 1915 3470 '

607 3551 999 3628 Praecedentes
1040 3563 1273 3628 quatuor
1313 3556 1480 3611 libelli
1526 3558 1781 3612 nonnulla
1812 3558 2137 3628 gloriosissi-

539 3638 753 3677 morum
780 3623 961 3698 liaroli
990 3623 1153 3695 atque
1194 3626 1495 3681 Hludowici
1527 3623 1915 3698 imperatorum
1962 3630 2138 3684 conti-

538 3701 669 3770 nent
697 3693 946 3770 capitula,
981 3693 1119 3764 quae
1155 3711 1342 3770 eorum
1372 3693 1618 3770 tempore
1658 3702 1726 3755 ab
1752 3699 2019 3770 Ansegiso
2045 3700 2139 3755 ab-

539 3764 663 3844 bate
689 3771 816 3844 sunt
843 3765 1068 3844 collecta
1099 3775 1261 3836 atque
1303 3768 1359 3844 in
1393 3764 1684 3844 pra—edictis
1704 3764 2137 3844 coacta‘lihellis,

538 3835 679 3890 sicut
703 3834 759 3888 in
783 3838 1079 3910 eorundem
1112 3834 1744 3907 prooemio—continetur.
1778 3840 1887 3897 Sed
1910 3840 2037 3910 quia
2071 3834 2140 3897 ab

537 3920 603 3959 eo
652 3920 752 3960 nec
792 3907 992 3977 media,
1038 3917 1098 3962 ut
1146 3910 1250 3963 rati
1306 3925 1490 3965 sumus
1517 3912 1557 3977 ³,
1604 3921 1729 3967 sunt
1788 3907 2015 3967 forsitan
2060 3911 2141 3965 in-

539 3984 696 4030 venta
723 3976 805 4059 vel
830 3977 1075 4059 collecta,
1116 3995 1350 4059 necesse
1378 3990 1514 4043 erat,
1543 3992 1602 4037 ut
1643 3999 1673 4037 a
1724 3982 1975 4059 ﬁdelibus
2000 3982 2141 4037 .ubi-

536 4062 752 4128 cunque
778 4050 1010 4128 inveniri
1037 4052 1357 4128 potuissent,
1379 4061 1769 4128 quaererentur
1793 4062 1848 4128 et
1869 4056 1939 4109 ob
1962 4067 2143 4128 recor-

540 4118 1112 4193 dationemtantorum
1145 4118 1448 4191 principum
1479 4124 1561 4178 vel
1589 4125 1899 4179 eorumdem
1928 4123 2140 4193 capitu-

538 4187 716 4242 lorum
747 4189 1035 4245 utilitatem
1058 4187 1496 4249 coadunarentur
1536 4204 1599 4247 et
1632 4195 1961 4250 membranis
1993 4187 2142 4249 inse-

541 4267 794 4330 rerentur
825 4268 989 4330 atque
1011 4276 1041 4315 a
1068 4260 1316 4319 fidelibus
1358 4265 1651 4321 memoriae
1690 4266 2140 4320 commendaren-

540 4328 1021 4404 tur._Quapropter
1045 4348 1128 4398 ea,
1163 4348 1302 4403 quae
1331 4334 1423 4389 ille
1463 4343 1555 4389 aut
1597 4335 1839 4390 invenire
1877 4334 2137 4404 nequivit,

540 4398 1157 4487 au‘t‘iqscrere‘fortass'e
1180 4398 1380 4487 'noluiIt,
1409 4414 1467 4487 et
1501 4405 1589 4458 illa
1595 4420 1754 4487 'quae
1789 4398 2139 4487 postnioduni

543 4484 574 4523 a
600 4468 845 4545 fidelibus
864 4481 1095 4545 sanctae
1112 4474 1205 4528 Dei
1230 4468 1490 4531 ecclesiae
1517 4484 1572 4530 et
1594 4468 1813 4545 Pippini
1849 4492 1913 4530 ac
1959 4473 2141 4529 Karoli

542 4548 707 4609 atque
741 4540 1042 4599 Hludowici
1069 4544 1354 4600 didicimus
1381 4548 1435 4601 in
1464 4540 1733 4601 iamdic'ti's
1761 4546 1954 4600 libellis
1984 4545 2143 4598 mini-

544 4625 632 4665 me
654 4613 1023 4686 es_se_inse_rta,
1052 4629 1152 4684 pro
1178 4616 1271 4671 Dei
1302 4617 1689 4686 omnipotentis
1731 4631 1916 4671 amore
1936 4623 1992 4670 et
2014 4630 2144 4670 san—

543 4690 665 4757 ctae
699 4683 1168 4757 Dci‘ecclesiaeac
1193 4683 1471 4741 servorum
1498 4688 1616 4742 eius
1660 4694 1823 4757 atque
1851 4687 2018 4741 totius
2044 4703 2141 4755 po-

543 4753 651 4827 puli
698 4753 933 4827 utilitate
982 4754 1214 4827 ﬁdeliter
1275 4757 1599 4827 investigare
1649 4753 1958 4813 curavimus
1995 4753 2060 4811 et
2088 4757 2143 4810 in

545 4823 720 4895 tribus
782 4826 1235 4895 subsequentibus
1273 4823 1759 4884 libellis'distincte
1801 4844 1925 4884 cum
1968 4827 2142 4883 titulis

546 4894 657 4970 suis
693 4883 1032 4970 _coadun_are_,
1086 4912 1150 4970 ac
1195 4897 1509 4970 Hludovvico
1551 4883 1936 4970 Hlotharioque
1980 4907 2141 4969 atque
2171 4883 2216 4945 ο

546 4963 1136 5037 Κᾳνοιοίηοὺίιίεείωἱε
1166 4968 1402 5037 regibus,
1442 4969 1566 5033 ﬁliis
1596 4970 1804 5026 scilicet
1844 4963 2146 5027 Hludovvici
2180 4998 2189 5009 -

545 5035 776 5108 piissimi
804 5036 1160 5108 imperatoris,
1207 5035 1451 5095 habenda
1474 5050 1528 5094 et
1552 5043 1792 5097 omnium
1818 5042 2148 5097 christiano-

547 5121 668 5178 ruin
699 5106 945 5162 fidelibus
971 5108 1228 5164 tradenda
1269 5110 1507 5166 scribere
1551 5128 1656 5167 non
1700 5113 2035 5178 distulimus;
2090 5120 2151 5166 ut

548 5176 770 5244 scirent,
790 5178 1019 5248 qualiter
1042 5179 1188 5235 iuxta
1212 5197 1457 5237 normam
1479 5183 1564 5237 avi
1600 5185 1785 5243 proavi
1804 5200 1868 5238 ac
1888 5176 2149 5255 genitoris

2235 2233 2383 2297 runt,
2398 2226 2604 2282 clerum
2615 2232 2670 2279 et
2687 2225 2942 2294 populum
2957 2225 3056 2279 sibi
3070 2225 3419 2297 commissum
3433 2225 3668 2281 Domino
3687 2243 3825 2297 opem

2230 2295 2439 2352 ferente
2472 2294 3220 2368 regeremererentur._ila_ec
3249 2310 3378 2349 vero
3396 2296 3672 2368 capitula,
3701 2294 3825 2368 quae

2234 2367 2286 2421 in
2334 2364 2787 2437 subsequentibus
2827 2367 3000 2437 tribus
3040 2364 3585 2437 libellisrcoadunare
3628 2364 3827 2423 studui-

2234 2454 2374 2504 mus,
2407 2439 2460 2492 in
2490 2435 2716 2492 diversis
2742 2436 2875 2491 locis
2898 2445 2952 2489 et
2991 2436 3044 2490 in
3069 2435 3298 2490 diversis
3323 2437 3575 2499 scedulis,
3615 2439 3752 2494 sicut
3773 2440 3823 2493 in

2235 2508 2463 2591 diversis
2484 2508 2703 2591 synodis
2731 2523 2795 2563 ac
2836 2507 3048 2591 placitis
3075 2506 3439 2591 generalibus
3483 2507 3628 2591 edita
3653 2519 3822 2591 erapt,

2234 2580 2466 2647 sparsim
2510 2577 2834 2643 invenimus,
2866 2585 2921 2632 et
2947 2577 3181 2632 maxime
3207 2577 3259 2629 in
3291 2585 3508 2632 sanctae
3534 2578 3826 2647 Mogontia-

2236 2650 2416 2704 censis
2443 2648 2756 2718 metropolis
2778 2648 3036 2703 ecclesiae
3064 2648 3265 2701 scrinio
3296 2664 3327 2702 a
3354 2647 3552 2703 Riculfo
3581 2649 3827 2705 eiusdem

2237 2728 2455 2775 sanctae
2482 2720 2625 2775 sedis
2662 2719 3073 2787 metropolitano
3096 2719 3390 2780 recondita,
3414 2727 3461 2771 et
3495 2719 3702 2773 demum
3751 2722 3825 2771 ab

2236 2788 2499 2860 Autgario
2521 2791 2755 2845 secundo
2774 2790 2892 2844 eius
2917 2805 3228 2860 successore
3250 2798 3413 2857 atque.
3431 2792 3819 2860 consanguineo

2238 2859 2454 2915 inventa
2504 2862 2859 2929 repperimus,
2905 2875 3041 2928 quae
3093 2859 3147 2912 in
3195 2859 3296 2913 hoc
3338 2859 3592 2927 opusculo
3642 2872 3829 2913 tenore

2237 2932 2606 3001 suprascripto
2642 2932 2884 2986 inserere
2913 2929 3217 3001 maluimus.
3256 2929 3536 3001 Monemus
3573 2945 3700 3001 ergo
3722 2930 3826 2983 lec-

2238 2999 2404 3067 tores,
2440 2999 2595 3057 utisi
2644 3002 2829 3056 eadem
2874 3000 3106 3069 capitula
3145 2999 3412 3068 duplicata
3440 3000 3527 3054 vel
3573 3000 3828 3068 triplicata

2240 3072 2592 3141 reppererint,
2649 3087 2756 3126 non
2801 3071 2903 3126 hoc
2938 3079 3156 3125 nostrae
3202 3070 3521 3141 imperitiae
3558 3080 3827 3139 reputent,

2240 3140 2385 3211 quia,
2414 3151 2474 3197 ut
2511 3142 2763 3207 diximus,
2794 3142 3020 3197 diversis
3050 3156 3111 3195 ea
3156 3141 3210 3194 in
3238 3141 3471 3195 scelulis
3514 3140 3826 3201 invenimus

2240 3210 2295 3267 et
2334 3215 2405 3267 ob
2443 3213 2495 3267 id
2533 3221 2642 3266 tam
2681 3213 2788 3267 cito
2826 3213 2959 3267 haec
2995 3211 3284 3265 emendare
3335 3210 3700 3279 nequivimus,

2241 3284 2454 3339 cunctis
2474 3283 2734 3337 scientiae
2760 3282 2975 3351 repletis
3021 3279 3483 3351 lectoribushaec
3523 3282 3825 3351 corrigenda

2241 3353 2566 3409 dimisimus.
2590 3349 2894 3406 invenimus
2918 3352 3135 3420 insuper
3172 3349 3433 3419 quaedam
3472 3366 3544 3405 ex
3584 3349 3829 3421 his‘paria

2242 3423 2395 3478 initia
2423 3423 2675 3481 habentia
2697 3432 2752 3477 et
2788 3423 3028 3491 inparem
3059 3421 3248 3481 tinem;
3297 3422 3567 3489 quaedam
3596 3438 3725 3477 vero
3745 3439 3825 3491 pa—

2172 3511 2218 3570 B
2244 3509 2332 3570 res
2359 3494 2511 3557 lines,
2552 3493 2647 3570 sed
2683 3508 2788 3570 non
2820 3493 2971 3570 paria
3009 3491 3190 3570 initia;
3226 3491 3278 3545 in
3306 3492 3507 3559 quibus
3530 3494 3828 3570 lain__autet_u

2247 3563 2427 3618 minus
2472 3572 2527 3618 et
2564 3564 2619 3617 in
2646 3560 2966 3631 quibusdam
3012 3560 3168 3631 plus:
3201 3570 3255 3614 et
3291 3571 3585 3631 propterea
3634 3563 3723 3616 illa
3767 3565 3827 3616 sic

2244 3634 2565 3697 dimisimus,
2595 3630 2737 3697 sicut
2765 3633 3085 3686 invenimus.
3115 3630 3412 3686 Precamur
3438 3633 3609 3686 etiam
3635 3648 3827 3693 omnes,

2243 3714 2302 3757 ut
2331 3705 2375 3758 si
2404 3704 2653 3772 deinceps
2696 3702 2848 3773 plura
2887 3718 2951 3757 ex
2998 3702 3082 3773 his
3109 3702 3432 3773 invenerint,
3462 3718 3607 3772 quae
3645 3718 3832 3758 memo-

2244 3781 2391 3829 ratus
2414 3772 2711 3842 Ansegisus
2740 3789 2845 3827 non
2872 3772 3117 3836 inseruit,
3152 3787 3252 3825 nec
3280 3772 3378 3827 nes
3407 3773 3692 3841 potuimus
3716 3774 3831 3827 hac-

2244 3853 2404 3901 tenus
2439 3844 2700 3908 invenire,
2731 3853 2790 3898 ut
2826 3858 2889 3897 ea
2934 3842 3038 3897 illis
3081 3843 3364 3913 inquarto
3408 3853 3505 3897 aut
3541 3846 3734 3913 quinto
3780 3844 3833 3895 li-

2243 3915 2383 3970 bello
2418 3916 2666 3970 distincta
2711 3914 2949 3968 inserere
2972 3929 3077 3966 non
3105 3912 3319 3981 pigeat;
3354 3912 3620 3981 quatinus
3655 3916 3753 3984 ipsi
3777 3931 3831 3967 ex

2242 3986 2348 4041 hoc
2371 3987 2600 4056 gratiam
2622 3985 2715 4040 Dei
2743 3985 2991 4048 habeant,
3016 3991 3072 4039 et
3094 3984 3270 4056 clerus
3305 3998 3367 4038 ac
3392 3985 3628 4056 populus
3665 4000 3835 4040 eorum

2244 4053 2570 4111 utilitatibus
2615 4072 2721 4111 non
2766 4062 2967 4119 careat,
3015 4053 3268 4123 quoniam
3322 4053 3477 4108 valde
3530 4066 3661 4109 sunt
3702 4056 3835 4108 utilia

2243 4126 2375 4181 haec
2413 4127 2663 4196 capitula,
2696 4133 2749 4180 et
2778 4125 2917 4179 scire
2956 4124 3257 4179 volentibus
3298 4124 3497 4193 oppido
3539 4125 3836 4195 profutura,

2243 4212 2382 4265 quae
2402 4212 2500 4266 pro
2525 4198 2640 4266 lege
2667 4205 2773 4249 tam
2805 4196 3170 4266 ecclesiastica
3196 4210 3359 4266 quam
3383 4196 3708 4266 etseculari
3740 4197 3840 4249 iure

2244 4262 2557 4323 firmissimo
2580 4262 2711 4322 sunt
2742 4262 2991 4321 tenenda.
3024 4262 3405 4335 Primo’igitur
3440 4265 3495 4318 in
3522 4265 3647 4321 loco
3670 4267 3844 4335 posui-

2244 4354 2363 4393 mus
2402 4337 2685 4393 nonnullos
2731 4336 3026 4390 versiculos
3077 4336 3132 4389 in
3179 4336 3391 4389 laudem
3438 4338 3843 4405 praedictorum

2242 4409 2546 4479 principum
2576 4406 3165 4479 metricecuinpositos.
3195 4406 3397 4479 Deinde
3431 4417 3847 4479 sequunturca-

2242 4477 2459 4548 pitula'h
2475 4479 2632 4548 primi
2658 4478 2842 4543 libelli,
2861 4478 3118 4532 subiectis
3141 4477 3379 4530 numeris
3399 4478 3538 4548 suis,
3560 4486 3625 4531 ut
3643 4478 3847 4533 facilius

2245 4547 2488 4603 inveniri,
2506 4550 2677 4618 possit
2699 4548 2963 4603 sententia
2986 4564 3123 4617 quae
3159 4548 3457 4617 quaeritur.
3490 4547 3588 4603 His
3615 4550 3697 4603 ita
3736 4564 3849 4617 per-

2245 4620 2381 4675 actis
2402 4628 2488 4674 est
2514 4621 2567 4674 in
2594 4619 2771 4674 fronte
2792 4619 2951 4688 primi
2980 4618 3143 4673 libelli
3165 4619 3338 4687 posita
3359 4618 3667 4673 Zachariae
3687 4632 3849 4688 papae

2244 4690 2473 4759 cpistola
2515 4692 2765 4745 omnibus
2817 4690 3084 4758 episcopis
3118 4704 3191 4759 ac
3231 4688 3454 4758 reliquis
3491 4688 3851 4744 ecclesiastici

2244 4758 2449 4815 ordinis
2486 4760 2740 4830 gradibus
2775 4767 2828 4813 et
2852 4762 3064 4814 cunctis
3099 4758 3326 4814 ducibus
3355 4767 3520 4830 atque
3557 4760 3852 4814 comitibus

2246 4828 2604 4899 omnibusque
2642 4829 2811 4884 Deum
2840 4830 3154 4884 timentibus
3198 4843 3297 4897 per
3349 4828 3553 4884 Gallias
3586 4840 3652 4883 et
3692 4831 3852 4884 Fran—

2247 4917 2435 4956 corum
2472 4901 2776 4971 provincias
2803 4901 3112 4955 constitutis
3125 4900 3355 4971 directa,
3373 4900 3517 4971 sicut
3545 4899 3601 4953 in
3633 4916 3708 4955 ea
3734 4913 3853 4955 con-

2248 4969 2489 5027 tinetur.‘
2520 4971 2691 5038 Quam
2735 4978 2994 5024 secuntur
3037 4972 3141 5026 duo
3191 4969 3476 5038 synodales
3525 4979 3852 5025 conventus.

2248 5058 2383 5113 quos
2401 5051 2621 5098 sanetae
2642 5042 2916 5095 Romanae
2936 5039 3336 5113 ctapostolicae
3355 5040 3625 5113 ecclesiae
3648 5042 3858 5110 legatus

2248 5111 2575 5179 Bonifacius,
2607 5119 2940 5167 memoratae
2983 5111 3431 5179 Magontiacensis
3466 5111 3751 5166 ecclesiae
3776 5125 3857 5163 ar-

2248 5184 2641 5254 chiepiscopus,
2680 5183 2799 5238 vice
2846 5183 3140 5250 supradicti
3191 5181 3484 5236 Zachariae
3522 5196 3714 5251 papae
3761 5196 3859 5235 una

1808 5277 1888 5331 VA
1900 5276 2196 5331 RIANTES
2233 5277 2636 5334 LECTIONES.

624 5365 641 5395 ί
666 5365 1041 5422 communione
1070 5363 1136 5422 ϐ.
1187 5354 1233 5398 ’⁸
1254 5365 1552 5423 Ansebisus
1579 5366 1722 5422 infra
1742 5366 2058 5435 Ansegisus,
2081 5378 2127 5421 et
2153 5367 2474 5438 Ansighisus
2495 5367 2560 5423 ϐ.
2632 5368 2658 5398 ³
2682 5382 2755 5421 m.
2784 5365 3029 5422 veracius
3057 5364 3123 5419 (ἕ.

2091 5456 2318 5515 NOTAE.

624 5550 937 5638 "Loquitur
951 5551 1039 5638 hic
1052 5540 1244 5638 auctor
1259 5552 1325 5638 de
1346 5558 1577 5638 quatuor
1597 5549 1750 5638 libris
1768 5548 2157 5638 Capituiai'iuin

551 5622 908 5704 abibase'giso
933 5622 1195 5704 collectis,
1223 5636 1253 5675 a
1278 5622 1432 5704 nobis
1456 5636 1618 5690 supra
1645 5621 2149 5704 ipterﬁapitularia

554 5691 865 5748 authentiCa
897 5691 1122 5757 recusis,
1147 5700 1202 5744 et
1231 5692 1425 5760 quibus
1470 5699 1756 5760 sequentes
1797 5691 1916 5746 libri
1948 5699 2061 5746 tres
2100 5691 2153 5745 in

555 5762 882 5820 cditionibus
905 5760 1333 5833 praecedentibus
1358 5762 1801 5833 adjungebantur.
1827 5762 1984 5820 Em.

2340 5550 2368 5589 ι)
2389 5550 2516 5604 Ihcc
2537 5558 2589 5603 et
2608 5555 2945 5618 sequentium
2970 5544 3277 5618 libellorum
3289 5544 3522 5614 capitula
3540 5552 3868 5618 utprorsas

2260 5620 2528 5690 superﬂua
2565 5620 2616 5674 in
2642 5615 2825 5674 nostra
2853 5618 3086 5690 editione
3112 5616 3337 5669 seorsim
3366 5615 3863 5690 nonexbibemns;

2265 5685 2377 5758 ipsa
2404 5705 2531 5743 vero
2551 5690 2604 5742 in
2627 5690 2804 5757 capite
2826 5685 3249 5758 uniuscujusque
3277 5686 3490 5758 numeri
3516 5685 3719 5745 italico
3746 5690 3868 5746 cha-

2261 5756 2467 5815 ractere
2494 5775 2680 5815 recusa
2695 5756 2939 5815 lectores
2966 5756 3105 5813 infra
3133 5757 3422 5826 reperient.
3455 5756 3620 5813 Εοιτ.
