3992 6344
188 287 289 345 701

676 284 829 342 COD.
872 280 1147 340 DIPLOM.
1170 276 1626 339 —BENEDICTI
1664 275 2181 333 CAPITULARIUM
2220 276 2626 336 COLLECTIO.
2666 312 2737 321 —
2764 281 2895 338 LIB.
2938 282 2979 338 I.

3372 282 3476 345 762

180 412 316 457 eum
344 394 710 452 Karlomanno
750 393 1082 466 Francorum
1122 393 1364 466 principe
1409 394 1668 466 canonice
1708 400 1785 466 te-
1811 403 1856 460 Α
1887 394 2011 466 Inde
2041 393 2386 466 Illudowicus
2404 412 2571 466 regno
2608 398 3056 466 successitavito,

182 470 334 533 nuit;
374 475 434 521 ut
472 472 768 535 agnoscant
794 479 984 520 omnes
1004 463 1138 518 haec
1162 464 1557 535 praedictorum
1585 463 1786 535 princi—

219 557 316 594 um
384 534 620 604 capitula
671 536 904 590 maxime
956 535 1247 604 apostolica
1297 534 1617 589 auctoritate
1669 534 1785 589 fore

219 557 316 594 um
384 555 446 593 (Ἢ
489 555 620 590 [ulla
671 555 904 590 IIIIIXIIIIB
956 555 1247 604 aposwuca
1297 555 1617 589 θυειυΐιιθιε
1669 555 1785 589 IUI‘B

178 555 427 666 ﬁrmata.
448 555 579 661 Post
601 607 702 661 ista
722 621 936 675 quoque
951 620 1087 675 quae
1108 614 1381 668 secuntur,
1399 605 1584 661 eadem
1600 616 1786 660 aucto-

180 682 349 736 ritate
372 677 611 733 maxima
648 686 707 731 ut
745 678 978 731 diximus
1002 693 1065 731 ex
1094 685 1244 745 parte
1266 684 1318 730 et
1342 676 1581 730 omnium
1610 676 1782 730 Fran—

176 766 376 808 corum
404 749 686 817 utriusque
705 747 911 802 ordinis
940 748 1179 801 virorum
1218 762 1437 802 assensu
1478 756 1603 801 sunt
1630 748 1787 802 robo-

177 831 324 877 rata.
407 819 657 874 Secundo
722 832 851 872 vero
916 819 972 873 in
1020 817 1200 873 libello
1250 825 1369 886 post
1427 817 1783 886 capitulorum

175 906 478 952 numerum
516 889 688 959 prima
719 888 895 943 fronte
931 888 1107 959 posita
1132 897 1257 943 sunt
1282 889 1542 958 quaedam
1572 903 1638 943 ex
1670 888 1785 956 lege

173 964 367 1017 divina
390 958 643 1028 excerpta
665 958 1098 1028 capitula,'sicut
1142 973 1205 1013 ea
1242 959 1470 1028 sparsim
1504 958 1557 1012 in
1596 974 1783 1015 eorum

173 1034 355 1087 mixta
396 1030 645 1100 capitulis
671 1030 1027 1100 repperimus,
1055 1036 1115 1084 ut
1156 1044 1345 1084 omnes
1382 1030 1513 1084 haec
1550 1029 1783 1099 capitula

173 1102 397 1173 legibus
426 1101 623 1173 divinis
644 1102 972 1173 regulisque
1011 1100 1286 1173 canonicis
1310 1100 1639 1173 concordare
1676 1115 1784 1173 non

172 1170 460 1256 ignorent.
488 1171 693 1256 .fl‘ertio
737 1172 1005 1240 siquidem
1047 1171 1103 1225 in
1144 1171 1324 1256 libello
1366 1177 1489 1240 post
1542 1170 1783 1256 eiusdem

171 1240 355 1298 libelli
382 1241 741 1311 capitulorum
769 1257 1054 1295 numerum
1082 1242 1344 1309 quaedam
1387 1256 1455 1295 ex
1485 1240 1785 1296 canonibus

173 1328 207 1392 ξι
241 1313 497 1392 Paulino.
520 1312 771 1392 episcppo
810 1320 864 1392 et
913 1311 1120 1392 Albino.
1153 1312 1414 1392 magistro
1455 1311 1784 1392 reliquisque

174 1384 428 1439 iussione
457 1380 638 1437 Karoli
666 1381 1008 1436 invictissimi
1043 1380 1301 1451 principis
1339 1382 1608 1451 magistris
1631 1396 1782 1451 spar-

175 1455 285 1523 sim
336 1451 566 1508 collecta
622 1460 747 1507 sunt
794 1453 996 1523 inserta
1049 1452 1314 1523 capitula;
1362 1460 1416 1506 et
1459 1452 1782 1523 quibusdam

175 1523 544 1594 interpositis,
573 1530 872 1593 sequuntur
900 1522 1005 1576 alia
1044 1522 1261 1593 regulae
1297 1522 1630 1578 monasticae
1655 1538 1787 1594 conf

175 1592 462 1664 gruentia;
487 1603 541 1649 et
568 1592 783 1648 demum
807 1607 868 1647 ea
890 1607 1028 1662 quae
1050 1605 1326 1657 secuntur,
1351 1595 1418 1648 ad
1444 1601 1661 1664 sanctae
1679 1592 1782 1664 Dei

178 1662 450 1721 ecclesiae
499 1678 886 1731 servorumque
927 1664 1043 1719 eius
1088 1672 1249 1731 atque
1290 1664 1458 1718 totius
1501 1662 1781 1718 christiani

173 1734 366 1827 populi
400 1733 687 1827 utilitatem
740 1734 1215 1827 suut'Fon's‘cripta
1254 1734 1504 1803 capitula,
1550 1734 1689 1827 sicut
1728 1734 1781 1786 in
1815 1768 1858 1827 Β

176 1802 373 1861 eodem
403 1804 750 1860 continentur
774 1802 973 1875 libello.
1002 1804 1293 1860 Preeamur
1311 1820 1524 1875 quoque
1552 1805 1783 1859 lectores

174 1891 372 1935 omnes
412 1883 745 1944 cunctosque
784 1874 988 1929 iudices
1036 1882 1091 1930 et
1139 1874 1526 1944 sapientes,’ut
1576 1891 1680 1929 non
1720 1890 1782 1928 ea

176 1948 407 2001 sinistra
428 1945 875 2015 interpretatione
902 1944 1009 2000 ullo
1036 1961 1271 2017 unquam
1297 1954 1537 2017 tempore
1562 1945 1783 2017 dignen-

174 2027 268 2071 tur
296 2014 588 2087 exponere,
618 2023 712 2070 aut
740 2031 1063 2087 quemquam
1092 2014 1290 2087 iniuste
1315 2014 1572 2080 iudicare,
1612 2014 1696 2069 vel
1719 2031 1782 2070 eo

173 2089 321 2157 quod
356 2085 468 2143 non
510 2087 618 2140 sint
640 2086 902 2156 quaedam
940 2102 1007 2140 ex
1052 2085 1137 2141 his
1160 2086 1308 2140 iuxta
1334 2087 1573 2157 regulam
1604 2100 1783 2155 gram-

170 2159 413 2214 maticae
444 2158 580 2211 artis
609 2157 928 2226 composita,
949 2157 1342 2226 reprehendere
1368 2173 1382 2221 ;
1411 2157 1503 2213 sed
1527 2172 1625 2226 pro
1651 2157 1780 2225 ipsis

210 2229 517 2297 rincipibus
555 2242 853 2297 eorumque
878 2236 931 2283 et
972 2236 1189 2282 sanctae
1227 2228 1323 2289 Dei
1362 2227 1620 2282 ecclesiae
1646 2228 1780 2282 Iide-

210 2244 517 2297 rmcnpmus
555 2244 853 2297 eorumque
878 2244 931 2283 et
972 2244 1189 2282 sanetae
1227 2244 1323 2289 uel
1362 2244 1620 2282 eccresrae
1646 2244 1775 2282 nue-

169 2244 334 2361 Bbus,
368 2299 465 2368 qui
507 2299 642 2353 haec
668 2298 854 2353 eadem
890 2298 1050 2353 simul
1094 2314 1217 2353 cum
1263 2297 1344 2353 eis
1388 2301 1775 2361 tractaverunt,

173 2381 337 2439 atque
365 2384 469 2439 pro
508 2368 685 2433 nobis,
713 2369 806 2437 qui
835 2383 899 2422 ea
936 2368 1189 2438 colligere
1215 2383 1278 2424 ac
1315 2369 1621 2423 describere
1658 2382 1778 2422 cer-

172 2438 435 2505 lavimus,
465 2455 624 2493 orare
647 2439 924 2503 studeant,
955 2448 1009 2494 et
1031 2439 1284 2494 iamdicta
1319 2439 1549 2509 capitula
1578 2438 1782 2508 pariter

172 2512 463 2566 nobiscum
502 2519 555 2565 et
585 2525 706 2564 cum
736 2509 840 2564 illis
864 2510 1132 2579 amplecti,
1176 2508 1437 2574 venerari,
1484 2525 1665 2564 amare
1706 2508 1782 2565 le-

169 2583 445 2651 gibusque
483 2589 669 2635 tenere
692 2580 969 2651 decertent
1009 2588 1279 2651 annuente
1317 2579 1562 2643 Domino,
1588 2591 1647 2634 ut
1681 2594 1780 2649 pa-

166 2668 289 2777 ;em
350 2668 544 2707 omnes
593 2667 660 2705 ex
712 2650 814 2705 hoc
868 2650 1173 2706 mercedem
1214 2651 1414 2707 habere
1452 2666 1778 2707 mereamur.

218 2737 376 2777 men.

218 2737 376 2777 men.

320 2851 597 2891 IﬁCIPIUXT
623 2850 822 2890 VERSUS
849 2852 913 2890 DE
941 2851 1256 2892 PRAEDIC'I'IS
1283 2853 1548 2892 PBINCIPIB

172 2951 369 3021 Aurea
392 2950 690 3018 progenies,
719 2949 862 3005 felici
894 2958 1180 3007 stemmate
1202 2952 1427 3021 pollens,

258 3020 590 3075 Francorum
615 3022 809 3085 virtus,
847 3020 1277 3091 perpetuumque
1305 3023 1491 3087 decus,

179 3090 455 3160 Pippinus
479 3093 739 3160 quondam
764 3091 954 3146 micuit
982 3090 1287 3148 sublimiter
1311 3099 1475 3161 atque

251 3161 648 3233 Karlomannus
673 3177 860 3233 agens,
890 3178 1031 3232 quae
1062 3163 1313 3233 placuere
1338 3163 1471 3220 Deo.

169 3230 451 3289 Censores
479 3232 675 3286 etenim
701 3230 815 3287 veri
840 3230 1269 3301 piétatis’amore

243 3301 527 3358 Ecclesiae
551 3301 698 3371 leges
730 3303 1015 3358 instituere
1042 3318 1245 3360 sacras.

166 3372 324 3445 Quas
350 3373 479 3445 dum
506 3373 865 3445 lectorovans
887 3375 1183 3443 descriptas
1206 3375 1397 3445 legerit
1424 3376 1564 3441 istic,

244 3444 364 3499 Nec
389 3444 569 3499 minus
597 3452 653 3498 et
678 3444 797 3497 iura
823 3446 1125 3512 posteriora
1153 3445 1316 3513 legat.

168 3512 315 3569 Hinc
338 3529 497 3569 cesar
518 3513 749 3569 Karolus
779 3515 960 3570 divino
985 3512 1227 3571 munere,
1245 3515 1418 3571 fretus

246 3583 518 3639 Nobiliter
544 3600 801 3654 proceres
830 3586 969 3640 rexit
995 3587 1050 3640 in
1069 3588 1202 3641 orbe
1228 3602 1356 3640 suos
1382 3604 1395 3639 :

170 3653 424 3722 Quorum
448 3653 661 3724 sceptra
696 3655 800 3724 piis
829 3672 934 3709 una
965 3657 1275 3712 moderatus
1303 3658 1526 3711 habenis

245 3726 584 3781 Cunctorum
611 3726 743 3782 vicit
768 3726 966 3796 inclyta
990 3737 1141 3795 gesta
1169 3735 1414 3796 patrum;

171 3795 458 3867 Virtutum
484 3797 717 3867 gemmis
742 3795 912 3851 David
949 3795 1294 3867 reliquosque
1329 3806 1566 3862 secutus,

243 3866 458 3937 Insigni
483 3864 626 3919 fama
650 3864 800 3920 fulsit
822 3868 1020 3937 ubique
1042 3864 1145 3923 sui.

171 3935 318 4009 Quid
344 3951 644 4009 memorem
670 3937 868 3992 multas
907 3935 1115 3993 domuit
1153 3955 1289 4008 quas
1314 3940 1544 4008 denique
1564 3947 1774 4009 gentes,

248 4007 296 4061 Ε
322 4008 452 4077 quis
485 4014 539 4060 et
566 4021 812 4079 remeans
833 4008 980 4063 clara
1011 4007 1235 4079 trophea
1262 4009 1419 4063 tulit?

170 4076 289 4150 Nec
316 4079 541 4142 mirum,
570 4076 887 4150 coluitudum
917 4081 1062 4150 regis
1088 4076 1236 4135 iussa
1255 4080 1494 4148 superni,

248 4147 561 4203 Decernens
588 4149 789 4203 sanctis
816 4150 937 4204 iura
964 4147 1191 4207 tenenda
1217 4147 1380 4216 viris;

169 4215 259 4274 Ob
270 4234 431 4289 Aquae
460 4221 761 4287 promeruit
786 4220 1005 4276 celestia
1034 4222 1295 4277 scandere
1322 4215 1502 4289 regna,

247 4285 373 4356 Qua
393 4285 608 4358 quoque
636 4291 877 4360 percepit
903 4294 1143 4360 praemia
1168 4292 1313 4361 larga
1342 4285 1494 4347 satis.

1954 465 2200 538 Eximius
2223 458 2495 536 princeps:
2524 467 2677 523 divus
2700 478 2752 523 et
2775 469 2922 524 orbis
2951 458 3087 538 apex
3110 486 3134 525 ς

1884 535 2127 607 Augusto
2152 535 2313 591 nit’n‘it
2339 539 2437 592 sub
2473 555 2578 606 quo
2607 537 2893 595 Germania
2922 535 3093 607 cultu,

1956 605 2161 661 Cultori
2191 608 2431 662 tribuens
2459 605 2737 664 cbmmoda
2764 609 2930 665 multa
2960 605 3081 665 suo.

1884 676 2040 748 Pacis
2065 685 2274 732 amator
2298 678 2439 732 enim
2465 695 2651 734 caesar
2679 680 2892 748 pietatis
2918 690 2971 737 et
2993 681 3169 739 almae

1954 747 2234 820 Consuluit
2262 748 2473 818 populis
2510 747 2753 817 plebibus
2788 759 2949 820 atque
2980 754 3114 807 suis.

1887 817 2105 891 Scilicet
2134 826 2193 872 ut
2218 817 2403 891 regum
2435 835 2697 875 renovans
2719 817 2923 876 sanci‘ta
2946 822 3211 891 priorum,

1953 888 2254 973 Prudenter
2281 890 2463 972 titulos
2492 890 2709 973 adderet
2737 892 2849 973 ipse
2875 888 3015 973 pios.

1885 958 2222 1029 Quapropter
2242 960 2478 1015 moriens
2515 958 2815 1029 penetravit
2844 958 3020 1017 sidera
3047 965 3203 1029 coeli,

1956 1029 2179 1085 Solvens
2204 1031 2478 1099 praecelso
2504 1033 2713 1086 cantica
2739 1032 2896 1100 digna
2924 1032 3052 1088 Deo.

1884 1099 2021 1173 Hinc
2046 1101 2210 1173 etiam
2240 1101 2487 1173 sequitur
2514 1102 2724 1156 soboles
2749 1099 3051 1157 veneranda
3072 1118 3170 1173 per
3196 1103 3387 1162 orbem

1954 1170 2126 1242 Ipsius
2157 1171 2352 1239 insigni
2388 1173 2605 1242 nomine
2632 1173 2787 1242 digna
2809 1174 2997 1242 patris.

1886 1253 1911 1281 α
1940 1240 2283 1296 Hludowicus
2311 1243 2452 1297 enim
2482 1241 2628 1296 fluvii
2653 1240 2733 1298 eis
2758 1240 2938 1297 littora
2968 1244 3100 1298 Reni

1955 1311 2184 1380 Imperat
2210 1320 2261 1365 et
2289 1313 2599 1380 comprimit
2629 1330 2754 1368 ecce
2778 1313 2940 1368 feras.

1882 1381 2100 1453 Necnon
2130 1382 2440 1437 Hlotharius
2464 1383 2617 1453 parili
2650 1384 2853 1438 ditione
2876 1384 3078 1452 potitus

1950 1451 2281 1507 Francorum
2314 1451 2478 1507 cesar
2496 1462 2708 1522 sceptra
2747 1451 3024 1508 tremenda
3051 1457 3213 1512 vehit.

1885 1521 2020 1594 Tum
2052 1522 2278 1577 Karolus
2304 1539 2526 1594 regnum
2565 1521 2897 1580 Francorum
2929 1533 3075 1580 sorte
3111 1532 3365 1594 retentat,

1954 1592 2159 1647 Nomen
2189 1562 2536 1657 avi‘refgzrens
2562 1594 2854 1649 auxiliante
2880 1596 3009 1649 Deo.

1882 1662 1992 1735 Nos
2013 1664 2208 1734 quibus
2237 1663 2347 1729 illa,
2374 1672 2561 1719 tenent
2591 1666 2728 1719 terni
2757 1680 2894 1734 quae
2920 1666 3038 1720 iura
3063 1666 3253 1735 libelli,

1957 1733 2263 1789 Obtulimus
2291 1735 2510 1804 scripta,
2538 1751 2750 1806 semper
2776 1733 3025 1790 habenda
3055 1738 3179 1792 sibi.

1886 1803 2122 1872 Quorum
2148 1821 2335 1859 norma
2362 1803 2516 1860 decet
2542 1803 2737 1875 iugiter
2771 1822 2870 1861 nos
2895 1807 3076 1862 vivere
3102 1817 3249 1864 recte

1954 1874 2021 1929 Et.
2048 1875 2243 1929 studiis
2265 1876 2492 1929 Domino
2514 1874 2619 1930 rite
2638 1877 2850 1946 placere
2869 1878 2993 1945 piis.

1883 1944 2027 2000 Ilaec
2048 1954 2292 2000 re~ecant
2316 1963 2511 2016 pravos
2536 1944 2708 2016 aequo
2730 1944 3095 2003 moderamine
3120 1963 3319 2014 mores,

1954 2016 2180 2071 Vivendi
2211 2032 2455 2071 normam
2485 2018 2875 2072 contribuendo
2910 2018 3036 2087 piis.

1882 2085 2123 2158 Namque
2143 2095 2358 2158 patrant
2390 2087 2541 2141 multi
2570 2087 2809 2143 funestas
2838 2085 2963 2157 sepe
2990 2089 3229 2158 rapinas,

1952 2155 2206 2212 Nonnulli
2228 2158 2429 2212 vidiant
2456 2158 2651 2226 templa
2682 2158 2856 2213 dicata
2883 2155 3023 2226 Deo;

1884 2227 2020 2282 Sunt
2044 2227 2132 2282 alii
2162 2228 2424 2282 scelerum
2454 2228 2618 2282 fedati
2644 2228 2763 2283 labe
2788 2244 3030 2295 suorum,

1952 2297 2157 2352 Fistula
2188 2305 2323 2367 quos
2351 2314 2541 2353 omnes
2574 2314 3004 2354 commemorare
3030 2299 3240 2367 nequit.

1884 2367 1989 2423 Sed
2012 2369 2228 2424 cohibet
2257 2370 2391 2424 tales
2412 2368 2590 2438 legum
2613 2386 2842 2425 censura
2865 2384 3163 2434 sacrarum,

1952 2438 2301 2509 Decretisque
2326 2447 2470 2495 vetat
2492 2440 2598 2494 ista
2624 2448 2841 2509 patrare
2862 2440 2987 2510 piis.

1881 2508 2022 2578 Ergo
2051 2511 2215 2565 duces
2244 2511 2463 2565 laudare
2492 2508 2645 2565 decet
2682 2521 2778 2579 per
2803 2508 3045 2565 carmina
3074 2509 3261 2574 fortes,

1954 2579 2173 2634 Munere
2194 2581 2455 2634 virtutum
2483 2580 2577 2650 qui
2598 2582 2834 2635 micuere
2856 2596 3047 2646 sacro;

1881 2648 2111 2705 Francia
2133 2652 2231 2705 sub
2252 2661 2480 2720 quorum
2500 2648 2733 2720 sceptris
2763 2651 3032 2705 tutissima
3061 2651 3281 2714 mansit,

1952 2720 2227 2776 Libertate
2264 2721 2472 2790 vigens,
2497 2722 2635 2776 colla
2661 2721 2891 2791 superba
2920 2730 3120 2783 terens,

1882 2789 2052 2858 Quam
2092 2794 2273 2846 variae
2302 2789 2489 2861 gentes
2513 2789 2784 2846 dominam
2814 2792 3044 2846 timuere
3072 2803 3338 2857 severam,

1954 2862 2150 2931 Utpote
2177 2878 2310 2931 quas
2338 2861 2505 2917 armis
2542 2862 2717 2932 caepit
2754 2862 2964 2916 ovando
2990 2862 3122 2916 suis.

1882 2931 2035 2987 Unde
2057 2933 2158 2987 sibi
2187 2946 2382 2988 nomen
2407 2932 2605 2987 meruit
2631 2933 2796 2987 decus
2820 2940 2981 3000 atque
3008 2946 3264 3000 perenne,

1951 3002 2028 3061 De
2048 3003 2207 3057 victis
2227 3002 2437 3072 populis
2464 3003 2606 3056 celsa
2638 3002 2859 3071 trophea
2888 3002 3089 3056 ferens.

1882 3070 2142 3127 Coclestis
2180 3070 2389 3142 patriae
2410 3071 2593 3128 donati
2621 3070 2844 3126 munere
2872 3087 3028 3142 reges

1803 3125 1850 3182 (ί
1934 3125 2209 3213 Exultant
2239 3125 2434 3213 iugiter
2457 3125 2513 3197 et
2543 3143 2658 3196 sine
2684 3125 2788 3213 line
2814 3125 3046 3213 eantint;

1882 3210 2002 3266 Alta
2022 3214 2130 3283 poli
2153 3210 2608 3268 cuius'subiemnt
2640 3212 2872 3267 culmina
2897 3210 3046 3279 laeti,

1956 3283 2102 3351 Quos
2130 3284 2319 3339 devota
2343 3284 2528 3354 chelys
2552 3284 2657 3337 iam
2689 3283 2962 3337 resonavit
2988 3297 3177 3338 ovans.

1882 3353 2089 3410 Felices
2117 3355 2363 3419 nimium,
2389 3353 2524 3421 ques
2546 3354 2667 3407 aula
2688 3354 2849 3408 beata
2878 3361 3162 3422 receptans

1955 3424 2240 3481 Coelicolis
2268 3425 2439 3479 iunxit
2462 3424 2670 3480 civibus
2694 3424 2809 3493 ipsa
2835 3424 3028 3480 libens.

1884 3493 2001 3550 Non
2031 3496 2105 3551 ibi
2137 3496 2242 3550 iam
2269 3503 2516 3550 metuunt
2541 3494 2723 3548 furvas
2747 3509 3053 3563 nocuasque
3090 3493 3380 3551 tenebras:

1954 3567 2094 3633 Quin
2117 3567 2296 3635 potius
2318 3580 2477 3620 verae
2500 3565 2633 3620 lucis
2664 3574 2888 3621 amnena
2914 3565 3117 3621 vident.

1886 3636 1977 3692 Sic
2006 3636 2301 3706 euangelici
2326 3636 2342 3666 ί
2384 3638 2612 3690 testatur
2632 3636 2826 3705 pagina
2858 3635 3011 3706 bibli,

1956 3707 2110 3774 Quod
2132 3698 2314 3762 mundi
2342 3706 2524 3761 lumen
2547 3698 2785 3762 sit-D605
2806 3698 3120 3771 altitonans,

1884 3771 2001 3833 Hoc
2021 3777 2179 3832 iubar
2198 3777 2425 3831 exilarat
2452 3792 2768 3843 superorum
2791 3778 2952 3832 corda
2980 3777 3238 3843 virorum,

1954 3847 2329 3915 lrradiansque
2355 3846 2544 3917 procul
2567 3846 2759 3901 nubila
2774 3855 2913 3900 tetra
2937 3846 3106 3915 fugat.

1884 3918 1999 3974 Hoc
2035 3918 2201 3973 etiam
2222 3926 2406 3972 vatum
2432 3918 2630 3973 cecinit
2660 3917 3022 3986 pulcherrime
3043 3917 3282 3986 quidam,

1954 3986 2093 4042 Olim
2122 3988 2265 4056 quod
2288 3988 2535 4043 dominus
2556 3987 2645 4041 lux
2667 3987 2735 4040 ab;
2758 3989 2777 4017 ’
2802 3986 3028 4041 amanda
3053 3989 3071 4017 ³
3100 3987 3263 4041 Deus.

1881 4057 1982 4114 Cui
2008 4060 2171 4113 decus
2194 4066 2248 4113 et
2268 4058 2460 4123 virtus,
2484 4057 2603 4114 latis
2630 4067 2684 4111 et
2712 4057 2985 4112 veneratio
3010 4071 3247 4126 semper,

1953 4129 2349 4198 Imperiumque
2372 4136 2553 4183 manet
2579 4137 2771 4183 cuncta
2792 4144 2890 4198 per
2912 4143 3044 4183 aeva
3066 4142 3304 4186 sacrum.

1882 4200 2000 4270 Ipse
2026 4199 2119 4253 tibi
2150 4200 2350 4255 tribuat
2374 4199 2616 4270 prolixae
2645 4206 2884 4268 tempora
2908 4199 3075 4267 pacis,

1957 4269 2171 4327 Credita
2196 4270 2289 4340 qui
2315 4270 2455 4341 plebi
2476 4268 2693 4341 fersque
2713 4271 2915 4331 talenta
2939 4269 3057 4325 tibi.

1397 4383 1786 4439 VARIANTES
1823 4382 2227 4439 LECTIONES.

250 4479 270 4510 ¹
296 4486 357 4533 et
379 4478 603 4549 angelici
635 4475 700 4533 C.
776 4478 796 4508 ⁹
822 4477 956 4533 luxit
980 4477 1044 4534 G.
1070 4479 1196 4536 lusit
1218 4478 1339 4535 Bal.
1416 4479 1437 4509 ³
1463 4476 1694 4532 amando
1717 4475 1783 4532 G.
1812 4475 1935 4531 Bal.

1733 4588 1967 4644 NOTAE.

250 4699 279 4726 ι
308 4683 420 4739 Pro
446 4692 680 4754 quatuor
701 4684 1053 4753 sequentibus
1078 4683 1324 4740 distichis
1346 4683 1545 4739 Bellov.
1570 4683 1733 4739 habet
1761 4699 1775 4735 :

169 4818 481 4877 Lotharius
515 4819 750 4887 primum
774 4834 999 4889 regnum
1038 4820 1265 4889 sortitus
1301 4819 1523 4885 avitum,

248 4889 583 4944 Arduennae
613 4887 858 4944 nemoris
883 4890 1056 4945 incola
1085 4887 1260 4945 factus
1281 4897 1424 4944 ovat.

173 4961 324 5015 Hinc
350 4958 699 5014 Hludowicus
725 4960 884 5014 heros
906 4960 1079 5014 Rheni
1109 4962 1186 5016 eis
1220 4961 1402 5015 littora
1439 4960 1585 5032 genti

1955 4681 2186 4750 Imperat
2224 4688 2276 4737 et
2301 4681 2484 4751 populi
2513 4681 2675 4736 cll‘era
2698 4683 2834 4739 colla
2866 4683 3010 4737 terit.

1884 4751 2306 4823 Tuuclfarolus,
2334 4752 2446 4806 cari
2482 4753 2689 4822 species
2713 4754 2973 4823 genitoris
2998 4760 3201 4817 amata,

1956 4820 2229 4876 Gallorum
2247 4831 2447 4892 coetus
2468 4820 2681 4878 ordinat
2706 4820 2867 4892 atque
2890 4824 3089 4879 domat.

1884 4891 1999 4963 Illis
2025 4907 2150 4963 nos,
2167 4891 2258 4960 qui
2282 4891 2392 4946 fata
2418 4899 2619 4959 tenent,
2649 4894 2766 4949 loca
2783 4891 3250 4963 partibusraequis

1953 4960 2098 5017 Haec
2124 4961 2350 5017 ferimus
2385 4964 2586 5033 scripta
2607 4960 2819 5034 semper
2847 4962 3089 5019 habenda
3117 4960 3239 5018 sibi.

1436 5149 1735 5225 LIBER
1806 5150 2220 5227 PRIMUS.

256 5357 314 5409 I.
360 5354 600 5436 [Epistula
627 5358 921 5436 Zachariae
945 5371 1112 5436 papae
1143 5353 1369 5436 Francis
1402 5364 1452 5408 et
1489 5352 1658 5436 Gallis
1701 5355 1779 5436 ᾴί-
1811 5360 1859 5420 1)
1882 5354 1937 5408 in
1965 5352 2241 5436 provincia
2263 5360 2443 5436 vestra
2482 5354 2652 5436 iuxta.
2682 5359 2924 5436 nostram
2968 5351 3472 5436 commonitionem,

176 5435 356 5481 recta.
374 5425 665 5498 Zacharias
678 5443 816 5498 papa
833 5425 1103 5498 universis
1127 5425 1415 5498 episcopis,
1436 5425 1775 5498 presbiteris,

183 5496 536 5562 diaconibus,
561 5495 865 5562 abbatibus,
899 5495 1111 5552 cunctis
1132 5496 1297 5550 etiam
1325 5496 1575 5562 ducibus,
1610 5496 1780 5551 comi-

183 5567 344 5638 Libus
377 5570 740 5638 omnibusque
777 5569 947 5621 Deum
971 5566 1432 5638 timentibus_per
1475 5566 1678 5622 Callias
1699 5574 1782 5638 iet

182 5626 535 5693 Francorum
580 5626 887 5709 provincias
913 5637 1243 5709 constitutis.
1294 5626 1582 5693 Referente
1618 5637 1784 5709 nobis

185 5706 640 5779 φνεῖ-θεαῖςδίώο
656 5718 821 5779 atque
842 5706 1198 5779 sanctissimo
1211 5706 1378 5779 fratre
1404 5714 1594 5765 nostro
1618 5707 1781 5763 Boni-

1883 5421 2246 5478 mediantibus
2302 5422 2426 5478 filiis
2483 5423 2687 5478 nostris
2736 5421 2965 5491 Pippino
3006 5429 3061 5476 et
3108 5421 3477 5479 Karlomanno

1882 5494 2223 5564 principibus
2243 5494 2460 5564 vestris,
2488 5502 2780 5564 peragente
2807 5492 2974 5564 etiam
3004 5493 3121 5547 vice
3155 5502 3340 5548 nostra
3366 5510 3478 5548 mc-

1887 5563 2213 5633 tropolitano
2247 5563 2539 5625 Bonifacio,
2591 5563 2852 5617 Dominus
2899 5563 3275 5633 inluminasset
3309 5565 3474 5618 corda

1885 5632 2067 5691 vestra
2118 5649 2243 5689 cum
2287 5633 2624 5702 principibus
2663 5633 2859 5689 vestris
2907 5632 2963 5687 in
3016 5633 3475 5703 praedicationem

1888 5707 2025 5768 eius,
2069 5713 2131 5759 ut
2152 5705 2404 5759 omnibus
2424 5703 2938 5761 commonitionibus
2959 5704 3077 5759 eius
3098 5705 3397 5760 obediretis
3418 5711 3474 5758 et

190 5778 342 5834 facio
367 5778 647 5855 episcopo,
687 5773 827 5851 quod
875 5777 1001 5835 dum
1051 5776 1271 5833 sinodus
1304 5775 1593 5847 adgregata
1643 5787 1787 5834 esset
1891 5776 2055 5833 falsos
2089 5784 2142 5831 et
2171 5775 2507 5831 scismaticos
2546 5783 2600 5830 et
2636 5774 2936 5831 homicidas
2995 5784 3050 5830 et
3094 5773 3416 5832 fornicarios
3441 5789 3473 5828 a
