3992 6344
535 326 636 384 103

1436 320 1498 375 Β.
1538 319 1788 376 CAROLI
1828 317 2041 374 MAGNI
2078 315 2227 374 OPP.
2269 317 2448 374 PARS
2485 319 2523 374 Ι.
2562 318 2806 377 SECTIO
2841 318 2885 375 l.

3697 323 3811 381 70‘

534 441 681 498 vobis
704 435 1043 510 expelleretis
1056 435 1385 510 sacerdotes,
1405 434 1760 504 omnipotenti
1783 434 1892 488 Deo
1919 440 2106 487 nostro
2139 436 2182 490 Α
2211 440 2268 510 ut
2303 432 2463 510 nobis
2485 433 2861 501 praesentibus
2888 446 3157 510 canonum
3189 432 3403 510 decreta
3438 443 3492 489 et
3523 434 3809 510 ecciesiae

536 513 736 587 gratias
755 505 984 587 egimus.
1007 516 1179 587 _et_pro
1200 505 1352 587 vobis
1373 507 1709 587 incessanter
1734 519 1925 587 sumus
1946 519 2108 587 oran-

536 574 635 648 i'es,
665 590 726 637 ut
754 574 846 650 qui
872 578 1047 650 coepit
1072 574 1127 633 in
1161 578 1313 632 vobis
1339 593 1473 650 opus
1496 577 1718 640 bonum,
1743 574 1987 645 perficiat
2011 589 2105 629 us-

571 644 637 710 ue
663 653 717 707 in
745 644 926 705 finem.
970 644 1333 704 Obsecramus
1369 644 1514 701 enim
1556 644 1761 702 omnes
1794 661 1889 701 vos
1922 659 2107 700 coram

580 741 665 787 eo,
701 733 760 775 ut
803 718 920 774 eius
976 717 1483 774 commonitionihus
1530 716 1758 771 ﬁrmiter
1798 715 2105 779 obediatis;

535 793 710 864 ipsum
738 787 881 864 enim
904 787 1021 844 vice
1042 797 1226 864 nostra
1254 787 1308 841 in
1334 790 1573 857 partibus
1597 787 1699 864 iliis
1722 787 1789 841 ad
1809 787 2109 864 praedicant

536 855 661 940 dum
685 859 1042 940 constitutum
1065 855 1348 940 habentns,
1402 867 1462 940 ut
1489 873 1584 913 vos
1631 859 1739 940 Deo
1764 857 2025 940 propitio_
2044 855 2112 910 ad

535 934 677 986 viam
695 930 957 1000 perducat
984 928 1355 1000 rectitudinis,
1368 937 1423 982 et
1456 944 1487 982 a
1522 929 1730 984 cunctis
1783 926 2112 1000 facinoribus

536 1003 667 1059 salvi
690 996 811 1056 esse
838 1000 1075 1069 possitis.
1116 999 1392 1054 Habuistis
1416 1000 1561 1053 enim
1589 998 1827 1069 peccatis
1860 996 2110 1069 facienti-

536 1074 638 1128 bus
661 1085 806 1125 nunc
838 1065 1011 1140 usque
1052 1069 1216 1124 falsos
1240 1077 1295 1123 ct
1317 1084 1572 1124 erroneos
1591 1065 1930 1140 sacerdotes.
1961 1065 2114 1122 Unde

537 1153 593 1198 et
618 1150 846 1201 cunctae
877 1139 1119 1211 paganae
1158 1147 1361 1211 gentes
1381 1140 1531 1211 vobis
1563 1139 1930 1211 pugnantibus
1956 1151 2114 1206 prae-

538 1212 819 1275 valebant,
854 1208 982 1280 quia
1027 1226 1135 1264 non
1160 1208 1280 1264 erat
1335 1208 1636 1264 differentia
1680 1210 1823 1262 inter
1866 1209 2116 1280 laiooset

540 1277 1093 1352 saeerdotesfquihus
1117 1294 1359 1352 pugnare
1386 1279 1594 1352 licitum
1647 1294 1755 1334 non
1787 1288 1902 1352 est.
1932 1277 2117 1352 Qualis

540 1353 687 1408 enim
712 1348 938 1405 victoria
962 1348 1142 1414 datur,
1172 1348 1263 1404 ubi
1303 1348 1610 1405 sacerdotes
1638 1365 1740 1403 una
1786 1349 1917 1403 hora
1946 1348 2117 1402 dami-

541 1424 663 1478 nica
694 1427 1026 1490 pertractant
1067 1420 1324 1491 mysteria
1349 1428 1403 1474 et
1431 1419 1742 1475 christianis
1791 1419 2115 1491 dominicum

541 1488 826 1564 porrigunt
851 1503 1045 1564 corpus
1057 1488 1157 1559 pro
1171 1504 1390 1564 suarum
1415 1491 1715 1564 animarum
1731 1488 2115 1564 redemptione,

544 1559 602 1618 et
617 1559 740 1631 post
752 1560 1094 1632 christianos,
1123 1560 1320 1632 quibus
1342 1562 1446 1615 hoc
1467 1561 1778 1632 ministrare
1798 1559 2116 1632 debuerant,

545 1629 643 1686 aut
661 1644 915 1702 paganos,
976 1629 1173 1702 quibus
1198 1629 1471 1685 Christum
1530 1630 1860 1702 praedicare,
1888 1630 2122 1702 propriis

544 1699 931 1770 sacrilegisque
964 1699 1214 1756 manibus
1241 1708 1464 1767 necant;
1495 1699 1782 1770 praecipue
1803 1700 2014 1770 dicente
2041 1701 2122 1755 eis

547 1717 931 1821 sacrilegisque
964 1717 1214 1756 mantnus
1241 1717 1464 1767 necant;

547 1769 812 1839 Domino:
891 1787 949 1824 os
981 1771 1102 1824 estis
1141 1770 1222 1825 sal
1255 1780 1443 1825 terrae.
1483 1717 1531 1838 δ

546 1841 606 1895 in
621 1839 1053 1912 quoucondietur?
1083 1840 1172 1912 Ad_
1186 1841 1405 1895 nihilum
1432 1842 1563 1896 valet
1594 1841 1752 1906 ultra,
1779 1842 1885 1912 nisi
1912 1850 1967 1894 ut
1997 1842 2127 1912 Amit-

546 1908 696 1980 tatur
720 1908 885 1980 foras,
912 1919 963 1963 et
988 1909 1320 1965 conculcetur
1334 1912 1398 1965 ab
1422 1912 1739 1967 hominibus.
1764 1910 1982 1966 Et'dum
1995 1910 2131 1980 haec

550 1980 625 2036 ita
653 1978 783 2045 sint,
809 1987 865 2035 et
892 1980 1028 2035 tales
1049 1982 1104 2034 in
1128 1981 1281 2037 vobis
1307 1980 1509 2037 fuerint
1522 1982 1849 2046 sacerdotes,
1864 1978 2133 2050 quomodo

551 2050 796 2123 victores
817 2059 1006 2105 contra
1028 2057 1240 2123 vestros
1262 2052 1512 2123 inimicos
1544 2068 1663 2109 esse
1693 2052 1975 2123 poteriti‘s?
1997 2051 2131 2123 Nam

553 2119 862 2192 signandos
887 2126 942 2192 et
965 2130 1145 2192 castas
1180 2122 1247 2176 ab
1268 2125 1415 2178 omni
1447 2119 1803 2180 fornicatione
1829 2131 1885 2177 et
1914 2121 2134 2177 homici-

550 2188 640 2262 dio
665 2188 863 2245 liberos
896 2189 1190 2246 habueritis
1235 2195 1572 2260 sacerdotes,
1627 2202 1686 2249 ut
1739 2193 1882 2262 sacri
1925 2192 2134 2262 praeci-

549 2258 715 2346 piunt
726 2274 967 2346 canones
989 2269 1043 2315 et
1070 2270 1254 2346 nostra
1277 2264 1395 2346 vice
1418 2258 1697 2346 praedicat
1727 2258 2005 2346 praefatus
2034 2261 2133 2346 Da-

551 2326 786 2383 nifacius
811 2328 977 2385 frater
999 2341 1216 2399 noster,
1243 2341 1297 2386 et
1342 2335 1391 2389 ei
1420 2326 1477 2389 in
1521 2326 1774 2390 omnibus
1819 2333 2131 2389 obedientes

551 2399 865 2473 egueritis,
890 2401 1033 2455 nulla
1065 2419 1194 2473 gens
1223 2413 1464 2473 vestrum
1492 2413 1617 2460 ante
1646 2412 1992 2473 conspectum
2022 2410 2133 2457 sta-

551 2470 662 2535 bit;
692 2470 785 2525 sed
812 2470 1219 2543 corruent'ante
1255 2472 1446 2528 faciem
1478 2483 1713 2530 vestram
1741 2470 1930 2529 omnes
1967 2488 2133 2543 paga-

551 2555 654 2595 nae
683 2548 889 2614 gentes,
919 2550 974 2595 et
990 2542 1165 2614 eritis
1187 2543 1454 2611 victores;
1481 2546 1703 2614 insuper
1731 2552 1786 2597 et
1812 2545 1947 2599 bene
1964 2542 2132 2614 agen-

553 2619 655 2679 tes,
672 2610 839 2663 vitam
857 2611 1201 2679 possidebitis
1218 2610 1629 2670 aeternam.Vos
1644 2622 1842 2678 autem,
1863 2610 2132 2669 carissimi

552 2678 772 2755 fratres,
798 2678 889 2755 qui
916 2682 1049 2755 estis
1075 2683 1186 2755 veri
1209 2684 1518 2739 sacerdotes
1544 2683 1627 2738 vel
1656 2684 1756 2755 sub
1785 2683 1951 2755 regali
1972 2683 2132 2738 disci-

551 2749 697 2823 plina
718 2750 1018 2823 constituti,
1050 2752 1130 2823 sic
1173 2755 1529 2823 vosmetipsos
1558 2754 1828 2819 exhibete,
1850 2749 1919 2807 ut
1954 2764 2134 2809 certos

555 2819 835 2896 ministros
863 2820 957 2873 Dei
981 2829 1035 2874 et
1060 2819 1460 2896 dispensatore$
1494 2825 1878 2896 mysteriorum
1928 2824 2044 2896 Dei,
2074 2833 2134 2879 ut

554 2904 675 2960 non;
691 2888 1028 2957 vituperetur
1067 2888 1427 2948 ministerium
1470 2888 1711 2950 vestrum
1745 2896 1784 2960 ¹,
1842 2910 1910 2949 ne
1955 2894 2050 2948 fiat
2078 2896 2134 2950 in

557 2958 710 3013 vobis
727 2960 881 3036 sicut
900 2961 1160 3036 scriptum
1188 2973 1273 3036 est
1303 2980 1317 3017 :
1356 2964 1493 3030 Erit,
1545 2966 1678 3019 sicut
1704 2958 1946 3036 populus,
1982 2964 2057 3019 sic
2086 2975 2134 3019 et

554 3029 816 3105 sacendos.
841 3030 907 3084 Et
927 3032 973 3085 si
999 3029 1102 3087 hoc
1120 3032 1301 3105 fuerit,
1326 3029 1661 3105 qualisvobis
1681 3029 1784 3090 erit
1803 3036 1871 3089 ab
1895 3029 2133 3091 homini-

554 3099 658 3176 bus
692 3098 829 3176 laus,
862 3109 956 3155 aut
1011 3104 1186 3176 qualis
1213 3120 1244 3158 a
1283 3098 1393 3160 Dea
1444 3115 1764 3176 expectatur
1811 3105 2134 3161 retributio?

555 3169 663 3225 Sed
696 3170 774 3244 sic
802 3186 896 3244 vos
918 3169 1171 3244 corrigite
1202 3184 1259 3229 ut
1286 3177 1398 3230 veri
1427 3169 1756 3244 sacerdotes.
1796 3177 1863 3230 Et
1903 3176 2040 3231 tales
2069 3176 2137 3232 ad

554 3240 914 3296 sacerdotium
937 3240 1236 3311 perducite,
1258 3254 1316 3299 ut
1335 3257 1389 3302 et
1402 3240 1554 3303 vobis
1573 3258 1627 3302 et
1646 3248 1751 3302 illis
1765 3247 2137 3302 testimonium

555 3321 782 3387 maneat
809 3312 1100 3387 bonum‘ab
1122 3315 1234 3387 his,
1264 3318 1355 3385 qui
1389 3316 1522 3372 foris
1563 3326 1719 3383 sunt;
1766 3318 2021 3387 quatinus
2070 3318 2139 3373 ab

557 3380 871 3454 hominibus
900 3384 1055 3454 vobis
1080 3380 1380 3454 adquiratis
1419 3387 1632 3442 laudem
1660 3380 1715 3442 et
1736 3403 1766 3441 a
1783 3380 1907 3443 'Deo
1933 3402 2140 3443 merce-

555 3451 638 3532 dis
663 3452 966 3532 praemium
980 3453 1035 3507 in
1054 3451 1622 3532 aeternabeatitudine
1641 3459 1921 3532 percipere
1936 3471 2141 3514 merea—

558 3520 711 3592 mini,
734 3535 800 3592 eo
825 3523 969 3591 quod
992 3538 1089 3592 per
1103 3540 1196 3580 vos
1222 3526 1289 3580 ad
1309 3526 1511 3582 Christi
1534 3520 1777 3592 perducti
1791 3520 2138 3584 suntrectam

556 3590 738 3654 fidem,
770 3590 1019 3669 innoxios
1061 3593 1321 3651 habentes
1368 3590 1696 3669 sacerdotes.
1745 3598 1829 3653 Ad
1875 3599 2136 3669 synodum

557 3674 790 3751 namque
819 3662 1463 3751 omni.anno_cnnven_ite_
1486 3666 1552 3720 ad
1594 3662 2140 3751 pennactandurnde

557 3731 765 3808 unitate
792 3731 1072 3808 ecclesiae,
1096 3735 1378 3808 utusiquidu
1399 3731 1618 3793 adversi
1638 3739 1914 3804 acciderit,
1944 3739 2140 3795 radici-

558 3807 645 3871 t_us
672 3806 1007 3871 amputetur,
1041 3812 1095 3860 et
1146 3806 1243 3862 Dei
1269 3807 1499 3864 ecclesia
1542 3817 1759 3865 maneat
1784 3809 2134 3866 inconcussa.

558 3868 702 3924 Bene
728 3868 919 3928 valete.

627 3940 682 4022 ξε
723 3940 915 4015 Incipit
941 3947 1326 4022 synodus_cum
1352 3949 1552 4022 actibus
1577 3950 1715 4017 suis,
1740 3950 1969 4005 iussione
2013 3968 2139 4022 apo-

558 4010 746 4090 stolica
772 4027 804 4067 a
830 4010 1014 4090 sancio
1031 4016 1303 4090 Bonifatio
1324 4028 1371 4073 et
1398 4010 1732 4073 Francorum
1758 4021 2012 4090 episcopis
2038 4010 2132 4075 sub

562 4079 921 4138 Karlomanno
957 4086 1088 4140 duce
1124 4079 1303 4142 habita
1338 4106 1476 4142 anno
1510 4079 1888 4144 incarnationis
1914 4079 2139 4145 domini-

558 4166 651 4231 oae
670 4150 778 4231 742
805 4155 847 4207 ³.
874 4155 930 4208 ln
959 4158 1174 4231 nomine
1204 4158 1416 4231 Domini
1444 4159 1615 4231 nostri
1638 4160 1757 4215 Iesu
1782 4159 2003 4215 Christi.
2024 4161 2138 4231 Ego

558 4220 955 4301 iiarlomannus
984 4226 1089 4301 dux
1108 4297 1118 4301 Α
1137 4238 1189 4301 et
1218 4229 1852 4301 prrincepsFrancorum,
1899 4246 2039 4287 anno
2068 4220 2136 4286 ab

560 4295 936 4371 incarnatione
993 4295 1375 4371 Christi—742,
1405 4295 1491 4353 _ll
1554 4300 1807 4355 videlicet
1840 4295 2137 4356 Kalendas

561 4358 731 4414 Maias
762 4362 804 4427 ⁸,
830 4379 949 4441 cum
996 4369 1222 4441 consilio
1247 4358 1543 4441 servorum
1583 4371 1679 4425 Dei
1728 4379 1782 4425 et
1816 4372 2136 4441 optimatum

560 4444 805 4512 ineorum
826 4434 1106 4512 episcopos
1133 4440 1223 4507 qui
1244 4439 1297 4492 in
1319 4456 1486 4512 regno
1518 4455 1641 4495 meo
1662 4449 1808 4512 sunt,
1835 4434 1958 4496 cum
1985 4456 2137 4511 pres-

558 4499 769 4566 biteris,
798 4499 874 4580 ad:
894 4499 1260 4580 conciliumet
1290 4499 1552 4580 synvodum
1580 4526 1681 4580 pro
1712 4499 1905 4567 timore
1932 4499 2135 4567 Christi

560 4572 900 4651 oongi'egavi,
948 4576 1000 4630 id
1035 4587 1132 4651 est
1173 4572 1509 4651 Bonifacium
1560 4572 2053 4651 archiepiscopum,
2082 4591 2137 4638 et

561 4637 933 4719 putabamur}.
955 4654 1009 4719 et
1029 4647 1421 4719 Regenfridum
1448 4658 1503 4705 et
1530 4637 1841 4706 Wiztan'um
1864 4637 1962 4706 “et
1989 4637 2133 4708 Wit-

560 4711 861 4802 baiduin‘et
885 4711 1159 4802 Da'dannm
1186 4727 1241 4774 ct
1261 4720 1634 4802 Eddanumnac
1663 4720 1899 4802 reliquos
1927 4722 2137 4802 episco-

558 4794 657 4851 pos
679 4798 800 4838 cum
826 4787 1141 4853 presbiteris
1167 4804 1375 4854 eorum,
1399 4798 1458 4843 ut
1486 4789 1616 4844 mihi
1649 4787 1933 4846 consilium
1958 4787 2135 4848 dedis-

560 4860 703 4917 sent,
731 4857 1000 4925 quomodo
1026 4859 1111 4930 lex
1137 4859 1231 4913 Dei
1259 4868 1313 4914 et
1338 4860 1705 4915 ecclesiastica
1733 4861 1922 4930 religio
1971 4877 2134 4917 recu-

559 4932 807 5001 peratur,
842 4940 980 4994 quae
1011 4929 1091 5001 Ain
1133 4930 1325 5001 diebus
1371 4931 1787 4998 praeteritorum
1832 4929 2136 5001 principum

561 4992 818 5070 dissipata
844 4992 1080 5070 corruit,
1114 5008 1168 5053 et
1188 4992 1419 5069 qualiter
1440 5000 1668 5070 populus
1694 4992 2025 5056 chris-tianus
2068 5004 2135 5057 ad

560 5062 787 5142 salutem
812 5067 1024 5123 animae
1046 5062 1330 5137 pervenire
1355 5062 1528 5142 νοέεῙί
1554 5078 1609 5124 et
1628 5086 1725 5142 per
1756 5070 1922 5142 falsos
1952 5088 2135 5127 sacer-

561 5132 717 5209 dotes
742 5136 999 5206 deceptus
1044 5132 1150 5193 non
1179 5132 1383 5208 pereat".
1422 5141 1488 5193 Et
1512 5155 1609 5209 per
1628 5132 1933 5196 'cansilium
1958 5159 2139 5199 sacer-

562 5202 749 5282 dotum
772 5215 827 5282 et
849 5202 1445 5282 optimatum—meorum
1489 5202 1858 5267 ordinavimus
1884 5226 1981 5282 per
2006 5213 2138 5268 civi-

563 5280 703 5329 tates
739 5277 1045 5353 epi_scopos,
1062 5288 1115 5333 et
1141 5281 1520 5353 constituimus
1546 5296 1709 5351 super
1735 5296 1837 5353 eos,
1867 5277 2134 5353 archiepi-

561 5356 784 5424 scopum
810 5347 1164 5413 Bonifacium,
1193 5352 1285 5424 qni
1308 5359 1393 5424 est
1412 5347 1806 5424 missus—sancti
1821 5352 1987 5408 Petri.
2015 5347 2137 5410 Sta-

562 5418 873 5488 tuimusque
902 5432 1000 5489 per
1024 5435 1195 5475 annos
1217 5418 1457 5492 Singulas
1484 5422 1747 5493 synodum
1782 5439 2133 5496 congregare,

2211 502 2325 556 iura
2362 509 2748 565 restaurentur,
2782 511 2837 556 et
2884 502 3075 565 religio
3106 501 3401 557 christiana
3449 507 3810 561 emendetur.

2210 572 2276 627 Et
2307 572 2584 627 fraudatas
2608 573 2866 631 pecunias
2895 572 3248 627 ecclesiarum
3279 573 3524 629 ecclesiis
3556 576 3817 631 restitui-

2212 659 2330 697 mus
2358 650 2412 698 et
2442 642 2797 713 reddidimus;
2835 642 3002 697 falsos
3029 658 3160 697 vero
3202 644 3537 713 prcsbiteros
3565 654 3620 699 et
3650 645 3819 701 adul-

2212 720 2357 788 teros
2372 754 2385 776 ,
2422 713 2505 788 vel
2519 711 2910 788 fornicatores,
2933 711 3265 788 diaconos_ct
3288 714 3519 788 clericos
3542 713 3613 770 de
3630 731 3821 788 pecu-

2213 784 2316 838 niis
2341 783 2691 866 ecclesiarum
2716 783 3039 866 abstulimus
3078 792 3131 866 et
3171 784 3610 866 degradavimns,
3632 783 3711 842 ὀι
3745 789 3819 866 a_d

2250 853 2595 908 oenitcntiam
2627 854 2922 924 coegimus.
2960 852 3146 909 Servis
3171 852 3267 908 Dei
3294 868 3392 923 per
3412 856 3599 909 omnia
3620 860 3819 912 omni-

2250 869 2595 908 oemtcnttam
2627 869 2922 924 coegnnus.
2960 869 3146 909 Servis
3172 869 3265 908 vet
3294 869 3392 923 per
3412 870 3599 909 omnia
3620 869 3817 912 omni-

2210 869 2313 979 bus
2339 932 2667 978 armaturam
2685 933 2905 993 portare
2931 924 3013 976 vel
3034 939 3276 994 pugnare
3296 933 3390 978 aut
3412 924 3466 978 in
3493 934 3817 982 exercitum

2213 1004 2266 1048 et
2296 995 2349 1048 in
2369 994 2576 1076 hostem
2604 1009 2827 1076 pergere
2854 994 3075 1076 omnino
3089 995 3477 1076 prohibemus,
3512 997 3640 1076 “nisi
3703 1000 3819 1076 iliis

2215 1066 2604 1130 tantummodo,
2637 1064 2726 1134 qui
2755 1072 2976 1133 propter
2997 1064 3236 1118 divinum
3261 1065 3643 1129 ministerium,
3681 1070 3821 1124 mis—

2215 1150 2397 1189 sarum
2438 1136 2645 1190 scilicet
2683 1135 2941 1189 solemnia
2982 1135 3321 1203 adimplenda
3375 1145 3430 1190 et
3484 1146 3817 1193 sanctorum

2215 1205 2509 1275 patrocinia
2531 1207 2793 1274 portanda
2828 1204 2895 1258 ad
2926 1206 3029 1260 hoc
3051 1205 3206 1259 electi
3248 1214 3405 1271 sunt;
3439 1206 3492 1260 id
3517 1216 3604 1261 est
3637 1224 3818 1263 unum

2218 1278 2300 1331 vel
2331 1275 2465 1330 duos
2490 1277 2773 1348 episcopos
2804 1275 2825 1305 ⁸
2847 1290 2970 1328 cum
2998 1275 3293 1348 capellanis
3308 1276 3635 1348 presbiteris
3655 1280 3820 1348 prin.

2218 1362 2344 1416 ceps
2365 1362 2547 1401 secum
2577 1345 2794 1411 haheat,
2826 1354 2879 1399 et
2900 1346 3274 1416 unusquisque
3300 1346 3612 1414 praefectus
3639 1345 3816 1403 unum

2217 1414 2736 1500 prosbiterumnqui
2792 1414 3100 1500 hominibns
3148 1414 3372 1500 peccata
3423 1416 3819 1500 confitentibus

2220 1485 2460 1541 iudicare
2503 1495 2557 1541 ct
2613 1486 2850 1540 indicare
2909 1485 3295 1555 paenitentiam
3340 1488 3534 1555 possit.
3586 1487 3814 1545 Necnon

2221 1565 2275 1612 et
2300 1556 2419 1611 illas
2449 1557 2831 1627 venationeset
2864 1555 3480 1627 silvaticasvagationcs
3508 1573 3637 1613 cum
3659 1562 3817 1615 cani-

2220 1629 2322 1683 bus
2350 1627 2602 1682 omnibus
2632 1626 2804 1681 servis
2829 1626 2924 1680 Dei
2961 1625 3335 1681 interdiximus
3394 1645 3407 1681 :
3465 1627 3726 1686 similiter
3758 1642 3817 1686 ut

2224 1706 2535 1767 acceptores
2583 1697 2604 1727 ⁸
2647 1704 2703 1750 et
2746 1694 2983 1751 falcones
3020 1712 3127 1750 non
3158 1697 3413 1751 habeant.
3457 1698 3813 1757 Decrevimus

1534 1768 1703 1847 uodsi
1730 1769 2120 1847 saleuanuerit,
2161 1788 2204 1847 Β
2232 1783 2444 1847 quoqne
2471 1768 2616 1847 iusta
2665 1775 3274 1847 sanctoru_m_oanonos,
3323 1776 3388 1847 ut
3437 1771 3817 1847 unusquisque

2230 1836 2498 1908 presbiter
2528 1838 2580 1891 in
2602 1837 2888 1907 parrochia
2905 1836 3169 1908 habitans
3202 1838 3221 1868 '
3252 1837 3512 1906 episcopo
3539 1836 3819 1896 subiectus

2232 1906 2302 1980 sit
2325 1908 2419 1972 illi,
2446 1908 2498 1961 in
2522 1906 2684 1980 cuius
2702 1907 2989 1976 parrochia
3018 1906 3246 1980 habitat,
3274 1916 3329 1980 et
3358 1923 3579 1980 semper
3612 1911 3669 1965 in
3698 1926 3819 1980 qna-

2230 1977 2539 2048 dragesima
2586 1975 2849 2033 rationem
2879 1985 2934 2048 et
2974 1975 3221 2048 ordinem
3248 1975 3542 2033 ministerii
3567 1983 3677 2046 sui,
3710 1975 3817 2037 sive

2232 2050 2297 2105 de
2324 2046 2610 2120 baptisma,
2644 2063 2739 2103 seu
2761 2049 2827 2103 de
2856 2047 2961 2120 fide
2993 2046 3290 2120 catholica,_
3312 2047 3427 2103 sive
3449 2049 3518 2103 de
3564 2053 3819 2120 precibus

2232 2064 2297 2105 ue
2324 2064 2389 2104 na
2431 2064 2610 2113 usmo,
2644 2064 2739 2103 seu
2761 2064 2827 2103 ne
2856 2064 2960 2103 nae
2993 2064 3282 2110 catnonca,
3312 2064 3427 2103 SW8
3449 2064 3518 2103 ae
3564 2064 3818 2120 precibus

2231 2127 2285 2174 et
2310 2064 2501 2174 ordine
2540 2118 2829 2173 missarum
2881 2119 3133 2188 episcopo
3163 2117 3349 2173 reddat
3373 2126 3429 2173 et
3450 2122 3730 2177 ostendat.
3760 2123 3818 2177 Et

2233 2190 2662 2259 quandocunque
2717 2190 2837 2245 iure
2892 2192 3157 2244 canonico
3205 2189 3494 2259 episcopus
3522 2192 3818 2249 circumeat

2231 2260 2573 2332 parrochiam
2593 2260 2819 2332 populos
2837 2260 2905 2314 ad
2931 2259 3352 2332 confirmandos,
3379 2262 3657 2329 presbiter
3684 2280 3819 2319 sem-

2302 2346 2328 2383 r
2351 2341 2575 2400 paratus
2600 2332 2672 2385 sit
2697 2330 2764 2384 ad
2790 2331 3192 2400 suscipiendum
3220 2330 3535 2399 episcopum
3555 2349 3682 2387 cum
3714 2334 3818 2389 cal-

2253 2401 2466 2462 ectione
2512 2408 2567 2455 et
2619 2402 2891 2456 adiutorio
2914 2402 3120 2471 populi,
3151 2401 3241 2469 qui
3271 2401 3343 2455 ibi
3371 2402 3691 2458 confirmari
3724 2405 3815 2458 de-

2232 2471 2342 2527 bet.
2375 2472 2444 2527 Et
2469 2471 2523 2524 in
2552 2486 2719 2525 coena
2746 2472 2960 2526 Domini
2987 2485 3202 2541 semper
3241 2487 3440 2526 novum
3474 2474 3715 2529 chrisma
3753 2476 3817 2529 ab

2233 2543 2488 2612 episcopo
2516 2549 2762 2611 quaerat.
2797 2541 2864 2598 Ut
2878 2543 3130 2611 episcopo
3160 2542 3315 2596 testis
3338 2542 3573 2612 adsistat
3599 2546 3819 2600 castita-

2233 2612 2302 2666 tis
2332 2620 2385 2667 et
2416 2611 2560 2667 vitae
2605 2620 2660 2667 et
2715 2611 2837 2666 fidei
2889 2621 2943 2667 et
2987 2612 3272 2667 doctrinae
3315 2611 3475 2668 illius.
3508 2615 3818 2669 Statuimus

2232 2682 2419 2748 etiam,
2453 2689 2517 2754 uti
2568 2682 2862 2754 secundum
2908 2683 3172 2754 cautelam
3229 2697 3416 2754 omnes
3455 2685 3819 2754 undecunque

2233 2752 2678 2824 supervenientes
2708 2752 2920 2824 ignotos
2948 2753 3228 2824 episcopos
3246 2752 3330 2824 vel
3343 2753 3662 2822 presbiteras
3682 2752 3810 2807 ante

2232 2823 2608 2895 probationem
2640 2823 2954 2895 synodalem
2985 2825 3040 2877 in
3080 2823 3518 2895 ecclesiasticum
3566 2825 3817 2881 ministe-

2234 2892 2376 2950 rium
2435 2910 2545 2949 non
2611 2892 3040 2948 admitteremus.
3078 2892 3427 2948 Decrevimus
3463 2909 3705 2964 quoque,
3764 2904 3820 2949 ut

2235 2964 2533 3022 secundum
2597 2977 2833 3018 canones
2887 2965 3255 3032 unusquisque
3307 2964 3598 3033 episcopus
3641 2967 3697 3019 in
3729 2982 3819 3021 sua

2234 3036 2523 3106 parrochia
2536 3033 2956 3106 sollicitudinem
2967 3033 3184 3097 habeat,
3203 3033 3493 3106 adiuvante
3509 3038 3815 3106 graphione,

2162 3132 2208 3193 ρ
2237 3104 2332 3176 qui
2357 3104 2612 3193 d‘efen‘sor
2636 3104 2900 3193 ecclosiae
2924 3111 3137 3193 est,_ut
3157 3104 3819 3193 popuiusiDei.‘pa_gan_ias

2244 3174 2350 3256 non
2378 3174 2573 3241 faciat;
2597 3178 2692 3256 sed
2716 3182 2777 3256 ut
2803 3189 2995 3256 omnes
3035 3174 3326 3256 spurcitias
3354 3174 3687 3256 gentilitatis
3710 3178 3815 3231 abi-

2246 3246 2355 3302 ciat
2378 3255 2431 3302 at
2460 3253 2697 3317 respuat,
2724 3244 2839 3317 sive
2866 3243 3103 3317 profana,
3139 3243 3408 3317 sacrificia
3462 3256 3815 3313 mortuorum,

2248 3318 2362 3389 sive
2390 3313 2675 3389 sortilegos
2698 3314 2782 3370 vel
2810 3313 3039 3389 divinos,
3063 3316 3177 3389 sive
3197 3313 3490 3389 fylacteria
3504 3325 3564 3389 et
3585 3320 3817 3389 auguria,

2246 3388 2358 3458 sive
2388 3386 2801 3458 incantationes,
2835 3386 2962 3458 sive
2978 3386 3183 3458 hostias
3228 3386 3820 3458 immolatitiasfquas

2245 3457 2393 3513 stulti
2417 3457 2664 3512 homines
2682 3457 2831 3510 iuxta
2853 3456 3112 3511 ecclesias
3135 3456 3242 3510 ritu
3262 3470 3474 3525 pagano
3493 3456 3820 3513 faciunt'suh

2245 3528 2463 3598 nomine
2490 3535 2801 3582 sanctorum
2850 3536 3151 3598 martyrum
3178 3526 3679 3598 veliconfessorum
3727 3530 3818 3583 Do-

2245 3597 2378 3652 mini
2409 3598 2430 3629 ⁸
2464 3605 2518 3651 et
2549 3613 2677 3652 suos
2719 3605 2939 3652 sanctos
2967 3596 3035 3652 ad
3061 3596 3396 3666 iracundiam
3442 3609 3817 3666 provomntes,

2244 3669 2360 3725 sive
2387 3667 2505 3722 illas
2527 3667 2821 3736 sacrilegos
2850 3667 3021 3737 ignes,
3075 3682 3212 3737 quos
3240 3664 3561 3723 Nedfratres
3618 3678 3818 3731 vocant,

2244 3739 2358 3793 sive
2380 3753 2589 3801 omnes,
2614 3752 2969 3806 quaecunque
3008 3743 3162 3801 sunt,
3195 3751 3534 3807 paganorum
3583 3742 3813 3796 observa

2243 3809 2418 3863 tiones
2469 3808 2490 3839 '
2540 3808 2825 3878 diligenter
2867 3808 3205 3877 prohibeant.
3238 3807 3549 3878 statuimus
3578 3812 3820 3865 similiter

2244 3887 2302 3934 ut
2330 3879 2375 3934 si
2400 3887 2527 3948 post
2553 3876 2696 3933 hanc
2725 3876 3006 3948 synodum,
3068 3892 3209 3948 quae
3272 3876 3373 3932 fuit
3434 3878 3525 3933 ll.
3567 3880 3822 3936 Kalendas

2243 3950 2438 4009 Maias,
2466 3948 2855 4017 unusquisquis
2887 3949 2929 3979 ⁸⁸
2959 3962 3236 4003 servorum
3265 3948 3361 4003 Dei
3390 3950 3477 4005 vel
3508 3952 3822 4006 ancillarum

2241 4019 2443 4074 Christi
2470 4020 2524 4073 in
2554 4019 2758 4074 crimen
2801 4018 3177 4074 fornicationis
3226 4018 3409 4088 lapsus
3453 4018 3658 4087 fuerit,
3699 4022 3821 4076 utin

2242 4103 2461 4161 carcere
2484 4089 2875 4161 paenitentiam
2911 4088 3072 4161 faciat
3125 4090 3179 4142 in
3223 4104 3363 4158 pane
3408 4100 3466 4144 et
3492 4106 3661 4161 aqua.
3693 4093 3753 4147 Et
3781 4092 3824 4146 si

2241 4159 2522 4215 ordinatus
2547 4159 2814 4231 presbiter
2834 4159 2927 4231 sit,
2942 4159 3091 4231 duos
3112 4174 3283 4214 annos
3330 4161 3384 4214 in
3435 4159 3666 4217 carcere
3716 4178 3825 4231 per.

2241 4240 2479 4295 maneat,
2504 4227 2752 4284 et-antea
2780 4227 3080 4299 ﬂagellatus
3106 4238 3161 4299 et
3187 4231 3516 4286 seorticatus
3548 4227 3820 4296 videatur;

2239 4310 2295 4356 ct
2320 4309 2441 4369 post
2468 4301 2755 4370 episcopus
2794 4298 3074 4369 adaugeat.
3129 4298 3189 4354 Si
3236 4310 3418 4359 autem
3468 4302 3706 4359 clericus
3745 4304 3825 4358 vel

2244 4371 2536 4442 monachus
2588 4372 2641 4424 in
2670 4371 2774 4442 hac
2798 4379 3082 4440 peccatum
3123 4371 3395 4442 ceciderit,
3434 4382 3564 4442 post
3618 4374 3826 4430 tertiam

2241 4441 2673 4496 verberationem
2699 4440 2753 4494 in
2779 4439 3054 4496 Carcerem
3079 4439 3278 4497 missus
3305 4439 3610 4499 vertentem
3633 4460 3827 4499 annum

2167 4483 2220 4545 1)
2241 4511 2313 4545 tm
2335 4512 2725 4545 “nantia-niam
2742 4518 2860 4545 αηηι
2903 4510 3166 4545 αἰωςιίιηιρ
3190 4519 3239 4545 οι
3267 4528 3549 4545 “Anno-1M
3568 4515 3610 4545 ιι
3627 4516 3827 4545 v-1...“

2241 4511 2314 4566 ibi
2335 4512 2725 4579 paenitentiam
2742 4518 2883 4581 agat.
2903 4510 3166 4565 Similiter
3190 4519 3245 4566 et
3267 4528 3553 4570 nonnanes
3568 4515 3610 4545 ¹¹
3627 4516 3829 4570 velatae

2241 4582 2429 4637 eadem
2470 4581 2806 4651 poenitentia
2863 4583 3241 4637 contineantur
3260 4591 3315 4639 et
3341 4584 3610 4640 radantur
3643 4600 3829 4641 omnes

2241 4651 2420 4725 capilli
2443 4652 2639 4725 capitis
2659 4652 3168 4725 eius.Decrevimus
3192 4668 3406 4723 quoque
3442 4664 3501 4708 ut
3536 4655 3827 4725 presbiteri
3882 4696 3889 4699 .

2241 4724 2324 4776 vel
2354 4722 2566 4777 diaconi
2599 4738 2703 4777 non
2744 4722 2889 4793 sagis
2935 4722 3225 4793 laicorum"
3254 4722 3425 4787 more,
3476 4722 3577 4779 sed
3628 4726 3828 4780 casulis

2240 4800 2463 4847 utantur
2493 4795 2600 4848 ritu
2650 4792 2933 4848 servorum
2979 4792 3097 4848 Dei.
3138 4792 3206 4848 Et
3248 4793 3430 4850 nullus
3458 4795 3514 4848 in
3544 4812 3645 4849 sua
3672 4798 3829 4851 domo

2239 4862 2518 4945 mulierlem
2544 4862 2788 4945 habitare
2811 4864 3109 4945 permittat.
3142 4864 3209 4917 Et
3250 4874 3309 4945 ut
3345 4866 3614 4945 monachi
3633 4876 3694 4945 et
3732 4883 3830 4920 an.

2239 4931 2394 4987 cillac
2416 4932 2511 4987 Dei
2542 4931 2949 4989 monasteriales
2980 4935 3130 4987 iuxta
3159 4935 3396 5002 regulam
3434 4937 3617 4991 sancti
3659 4937 3830 4991 Bene

2240 5003 2369 5057 dicti
2400 5003 2657 5077 coenobia
2697 5003 3163 5077 vel_xenodochia_
3189 5020 3287 5058 sua
3326 5006 3588 5061 ordinare
3627 5006 3830 5077 guber-

2240 5087 2370 5127 nare
2391 5072 2445 5147 et
2466 5073 2647 5127 vivere
2678 5072 2991 5147 studeant,_
3020 5080 3075 5128 et
3114 5074 3283 5147 vitam
3308 5077 3590 5145 propriam
3630 5072 3835 5147 degere

2238 5143 2537 5198 secundum
2565 5143 2827 5212 praedicti
2856 5144 3027 5213 patris
3056 5143 3451 5201 ordinationem
3477 5164 3591 5202 non
3641 5143 3831 5217 negle-

2277 5222 2388 5267 ant.

2240 5229 2369 5357 811:”:
2376 5253 2541 5357 (Item
2587 5284 2754 5357 altera
2792 5284 3022 5355 synodus
3054 5304 3085 5340 a
3120 5285 3436 5357 supradictis
3478 5288 3738 5357 episcopis
3769 5305 3837 5340 ac

2240 5355 2473 5425 principe
2528 5354 3155 5425 apostolica’auctorilate
3184 5354 3478 5412 'Kalendas
3507 5354 3557 5388 ⁷⁸³
3599 5354 3837 5410 Martias

2245 5423 2494 5495 Lyptinas
2529 5423 2729 5480 habita.
2750 5424 2906 5481 Modo
2930 5425 2987 5481 in
3005 5427 3113 5482 hoc
3136 5427 3382 5499 synodali
3419 5435 3690 5484 conventu
3735 5427 3837 5496 qui

1762 5533 2150 5593 VARIANTES
2188 5537 2585 5594 LECTIONES.

638 5645 670 5727 ‘_
688 5655 931 5728 nostrum
955 5649 1020 5705 ϐ.
1099 5650 1521 5728 ’ίρρβμχιιί-σ.
1589 5653 1620 5728 ξ
1652 5651 1769 5728 alii?
1797 5655 1861 5709 C.
1938 5656 2336 5728 ‘Cuntharium
2371 5656 2437 5712 G.
2516 5658 2538 5692 ⁸
2568 5659 2895 5727 presbiteros
2916 5658 3109 5714 Tiiian.
3140 5658 3285 5714 Trec.
3365 5661 3388 5691 ⁸
3425 5659 3508 5716 vel
3538 5659 3844 5728 accipitres

1123 5721 1143 5751 ⁷
1178 5722 1383 5777 habitat
1409 5724 1473 5779 (ἶ.

1055 5793 1095 5824 ¹¹¹
1131 5792 1298 5849 caroli
1336 5793 1401 5849 (ἰ.

654 5717 707 5770 in
755 5720 1010 5789 margine.

568 5784 615 5861 ίὲ¹
640 5784 890 5845 ηοηαηεέ
907 5788 970 5844 G.

1586 5725 1607 5758 "
1636 5740 1684 5780 c.
1710 5725 1878 5780 Deum
1905 5734 1957 5781 et
1995 5726 2141 5782 Colb.
2186 5727 2354 5799 Ririp.
2385 5728 2502 5782 Bai.

2611 5729 2631 5758 ’
2661 5729 3133 5787 obseruationibus
3167 5729 3233 5786 ϐ.
3325 5732 3365 5764 ⁸⁵
3398 5739 3455 5786 ut
3480 5729 3729 5802 quisquis
3764 5734 3839 5788 (ἰ.
