3992 6344
176 339 283 400 τω

173 519 461 600 Ιιςρῖἰηὲε,
491 542 702 600 omnes
729 523 1063 600 venerabiles
1099 519 1408 600 sacerdotes
1438 519 1533 572 Dei
1580 527 1763 600 etco-

172 589 337 654 miies
364 610 419 654 et
445 589 707 668 praefecti
736 594 934 665 prioris
962 592 1151 668 synodi
1178 591 1393 668 decreta
1420 589 1766 668 consentien-

171 679 251 724 tes
284 659 665 731 ﬁrmaverunt,
690 659 855 735 seque
883 678 946 718 ea
968 659 1363 735 implere-velle
1391 670 1445 735 et
1474 660 1765 735 observare

168 740 567 811 promiserunt.
595 729 663 811 Et
690 729 881 811 omnis
922 729 1276 811 ecclesiastici
1321 731 1540 811 ordinis
1565 729 1760 811 cie-rus,

169 800 419 891 Episcopi
442 817 511 891 et
524 806 833 891 presbiteri.
846 812 903 859 et
928 805 1173 891 diaconi
1189 817 1325 891 eum
1350 800 1764 891 reliquis‘clenri-

171 876 272 945 eis,
307 876 683 949 suscipientes
723 876 1072 949 antiquorum
1116 880 1332 949 patrum
1364 887 1600 949 canones
1638 886 1765 949 pro-

172 942 478 1015 miserunt;
502 964 562 1003 se
581 947 720 1003 velle
739 942 1105 1001 ecclesiastica
1128 944 1245 1015 iura
1274 944 1514 998 moribus
1546 950 1603 997 et
1639 942 1767 997 doc-

170 1022 335 1077 trinis
362 1029 421 1075 et
440 1012 744 1089 ministerio
764 1029 1103 1089 recuperare.
1133 1012 1371 1089 Abbates
1399 1029 1530 1089 vero
1558 1021 1614 1089 et
1647 1026 1765 1089 mo:

171 1092 337 1147 nacbi
363 1084 689 1157 receperunt
713 1080 951 1157 regulam
981 1084 1153 1157 sancti
1183 1084 1354 1157 patris
1385 1082 1671 1157 _Benedicti
1698 1080 1763 1136 ad

169 1152 593 1217 restaurandam
631 1152 876 1213 normam
903 1156 1167 1226 regularis
1193 1152 1354 1226 vitae.
1383 1152 1765 1226 Fornicatores

169 1246 419 1301 namque
449 1241 505 1287 et
533 1227 805 1285 adulteros
833 1224 1121 1301 clericos‘,
1150 1225 1242 1301 qui
1292 1234 1478 1279 sancta
1528 1224 1765 1301 loca_vel

169 1293 517 1358 monasteria
540 1309 667 1355 ante
696 1306 939 1354 tenentes
963 1293 1466 1365 coinquinaverunt,
1494 1293 1764 1364 praecipi-

168 1388 299 1427 mus
319 1373 450 1426 inde
480 1369 669 1425 tollere
688 1377 743 1424 et
770 1368 839 1423 ad
863 1366 1256 1437 poenitentiam
1275 1365 1524 1437 redigere
1553 1367 1603 1437 '.
1630 1365 1696 1419 Et
1719 1365 1766 1437 si

166 1451 301 1513 post
332 1443 479 1497 hanc
505 1435 981 1513 deﬁnitionem—in
1010 1435 1638 1513 crimen__fornicationis
1682 1436 1766 1513 vel

169 1505 436 1569 adulterii
460 1509 783 1579 ceciderint,
815 1508 1017 1579 prioris
1060 1505 1251 1578 synodi
1295 1506 1554 1579 iudicium
1602 1506 1768 1579 susti-

172 1592 368 1638 neant.
409 1578 677 1636 Similiter
699 1575 1025 1637 etmonacbi
1052 1575 1108 1633 et
1149 1590 1364 1632 nonnae
1393 1576 1433 1630 ³.
1464 1575 1767 1635 Statuimus

169 1669 399 1723 quoque
426 1667 551 1707 cum
574 1649 1106 1723 consilioservorum
1126 1647 1242 1723 _Dei
1286 1654 1341 1701 et
1379 1646 1560 1716 populi
1589 1646 1767 1723 chris-

170 1716 347 1790 tiani,
404 1732 629 1793 propter
675 1718 1011 1793 imminentia
1057 1717 1231 1793 bella
1257 1724 1313 1771 et
1360 1716 1765 1786 persecutiones

169 1788 525 1852 caeterai'uni
550 1790 793 1861 gentium
822 1804 960 1858 quae
980 1789 1036 1861 in
1067 1788 1296 1844 circuitu
1321 1795 1508 1843 nostro
1529 1793 1675 1861 sunt,
1704 1794 1764 1861 _ut

170 1867 281 1925 mh
326 1857 690 1936 precario__et
735 1857 897 1936 censu
944 1859 1178 1936 aliquam
1220 1866 1431 1936 partem
1473 1857 1769 1936 ecclesialis

171 1926 444 2007 pecuniae
462 1934 518 2007 in
545 1931 870 2007 adiutorium
893 1926 1168 1986 exercitus
1187 2000 1198 2007 _
1220 1926 1391 1983 nostri
1427 1944 1552 1983 cum
1593 1926 1770 2007 indul-

169 1999 357 2076 gentia
404 2004 501 2060 Dei
530 2003 1073 2076 aliquanto_tempore
1097 2000 1458 2062 retineamus,
1489 2013 1553 2052 ea
1584 1999 1772 2076 condi-

177 2069 351 2139 tione,
380 2083 443 2129 ut
475 2069 637 2129 annis
656 2071 883 2142 singulis
909 2069 974 2126 de
1003 2085 1325 2142 unaquaque
1367 2084 1491 2142 casa
1536 2069 1767 2134 solidus,

174 2148 227 2202 id
251 2155 340 2202 est
364 2145 654 2201 duodecim
685 2140 910 2206 denarii,
940 2142 1007 2195 ad
1040 2141 1324 2196 ecclesiam
1374 2140 1457 2195 vel
1498 2149 1770 2195 monaste-

170 2219 320 2272 rium
370 2217 700 2278 reddantur;
747 2226 812 2267 eo
858 2210 1037 2278 modo,
1087 2220 1146 2265 ut
1172 2212 1217 2266 si
1247 2210 1512 2265 moriatur
1537 2211 1646 2275 ille,
1683 2211 1773 2265 cui

172 2287 410 2358 pecunia
444 2284 789 2358 commodata
813 2281 835 2314 ⁸
859 2281 981 2358 fuit,
1009 2282 1236 2358 ecclesia
1273 2297 1398 2358 cum
1436 2282 1655 2351 propria
1679 2296 1774 2351 pe-

172 2352 338 2413 cunia
368 2356 629 2412 revestita
656 2355 756 2419 sit;
787 2361 841 2406 et
859 2353 1076 2419 iterum,
1105 2355 1150 2407 si
1168 2352 1464 2407 necessitas
1485 2360 1642 2421 cogat
1680 2360 1773 2405 aut

173 2430 433 2499 princeps
456 2428 675 2499 iubeat,
701 2423 1025 2499 precarium
1051 2432 1342 2479 renovetur
1360 2431 1417 2499 et
1440 2422 1774 2499 rescribatur

177 2492 403 2555 novum.
475 2498 544 2552 Et
567 2492 791 2551 omnino
815 2494 1153 2559 observetur,
1180 2502 1240 2548 ut
1261 2493 1523 2548 ecclesiae
1548 2492 1631 2546 vel
1657 2507 1774 2547 mo—

178 2570 422 2624 nasteria
463 2566 747 2638 penuriam
785 2573 839 2618 et
864 2573 1241 2638 paupertatem
1290 2580 1398 2638 non
1452 2564 1768 2638 patiantur,

178 2655 414 2708 quorum
440 2634 671 2708 pecunia
700 2636 753 2708 i_n
775 2635 1020 2708 precario
1043 2636 1304 2708 praestita
1331 2635 1422 2708 sit.
1451 2634 1624 2708 Sell‘si
1648 2649 1776 2702 pau-

178 2704 364 2780 pertas
386 2704 565 2780 cogat,
608 2706 870 2780 ecclesiae
889 2712 942 2759 et
965 2704 1146 2780 domui
1172 2706 1267 2760 Dei
1288 2705 1542 2780 reddatur
1565 2704 1774 2780 integra

177 2774 481 2851 possessio:
507 2778 771 2851 Similiter
819 2776 1314 2851 praecipimus,_ut
1358 2774 1508 2851 iuxta
1556 2775 1774 2829 decreta

178 2844 461 2906 canonum
483 2848 747 2903 adulteria
778 2856 832 2899 et
858 2844 1062 2901 incesta
1086 2844 1454 2909 matrimonia,
1484 2859 1623 2913 quae
1664 2860 1772 2900 non

186 2929 321 2975 sunt
354 2921 615 2987 legitima,
643 2918 1035 2987 prohibeantur
1048 2924 1103 2970 et
1122 2917 1481 2970 emendentur
1503 2914 1777 2987 episcopo-

193 2937 321 2975 δυηι
358 2937 409 2973 te
470 2937 615 2983 tuna,
643 2937 1103 2987 ρΓοιιιυυειηιυι-ει
1122 2937 1481 2970 ειηειιῑιειιιω·
1503 2937 1774 2984 υμιδυυμυ-

193 3007 320 3045 rum
343 2937 574 3052 iugicio;
599 2999 653 3043 et
677 2997 738 3041 ut
772 2987 1037 3057 mancipia
1081 2987 1377 3042 christiana
1406 2986 1628 3055 paganis
1666 3000 1774 3040 non

199 3061 506 3119 tradantur.
531 3059 871 3115 Deerevimus
897 3074 1129 3127 quoque,
1153 3057 1308 3128 quod,
1335 3063 1389 3109 et
1428 3064 1584 3128 pater
1622 3071 1776 3128 meus

195 3140 326 3190 ante
345 3131 719 3202 praecipiebat,
768 3126 948 3202 ut_qui
984 3126 1222 3202 paganas
1264 3126 1670 3202 observationes
1700 3127 1771 3202 _in

192 3196 383 3332 alibqga
410 3216 468 3256 re
490 3196 703 3265 fécerit,
740 3196 1001 3255 multetur
1041 3196 1097 3253 et
1139 3199 1426 3254 damnetur
1464 3196 1772 3266 quindecim

192 3287 247 3327 so
330 3288 400 3326 IS.

186 3287 400 3327 SOIIGIS.

254 3342 312 3399 ι,
376 3342 454 3396 De
507 3341 614 3411 ﬁde
670 3339 929 3413 catholica
990 3348 1039 3395 et
1097 3340 1591 3413 primopraecepto
1622 3336 1772 3413 legis.

185 3412 374 3469 Priruo
394 3407 638 3468 omnium
678 3411 1059 3476 admonemus,
1097 3407 1167 3465 'ut
1224 3407 1359 3463 ﬁdes
1396 3407 1775 3465 catholica'ab

180 3484 460 3553 episcopis
494 3492 549 3538 et
575 3482 891 3553 presbiteris
913 3481 1198 3551 diligenter
1224 3479 1469 3553 legatur,
1521 3478 1777 3548 omnique

178 3549 390 3625 populo
413 3549 778 3624 praedicetur.
833 3552 948 3625 Hoc
975 3549 1120 3625 enim
1153 3549 1389 3625 primum
1429 3558 1777 3625 praeceptum

180 3618 395 3681 doinini
415 3618 517 3679 Dei
543 3623 1042 3693 omnipotentisgest
1071 3622 1127 3676 in
1153 3618 1273 3690 lege
1305 3636 1318 3673 :
1344 3619 1515 3693 A_udi,
1546 3618 1773 3693 Israel,

175 3696 311 3766 quia
333 3695 585 3749 dominus
607 3688 748 3766 Deus
774 3704 894 3748 tuus
918 3691 1059 3747 Deus
1081 3688 1227 3746 unus
1239 3699 1335 3744 est.
1370 3689 1439 3743 Et
1459 3697 1519 3743 ut
1545 3688 1634 3743 ille
1657 3690 1778 3766 dili-

176 3760 351 3835 gatur
375 3781 445 3820 ex
468 3773 583 3820 toto
600 3763 786 3828 corde,
812 3771 869 3818 et
891 3779 957 3821 ex
981 3770 1095 3818 tota
1122 3768 1322 3826 mente,
1353 3768 1409 3816 et
1434 3774 1502 3816 ex
1523 3767 1636 3815 tota
1660 3760 1778 3813 ani-

176 3852 306 3899 ma,
343 3844 401 3891 et
434 3849 503 3889 ex
527 3844 639 3891 tota
662 3835 882 3890 virtute.

254 3906 313 3960 5.
359 3905 438 3959 De
480 3922 606 3975 pace
634 3915 683 3960 et
724 3903 1005 3958 concordia
1031 3901 1309 3975 servanda.
1356 3902 1428 3975 Ut
1450 3916 1556 3975 pax
1580 3900 1677 3975 _si_t
1721 3906 1776 3953 et

172 3971 491 4034 concordia
506 3984 561 4030 et
583 3975 912 4030 unanimitas
945 3990 1070 4029 cum
1090 3972 1237 4027 omni
1260 3971 1455 4042 p0pulo
1479 3971 1777 4026 christiano

176 4048 333 4104 inter
370 4047 671 4115 episcopos,
695 4045 937 4107 abbates,
974 4043 1233 4106 comites,
1273 4042 1479 4097 iudices
1511 4048 1565 4095 et
1587 4055 1776 4115 omnes

175 4110 516 4188 ubique—seu
543 4110 781 4188 maiores
804 4130 899 4169 seu
933 4115 1172 4169 minores
1209 4126 1495 4186 personas;
1541 4111 1667 4188 quia
1693 4110 1778 4188 ni-

176 4189 267 4245 hil
300 4180 413 4243 Deo
436 4188 553 4242 sine
582 4202 713 4256 pace
734 4185 925 4256 placet,
954 4200 1055 4239 nec
1080 4180 1278 4256 muniis
1305 4191 1524 4256 sanctae
1547 4180 1778 4256 oblatio-

177 4260 276 4314 nis
300 4258 370 4313 ad
408 4252 599 4321 altare:
636 4252 777 4312 sicut
800 4255 852 4310 in
876 4256 1155 4323 euangelio
1181 4255 1298 4323 ipso
1324 4253 1551 4308 Domino
1573 4252 1776 4321 praeci-

175 4330 373 4413 piente
410 4327 659 4413 legimus.
688 4328 756 4382 Et
782 4335 841 4409 ut
870 4333 955 4381 est
981 4323 1111 4413 illud
1139 4324 1436 4413 secundum
1461 4323 1773 4413 mandatum

176 4392 238 4475 in
272 4400 393 4470 lege
423 4392 676 4475 :Iziliges.
684 4398 981 4475 proximum
1008 4405 1155 4475 tuum
1176 4396 1309 4475 sicut
1338 4394 1609 4475 κληθείητε
1640 4392 1774 4446 Item

175 4472 238 4526 in
268 4462 604 4540 811⁷³1188ιὶρῖ
634 4462 783 4521 Beati
809 4466 1019 4540 paciﬁci
1038 4507 1052 4530 ,
1082 4465 1329 4536 quoniam
1365 4462 1465 4532 ﬁlii
1498 4462 1606 4540 Dei
1624 4479 1775 4540 voca-

175 4486 238 4526 ω
268 4483 558 4540 enangeuo
591 4485 604 4520 :
634 4483 781 4521 ﬂeatt
848 4483 1018 4535 acute!
1038 4507 1052 4530 ,
1082 4483 1329 4536 quamam
1365 4483 1465 4532 {tm
1498 4483 1596 4516 υει
1624 4483 1774 4517 voca-

175 4542 408 4615 buntur.
442 4540 506 4615 Et
531 4539 728 4615 iterum
756 4483 862 4615 n
879 4537 974 4615 hoc
989 4543 1295 4615 cognoscent
1318 4533 1641 4615 omnesquia
1665 4532 1774 4585 dis-

175 4610 354 4680 cipuli
377 4610 480 4663 mei
504 4610 656 4672 estis,
682 4608 728 4662 si
758 4603 1088 4680 dilectionem
1119 4603 1409 4680 habueritis
1440 4603 1508 4680 ad
1533 4603 1770 4680 inuicem.

176 4672 245 4735 In
269 4680 379 4734 hoc
401 4680 546 4734 enim
562 4685 849 4748 praecepto
869 4676 1250 4748 discernuntur
1266 4673 1358 4748 ﬁlii
1376 4672 1535 4727 Deiet
1552 4672 1646 4748 ﬁlii
1663 4673 1778 4726 dia-

173 4749 320 4813 boli,
348 4749 476 4819 quia
499 4742 593 4805 ﬁlii
636 4742 835 4804 diaboli
864 4761 1079 4819 semper
1112 4744 1472 4819 dissentiones
1495 4751 1551 4797 et
1571 4742 1777 4819 discor-

174 4821 311 4875 dias
338 4813 560 4875 movere
583 4824 869 4889 satagunt,
894 4813 997 4870 ﬁlii
1017 4825 1195 4870 autem
1223 4815 1317 4869 Dei
1341 4827 1556 4883 semper
1580 4813 1699 4882 paci
1721 4820 1776 4867 et

176 4890 473 4946 dilectioni
500 4890 738 4945 student.
1692 4932 1707 4947 ,

260 4959 318 5014 6.
361 4957 440 5031 pe
464 4977 524 5015 eo
553 4961 643 5031 qui
675 4977 708 5013 a
732 4956 1015 5031 presbitero
1044 4972 1147 5009 non
1175 4954 1435 5031 baptizata
1482 4952 1774 5031 baptizatus

176 5040 288 5106 est.
353 5029 414 5089 Si
450 5023 576 5106 quis
617 5023 921 5106 baptizatus
948 5034 1048 5106 est.
1071 5040 1103 5078 a
1128 5023 1439 5106 _preSbilero
1494 5037 1599 5077 non
1624 5023 1779 5105 .bap-

179 5104 365 5156 tizato
387 5141 402 5164 ,
442 5093 498 5155 e'i
521 5093 708 5155 sancta
745 5096 982 5153 Trinitas
1037 5095 1091 5149 in
1126 5093 1243 5163 ipso
1296 5094 1585 5164 baptismo
1623 5093 1777 5147 invo-

178 5181 324 5252 cata
384 5162 518 5252 fuit,
578 5169 885 5252 baptizatus
941 5174 1024 5221 est
1086 5162 1228 5220 sieut
1260 5162 1590 5252 Sergi-us“:
1638 5176 1776 5252 papa

177 5241 362 5311 dixit;
433 5233 772 5311 impositione
826 5250 1201 5311 ver9_manus
1260 5233 1479 5311 indiget.
1516 5233 1781 5311 Georgius

178 5303 484 5382 episcopus
506 5303 797 5367 Romanus
831 5318 885 5364 et
917 5308 1181 5363 Iohannes
1213 5304 1529 5361 sacellarius
1554 5303 1633 5359 sic
1655 5318 1780 5359 sen-

181 5389 411 5438 serunt.

687 338 839 395 COD.
882 334 1155 392 DIPLOM.
1198 364 1264 373 -—~
1294 329 1651 387 BENEDICTI
1689 331 2205 389 CAPITULARIUM
2243 332 2644 393 COLLECTIO.
2671 372 2739 379 —
2769 340 2897 396 LIB.
2940 342 2980 397 l.

172 467 544 530 wngregatus
561 465 649 512 est
675 454 945 530 Kalendas
967 451 1193 530 _Martias
1219 448 1286 530 in.
1306 449 1424 530 loco
1438 447 1544 530 'qui
1568 447 1765 530 dicitur
1795 452 1842 510 Α
1943 448 1993 503 7.
2037 450 2115 502 De
2151 468 2227 514 eo,
2268 454 2674 530 quifiiastrurn
2713 467 2803 510 aut

3352 345 3455 403 706

2286 458 2674 535 luinﬁiiastrurn
2713 467 2803 510 aut
2847 458 3129 535 ﬁliustrqm
3171 469 3294 516 ante
3346 464 3456 535 epi-

1866 535 2077 589 scopum
2097 525 2337 576 tenuerit.
2355 523 2412 578 Si
2431 526 2551 593 quis
2575 523 2857 582 liliastrum
2882 536 2974 581 aut
3001 529 3279 585 ﬁlinslram
3297 523 3454 589 suam

1866 599 1991 674 ante
2016 593 2325 674 episcopum
2363 596 2429 648 ad
2468 598 2932 674 conﬁrmationem
2979 601 3243 674 tenuerit,
3291 617 3451 674 sepa-

1867 670 2019 715 retur
2053 664 2120 717 ab
2163 678 2331 717 uxore
2381 681 2509 731 sua,
2561 677 2616 721 et
2661 668 2886 723 alteram
2928 686 3037 724 non
3072 664 3325 731 accipiat.
3353 664 3454 730 'Si-

1866 732 2069 814 utiliter
2112 740 2167 788 et
2202 734 2399 790 mulier
2446 736 2675 794 alterum
2716 755 2825 795 non
2875 741 3126 811 accipiat.

1866 813 2056 857 sensu.

1905 874 2010 956 .8.A
2033 872 2111 956 De
2134 874 2244 955 Itis,
2283 877 2372 956 qui
2397 886 2607 956 propter
2633 877 2834 956 {nidum
2862 881 2917 934 in
2954 880 3339 956 aliasnpatrias
3367 883 3456 956 [u-

1864 944 2033 1027 giunt.
2071 942 2171 1027 Qui
2211 942 2430 1027 propter
2475 942 2675 1001 faidam
2714 949 2924 1021 fugiunt
2947 951 3016 1027 in
3062 942 3197 1027 alias
3245 942 3454 1027 patrias

1865 1022 1921 1067 et
1978 1015 2255 1069 dimittunt
2312 1031 2510 1072 uxores
2570 1032 2726 1083 suas,
2773 1015 2889 1075 'nec
2946 1021 3036 1075 ille
3082 1021 3169 1076 vir
3215 1015 3317 1078 n'ec
3356 1024 3450 1078 illa

1866 1083 2065 1167 femina
2140 1086 2408 1155 accipiant
2480 1088 2713 1143 alterum
2788 1090 3120 1164 coniugium.
3184 1092 3457 1166 Georgius

1868 1166 2059 1209 εθιιειῐ.
2700 1192 2703 1195 ‹

1935 1224 1988 1281 9.
2030 1224 2107 1281 De
2140 1228 2369 1282 incestis.
2404 1227 2461 1283 Si
2486 1228 2648 1284 homo
2671 1228 2936 1285 incestum
2967 1232 3301 1289 commiserit
3326 1247 3453 1290 cum

1865 1296 1976 1351 Deo
2001 1306 2210 1353 sacrata
2235 1306 2328 1353 aut
2361 1315 2484 1355 cum
2524 1310 2700 1355 matre
2746 1316 2844 1355 sua
2894 1310 2990 1356 aut
3040 1318 3163 1357 cum
3213 1304 3450 1359 matrina

1866 1382 1963 1449 sua
1990 1367 2055 1422 de
2076 1367 2227 1449 fonte
2246 1376 2341 1449 aut
2383 1370 2404 1401 ‘
2436 1370 2875 1449 confirmatione,
2905 1382 2999 1427 aut
3021 1389 3143 1428 cum
3170 1385 3373 1449 matre“
3395 1380 3452 1429 et

1866 1436 1994 1500 ﬁlia,
2036 1454 2157 1493 cum
2195 1439 2403 1495 duabus
2426 1442 2734 1508 sororibus,
2786 1451 2880 1498 aut
2924 1458 3047 1498 cum
3078 1446 3268 1499 matris
3302 1444 3449 1509 ﬁlia,

1866 1517 1959 1590 aut
1976 1524 2098 1563 cum
2130 1513 2333 1590 sororis
2348 1511 2480 1590 _ﬁlia,
2509 1521 2602 1566 aut
2633 1528 2755 1567 cum
2782 1520 2963 1590 nepta,
2995 1522 3233 1590 ant_cum
3257 1530 3453 1570 consoo

1866 1578 2042 1644 brina,
2073 1587 2167 1634 aut
2214 1581 2467 1648 subrina,
2516 1590 2611 1637 aut
2654 1598 2778 1637 cum
2822 1578 2988 1638 amita
3031 1585 3115 1638 vel
3135 1596 3446 1650 matertera,

1867 1657 1970 1732 aut.
1991 1651 2290 1732 '_.cum.bi_s
2312 1651 2509 1732 quibus
2537 1668 2774 1732 canones
2811 1655 3101 1732 prohibent
3123 1656 3365 1732 copulari
3404 1656 3451 1723 ⁸,

1867 1719 1935 1794 de
1956 1720 2077 1794 istis
2117 1719 2437 1794 crimini—bus
2460 1725 2745 1792 pecuniam
2768 1719 2921 1778 suam
2945 1726 3155 1794 perdat,
3182 1719 3228 1780 si
3257 1719 3456 1782 babuei-

3234 744 3455 815 eorgius

1798 1812 1845 1871 Β
1875 1790 2060 1871 ψει
2085 1790 2130 1846 si
2155 1792 2288 1871 haec
2304 1790 2593 1871 emendare
2627 1794 2891 1871 noluerit,
2934 1790 3259 1871 nulluseum
3311 1797 3453 1871 reci-

1875 1860 1987 1936 piat
2010 1876 2110 1916 nec
2138 1863 2319 1936 cibum
2344 1865 2522 1920 donet.
2549 1863 2617 1919 Et
2644 1866 2690 1919 si
2716 1863 2924 1936 fecerit,
2948 1866 3228 1936 sexaginta
3252 1866 3455 1922 solidos

1875 1931 2074 2014 domno
2096 1934 2209 2014 regi
2233 1944 2538 2014 componat,
2578 1935 2891 2014 usquedum
2918 1936 3032 2014 ipse
3055 1931 3310 2014 lfqmqse
3334 1952 3455 1992 cor-

1874 2003 2095 2074 rexerit.
2138 2003 2206 2074 Et
2252 2005 2298 2060 si
2323 2008 2606 2074 pecuniam
2634 2003 2741 2061 non
2771 2003 3039 2073 habuerit,
3082 2007 3127 2061 si
3185 2005 3323 2062 liber
3350 2015 3451 2072 est,

1875 2073 2122 2128 mittatur
2148 2072 2506 2147 incarcerem
2529 2091 2700 2147 usque
2719 2076 3171 2141 satisfactionem;
3202 2077 3246 2131 si
3274 2087 3455 2131 autem
3494 2094 3504 2103 ·

1874 2159 2063 2218 servus
2088 2153 2183 2199 aut
2207 2145 2431 2202 libertus
2459 2156 2561 2212 est,
2593 2145 2875 2218 vapuletur
2894 2148 3070 2218 plagis
3093 2147 3297 2218 multis.
3323 2147 3390 2201 Et
3407 2148 3454 2203 si

1875 2215 2124 2288 dominus
2153 2231 2283 2288 suus
2303 2231 2425 2271 eum
2458 2215 2766 2285 permiserit
2800 2215 3030 2286 amplius
3059 2218 3112 2270 in
3147 2217 3306 2288 talem
3347 2218 3457 2288 lap-

1875 2299 1991 2339 sum
2015 2287 2227 2359 cadere,
2253 2287 2375 2359 ipse,
2387 2289 2667 2359 sexaginta
2694 2288 2895 2359 solidos
2922 2288 3121 2359 domno
3162 2287 3277 2359 regi
3314 2287 3457 2359 com-

1873 2363 2039 2424 ponat
2073 2357 2115 2409 '.
2163 2357 2238 2411 De
2288 2356 2684 2426 reliquis'vero
2710 2358 3027 2429 propinquis
3053 2358 3202 2411 iuxta
3229 2356 3429 2414 'consti

1875 2433 1991 2550 tutia
2023 2435 2333 2550 sanctorum
2380 2436 2599 2498 patrum
2634 2438 2689 2484 et
2733 2430 2883 2483 iuxta
2918 2430 3135 2484 decreta
3182 2443 3453 2484 canonum

1875 2513 1928 2550 ιυ
1970 2510 2050 2550 tce
2079 2513 2163 2550 ur.

1875 2505 2163 2551 iudicetur.

1946 2565 2035 2621 10.
2057 2566 2135 2639 De
2149 2566 2513 2639 ecclesiasticis
2537 2570 2677 2623 viris.
2699 2569 2759 2625 Si
2779 2569 3134 2625 ecclesiastici
3149 2568 3251 2623 viri
3272 2582 3460 2639 supra-

1876 2636 2020 2708 dicta
2064 2636 2303 2693 facinora
2330 2639 2722 2704 commiserint,
2774 2640 2817 2694 si
2866 2640 3202 2695 honorabilis
3226 2636 3460 2708 persona

1876 2706 2060 2775 fuerit,
2082 2708 2272 2778 perdat
2290 2710 2548 2764 honorem
2567 2725 2754 2775 suum;
2788 2712 3025 2767 minores
3054 2724 3183 2764 vero
3202 2706 3460 2778 vapulen-

1876 2786 1966 2831 tur
1993 2788 2087 2833 aut
2124 2779 2178 2833 in
2204 2794 2479 2834 carcerem
2514 2779 2818 2835 mittantur.

1948 2848 2037 2902 11.
2074 2848 2154 2902 De
2186 2850 2484 2919 presbiteris
2518 2859 2565 2903 et
2592 2849 2813 2915 clericis,
2846 2860 2903 2904 ut
2923 2849 3328 2905 archidiaconus
3372 2865 3464 2904 eos

1875 2928 2116 2990 convocet
2161 2918 2232 2972 ad
2271 2920 2562 2990 synodum.
2600 2920 2677 2973 De
2704 2921 3026 2990 presbiteris
3066 2929 3119 2975 et
3142 2920 3357 2975 clericis
3384 2919 3464 2975 sic

1876 2988 2263 3060 ordinavimus,
2298 2988 2357 3043 ut
2383 2988 2797 3045 archidiaconus
2822 2991 3061 3060 episcopi
3088 3006 3183 3046 eos
3204 2990 3273 3043 ad
3294 3005 3459 3060 syno-

1878 3059 2005 3114 dum
2033 3068 2294 3143 convocet
2431 3060 2503 3143 Et
2532 3059 2578 3113 si
2616 3061 2739 3143 quis
2784 3059 2870 3143 ire
2897 3059 3303 3143 contempserit,
3328 3059 3463 3116 tunc

1879 3144 2061 3212 eomes
2085 3130 2325 3212 iussione
2353 3129 2393 3160 “
2420 3129 2656 3212 episcopi
2700 3132 2961 3212 monitus‘
2983 3129 3463 3201 eum'distringere

1880 3198 2057 3264 faciat,
2100 3200 2174 3255 ita
2205 3208 2265 3254 ut
2302 3200 2418 3269 ipse
2443 3198 2716 3269 presbiter
2741 3210 2835 3255 aut
2867 3200 3117 3257 defensor
3143 3216 3275 3255 suus
3302 3198 3462 3256 sexa-

1875 3271 2023 3343 ginta
2049 3271 2250 3327 solidos
2275 3279 2561 3340 componat
2599 3280 2669 3343 et
2691 3272 2759 3326 ad
2800 3273 3064 3343 synodum
3098 3278 3285 3341 postea
3314 3271 3463 3343 ‘velit

1877 3340 2016 3424 nolit
2038 3343 2240 3424 veniat,
2265 3350 2320 3397 et
2344 3344 2627 3424 episc_0pus
2659 3340 3227 3424 ipsum'presbiterum
3246 3340 3464 3424 velcle-

1878 3412 2055 3467 ricum
2105 3413 2254 3468 iuxta
2299 3410 2615 3468 canonicam
2654 3410 3033 3468 auctoritatem
3063 3410 3347 3467 diiudicari
3378 3412 3463 3467 fa-

1878 3482 2007 3553 ciat.
2039 3481 2208 3538 Solidi
2235 3498 2365 3538 vero
2389 3483 2668 3553 sexaginta
2691 3484 2756 3539 de
2780 3481 2896 3553 ipsa
2916 3496 3079 3539 causa
3120 3481 3176 3536 in
3203 3482 3465 3539 sacellum

1878 3552 2063 3609 domni
2090 3553 2234 3623 regis
2255 3554 2495 3608 veniant.

1950 3643 2038 3699 12.
2077 3642 2156 3699 De
2180 3661 2240 3700 eo
2263 3652 2360 3716 qut
2369 3644 2528 3699 misso
2556 3643 2781 3714 episcopi
2820 3642 3195 3716 contradiaerit
3221 3642 3298 3699 uel
3321 3662 3467 3716 prcs-

1879 3715 2064 3785 biteroi
2095 3724 2187 3768 aut
2228 3711 2433 3785 clerico
2484 3711 2856 3768 incéstuosum.
2888 3711 2979 3785 _Sig
3014 3714 3193 3785 aliqua
3232 3711 3464 3785 persona

1877 3800 1974 3855 per
2016 3784 2327 3855 violentiam
2361 3785 2663 3853 presbitero
2716 3782 3052 3855 authclerioo
3102 3782 3186 3839 vel
3222 3782 3264 3815 ¹⁷¹
3295 3786 3467 3842 misso

1878 3853 2117 3923 episcopi
2171 3854 2538 3910 incestuosum
2601 3853 3027 3918 contradixerit,
3089 3862 3220 3915 tunc
3280 3871 3466 3913 comes

1878 3924 2049 3994 ipsam
2086 3939 2373 3993 personam
2423 3938 2521 3993 per
2557 3923 2904 3979 ﬁdeiussores
2937 3924 3169 3991 positam
3207 3933 3332 3979 ante
3374 3942 3462 3980 re-

1878 3993 2000 4075 gem
2038 3994 2203 4050 faciat
2239 3993 2425 4075 venire
2463 4004 2735 4075 unancu'm
2783 3994 2967 4075 missis
3012 3994 3270 4075 episcopi.
3314 3995 3382 4049 Et
3415 3997 3461 4027 ¹³

1878 4064 2107 4190 gomlnus
2143 4080 2240 4120 rex
2287 4066 2364 4119 ita
2408 4078 2503 4119 eos
2540 4064 2863 4133 distringat,
2917 4070 2974 4116 ut
3021 4064 3223 4118 caeteri
3269 4078 3458 4120 emen-

1916 4150 1981 4189 en
2010 4151 2095 4190 ur.

1916 4150 1981 4189 CII
1989 4143 2095 4190 tur.

1949 4227 2037 4281 I5.
2071 4225 2150 4297 De
2168 4226 2249 4281 Itis
2267 4268 2281 4291 ,
2305 4226 2395 4297 qui
2418 4242 2498 4280 res
2524 4224 3071 4297 ecclesiasticasverbo
3097 4223 3292 4297 _domni
3324 4226 3461 4297 regis

1878 4306 2067 4352 tenent.
2098 4296 2169 4352 Ut
2194 4297 2272 4352 illi
2296 4294 2560 4359 homines,
2584 4296 2677 4365 qui
2699 4310 2788 4350 res
2809 4294 3209 4350 ecclesiasticas
3226 4311 3326 4366 per
3345 4294 3462 4351 ver-

1877 4369 2003 4422 bum
2029 4366 2215 4422 domui
2234 4368 2378 4438 regis
2400 4367 2732 4438 tenenttsic
2767 4366 3077 4438 ordinatum
3118 4375 3219 4438 est,
3255 4376 3313 4421 ut
3341 4366 3465 4423 illas

1876 4438 2135 4493 ecclesias
2160 4436 2317 4494 unde'
2327 4445 2473 4504 sunt,
2500 4438 2583 4491 vel
2611 4437 2732 4491 illas
2750 4436 2944 4492 domus
2963 4437 3221 4505 episeopii
3243 4438 3325 4492 vel
3347 4453 3467 4493 mo-

1806 4536 1854 4595 ι)
1881 4509 2120 4595 παρίει-ἰῇ,
2149 4510 2305 4595 cuius
2333 4524 2455 4564 esse
2484 4515 2812 4595 poscuntur,
2831 4585 2846 4595 Δ
2864 4506 3183 4595 iuxtanquod
3214 4508 3279 4562 de
3329 4508 3464 4595 ipsis

1879 4580 2039 4634 rebus
2078 4586 2281 4643 tenent,
2306 4580 2597 4647 emendare
2619 4580 2879 4643 debeant,
2910 4585 2964 4630 ct
2990 4577 3111 4631 illos
3137 4592 3332 4631 census
3374 4579 3459 4632 vel

1878 4649 1996 4704 illas
2016 4650 2255 4705 decimas
2276 4665 2339 4704 ac
2359 4665 2531 4705 nonas
2547 4651 2589 4680 “
2611 4649 2808 4704 ibidem
2828 4649 2957 4703 dare
2975 4647 3208 4715 pleniter
3231 4647 3464 4715 debeant

1877 4720 2019 4774 sicut
2044 4721 2124 4775 eis
2149 4720 2214 4774 ad
2243 4720 2479 4775 Vernum
2505 4720 2892 4774 ordinavimus.
2920 4714 2991 4771 Et
3009 4717 3101 4786 qui
3124 4716 3227 4770 boc
3247 4732 3354 4771 non
3379 4714 3459 4773 fe-

1876 4790 2035 4854 cerit,
2066 4790 2213 4859 ipsas
2240 4804 2326 4843 res
2346 4790 2558 4859 perdat.

1950 4879 2037 4932 14.
2080 4878 2466 4961 t‘presbiteri,
2495 4879 2586 4961 qui
2613 4879 2749 4961 vicos
2780 4877 2857 4961 vel
2886 4876 3128 4961 ecclesias
3145 4884 3355 4961 tenent,
3381 4890 3465 4930 cc-

1878 4966 1992 5003 ram
2016 4949 2093 5004 vel
2116 4944 2248 5002 alios
2266 4965 2451 5002 census
2470 4944 2538 5007 ad
2560 4957 2779 5002 matrem
2808 4947 3029 5001 civitatis
3050 4944 3319 4999 ecclesiam
3346 4958 3466 5015 per-

1881 5019 2081 5073 solvant
2107 5061 2121 5084 ,
2160 5020 2292 5073 sicut
2329 5019 2648 5073 consuetudo
2673 5018 2793 5088 fuit.
2838 5017 2910 5088 Ut
2942 5017 2996 5071 bi
3025 5057 3040 5082 ,
3076 5016 3169 5084 qui
3221 5012 3356 5088 illos'
3379 5012 3465 5088 vi-

1881 5105 1974 5144 cos
2010 5080 2250 5145 vel'illas
2293 5088 2552 5145 ecclesias
2590 5080 2802 5151 tenent,
2860 5086 2981 5141 illos
3025 5080 3221 5141 census
3256 5084 3342 5138 vel
3404 5080 3465 5138 il-

1883 5160 1985 5214 lam
2018 5174 2232 5230 ccram,
2273 5174 2411 5229 quae
2455 5160 2614 5230 longo
2660 5167 2905 5230 tempore
2925 5156 3019 5230 __ad
3071 5155 3207 5230 _illud
3254 5155 3464 5230 episco-

1882 5231 2026 5300 pium
2068 5224 2415 5285 reddiderunt
2439 5271 2454 5294 ,
2494 5224 2681 5300 modo
2718 5224 3210 5300 siciordinavimus
3260 5235 3354 5300 ut__
3380 5224 3465 5300 _sic

1885 5295 2103 5355 iaciant.
2145 5300 2213 5354 Et
2245 5300 2337 5371 qni
2385 5301 2487 5356 hoc
2525 5315 2632 5355 non
2660 5297 2879 5363 fecerit,
2930 5296 3211 5367 sexaginta
3257 5295 3461 5352 solidos

1886 5379 2191 5441 componat.

1433 5518 1823 5576 VARIANTES
1862 5513 2261 5572 LECTIONES.

321 5649 487 5705 deest.
512 5647 659 5705 Bal.‘
709 5649 731 5680 '
755 5649 930 5705 redire
944 5649 1010 5705 (ἱ.

188 5721 218 5755 ⁶
234 5730 293 5778 et
309 5718 380 5775 ϐ.
480 5721 501 5752 '
521 5729 615 5774 aut
638 5735 797 5778 usque
820 5720 1007 5778 copula

191 5806 331 5851 cum
357 5791 557 5848 comite
577 5790 707 5850 Carr.
735 5791 838 5843 inc.
868 5808 919 5843 a.
949 5790 1001 5845 5.
1081 5791 1121 5822 ¹¹
1151 5791 1189 5845 i.
1217 5806 1264 5845 e.
1294 5807 1366 5845 m.
1391 5790 1528 5845 deest
1555 5791 1624 5845 ib.
1655 5791 1707 5844 5.

1089 5650 1109 5683 ³
1136 5665 1275 5705 nona
1298 5667 1558 5720 superscr.
1588 5666 1682 5704 ne:
1706 5650 1770 5705 (ἶ.

480 5721 501 5752 '
521 5729 615 5791 aut
638 5735 797 5790 usque
820 5720 1058 5790 copulari
1080 5719 1265 5775 desunt
1290 5722 1344 5774 in
1366 5719 1544 5791 Capp.
1578 5720 1701 5781 757,
1730 5721 1812 5791 if}.
1881 5722 1901 5751 ⁸
1926 5720 2179 5790 copulare
2198 5719 2261 5772 (ἶ.

1803 5794 1843 5822 ¹²
1872 5807 1920 5846 .\'.
1974 5807 2045 5845 nt.
2076 5806 2125 5844 e.
2149 5791 2286 5843 deest
2310 5790 2378 5842 ib.
2403 5790 2455 5843 5.

1850 5652 1867 5679 ³
1898 5649 2271 5706 commendata
2291 5645 2439 5702 Trcc.
2460 5645 2653 5701 Tilian.
2732 5647 2753 5678 ⁸
2771 5646 3078 5717 Stephanus
3097 5644 3321 5717 conjecit
3340 5643 3464 5702 Bal.

3214 5717 3255 5748 ¹⁸
3277 5732 3325 5771 c.
3357 5733 3465 5772 una

2337 5719 2358 5748 ⁹
2388 5717 2584 5788 reliqua
2607 5718 2792 5772 desunt
2815 5718 2869 5771 in
2898 5717 3017 5777 757,
3046 5717 3130 5771 19.
3214 5718 3226 5748 ¹

2337 5791 2378 5841 b.
2403 5790 2455 5841 5.
2547 5786 2588 5818 ¹³
2610 5795 2668 5841 ut
2696 5787 2762 5841 G.
2845 5788 2888 5819 υ
2914 5802 3155 5841 annonas
3183 5784 3226 5841 ϐ

2914 5802 3155 5843 annonas
3183 5802 3249 5843 (ιο

2547 5786 2668 5842 "ut
2696 5787 2762 5845 (ὲ.
