3992 6344
144 384 265 443 709

657 387 807 444 COD.
848 386 1204 444 DlPLOM.-—
1225 382 1582 439 BENEDlC'l‘l
1642 383 2154 444 CAPITULARIUM
2180 387 2575 445 COLLECTIO.
2604 420 2674 428 --
2710 391 2836 445 LIB.
2877 390 2918 446 l.

3292 396 3394 453 710

140 514 369 559 necnon
393 508 450 555 et
473 506 784 575 nostrorum
825 504 1198 575 episcoporum
1238 501 1500 575 omnium
1524 506 1725 553 cetero-
1756 501 1798 555 Α
1829 499 2093 575 homicida
2119 509 2229 575 est;
2270 511 2325 557 et
2349 503 2500 572 peior
2537 502 2735 574 legitur
2772 518 2893 559 esse
2935 503 3201 560 detractio
3235 519 3396 575 quam

138 584 387 639 rumque
439 570 777 625 sacerdotum
836 570 900 628 ac
959 570 1241 627 levitarum
1299 571 1619 625 auctoritate
1673 575 1728 622 et

136 647 663 712 consensumatque
721 642 1049 712 reliquorum
1106 642 1345 712 ﬁdelium
1400 648 1478 712 ct_
1503 648 1727 712 cuncto-

140 725 271 764 rum
300 709 759 776 consiliariorum,
813 708 1119 767 nostrorum
1163 711 1412 767 consultu
1448 708 1727 764 deﬁnitum

138 788 232 852 est
250 820 267 844 ,
303 780 736 852 vobis‘omnibus
766 783 1047 852 utriusque
1070 783 1275 837 ordinis
1296 781 1559 835 ministris
1586 779 1727 852 scire

137 849 426 904 volumus.
439 848 719 922 ‘Statutum
739 862 823 922 est
842 848 1072 922 namque
1097 853 1306 906 ratione
1326 858 1380 905 et
1405 851 1729 904 necessitate

138 932 211 973 ac
236 919 569 973 auctoritate
592 921 880 988 praedicta,
924 919 1173 977 consultu
1199 922 1465 984 omnium,
1501 928 1559 973 ut
1588 934 1726 987 quo-

138 991 518 1057 tienscunque
563 991 815 1059 cuiquam
866 992 1131 1047 sacerdoti
1165 992 1369 1045 crimen
1410 990 1723 1059 imponitur,

139 1061 190 1114 si
219 1061 346 1129 ipse
369 1068 652 1114 accusator
695 1061 819 1115 talis
847 1059 1026 1125 fuerit,
1059 1070 1119 1114 ut
1153 1061 1317 1128 recipi
1348 1060 1568 1121 debeat;
1602 1060 1727 1128 quia

136 1129 347 1199 quales
374 1130 443 1183 ad
465 1129 862 1184 accusationem
889 1131 1228 1186 sacerdotum
1251 1130 1460 1185 admitti
1474 1130 1723 1193 debeant,

142 1201 203 1270 in
230 1199 543 1270 canonibus
564 1199 793 1268 pleniter
823 1214 1134 1270 expressum
1164 1208 1248 1255 est
1288 1215 1308 1252 δ
1342 1201 1389 1254 si
1426 1207 1625 1270 autem,
1669 1206 1728 1253 ut

140 1269 367 1323 dictum
384 1275 471 1321 est
490 1268 598 1332 ille,
619 1268 928 1339 accusator,
954 1270 1046 1339 qui
1078 1271 1338 1325 canonice
1357 1275 1440 1324 est
1463 1268 1727 1336 recipien-

144 1339 276 1400 dus,
308 1352 436 1392 eum
454 1353 589 1407 cum
618 1337 855 1407 legitimo
877 1337 1099 1394 numero
1123 1355 1372 1395 verorum
1397 1346 1451 1393 et
1463 1339 1727 1393 bonorum

144 1408 382 1462 testium
395 1406 692 1480 adprobare
717 1410 771 1480 in
807 1417 1092 1480 conspectu
1107 1409 1485 1480 episcoporum
1505 1410 1722 1477 poterit,

142 1487 289 1548 tunc
313 1478 575 1548 canonice
604 1476 955 1548 diiudicetur;
993 1487 1049 1533 et
1088 1476 1445 1548 siculpabilis
1474 1476 1726 1532 inventus

142 1546 344 1612 fuerit,
374 1546 630 1617 canonice
646 1546 964 1617 damnetur.
989 1548 1046 1602 Si
1070 1564 1197 1603 vero
1217 1546 1340 1603 eum
1364 1548 1727 1617 suprascripto

143 1623 443 1685 praetextu
477 1616 772 1684 adprobare
804 1618 916 1685 ipse
941 1629 1220 1673 accusator
1254 1618 1473 1672 minime
1498 1619 1722 1686 poterit,

142 1696 200 1741 et
241 1687 357 1757 hoc
395 1686 652 1757 canonice
696 1686 997 1757 deﬁniatur.
1055 1687 1168 1757 ipse
1205 1702 1333 1755 ergo
1380 1688 1648 1757 sacerdos,
1679 1688 1725 1742 si

145 1755 495 1825 suspiciosus
513 1765 604 1826 aut
638 1755 966 1826 incredibilis
986 1755 1090 1812 suo
1109 1758 1358 1826 episcopo
1383 1765 1475 1810 aut
1504 1755 1723 1825 reliquis

1827 567 2137 644 iornicatio.‘
2170 570 2292 627 Ideo
2329 567 2616 644 monemus
2638 582 2692 627 et
2718 575 3004 643 praecipue
3034 567 3286 644 rogamus
3332 592 3399 634 ne

1828 640 1937 715 ﬁa_t,
1982 656 2048 694 ne
2093 642 2293 715 absque
2317 642 2510 715 Agladio
2550 652 2642 715 aut
2675 640 2918 715 vulnere
2935 640 3179 715 corporis
3212 646 3396 715 aliquo

1827 710 2109 780 quisquam
2134 710 2399 767 homicida
2433 713 2754 767 inveniatur.
2793 713 2859 767 Et
2903 710 3047 768 sicut
3065 715 3130 769 de
3155 710 3393 771 homini-

1825 781 1926 851 bus
1952 782 2301 851 corporaliter
2329 783 2520 837 occisis
2548 783 2785 838 iudicare
2812 783 3166 848 decrevimus,
3217 786 3296 840 sic
3340 795 3396 842 et

1826 849 1893 904 de
1918 849 2153 920 illis,‘qui
2182 868 2249 906 ex
2270 853 2372 906 hoc
2390 853 2735 907 detractionis
2756 854 2958 907 scelere
2984 853 3179 908 detecti
3203 870 3394 910 coram

1825 921 1979 974 nobis
2005 920 2221 986 fuerint,
2261 922 2443 992 peragi
2470 923 2695 978 Domino
2720 932 2990 978 annuente
3013 924 3388 991 decernimus;

1826 998 1885 1061 ut
1906 1006 2010 1060 pax
2045 992 2411 1054 ecclesiarum,
2438 992 2493 1045 in
2524 1003 2781 1061 quantum
2824 994 3081 1047 Dominus
3128 994 3388 1049 auxilium

1824 1060 2059 1132 dederit,
2092 1062 2143 1132 in
2196 1062 2390 1116 ﬁnibus
2433 1071 2486 1116 et
2524 1060 2827 1132 regionibus
2857 1064 3009 1117 nobis
3042 1078 3072 1116 a
3110 1064 3220 1118 Deo
3243 1079 3393 1119 com-

1824 1130 2005 1254 Lnilslsis
2033 1131 2173 1185 nulla
2200 1132 2445 1186 turbetur
2472 1130 2788 1201 tempestate
2815 1133 3205 1188 detractionum
3229 1143 3392 1204 atque

1862 1216 1892 1254 e
1934 1216 2108 1254 orum.

1862 1216 2108 1255 extorum.

1893 1270 1980 1324 4i.
2018 1270 2095 1324 De
2116 1270 2426 1341 presbiteris,
2451 1268 2676 1341 qualiter
2699 1270 2944 1325 ecclesiae
2969 1273 3239 1325 introitum
3264 1289 3390 1327 con-

1823 1339 2124 1411 sequantur.
2149 1339 2218 1395 Ut
2240 1340 2417 1394 nullus
2439 1339 2706 1409 presbiter
2734 1341 2801 1395 ad
2821 1341 3102 1396 introitum
3126 1341 3390 1397 ecclesiae

1824 1410 2013 1464 exenia
2046 1411 2225 1464 donet.

1892 1478 1980 1532 4‘2.
2022 1479 2098 1532 De
2118 1496 2222 1549 non
2246 1479 2471 1549 cogendo
2500 1477 2685 1532 bibere.
2728 1478 2797 1534 Ut
2819 1480 3018 1534 nemini
3043 1480 3204 1535 liceat
3229 1480 3392 1536 alium

1825 1563 2021 1604 cogere
2060 1548 2126 1603 ad
2147 1549 2456 1603 bibendum.

1929 1565 2021 1603 ere
2060 1565 2126 1603 aa
2147 1565 2456 1603 mnenaum.

1893 1565 1980 1672 Ξῖ).
2020 1618 2117 1688 υς
2141 1619 2447 1688 presbiteris,
2480 1635 2511 1670 a
2554 1619 2739 1687 quibus
2786 1634 2878 1688 per
2926 1616 3167 1671 ecclesias
3204 1620 3399 1673 consti-

1824 1696 2057 1742 tuantur.
2077 1687 2147 1743 Ut
2168 1687 2342 1742 nullus
2363 1687 2529 1741 laicus
2561 1689 2914 1756 presbiterum
2944 1688 2997 1740 in
3025 1688 3247 1742 ecclesia
3277 1690 3398 1742 mit-

1828 1767 1940 1813 tere
1962 1757 2046 1811 vel
2077 1758 2142 1810 de
2163 1757 2384 1827 ecclesia
2412 1758 2431 1788 τ
2461 1757 2633 1812 eicere
2670 1767 2995 1827 praesumat,
3029 1757 3129 1810 nisi
3154 1773 3251 1826 per
3275 1773 3398 1812 cons

145 1824 769 1904 suisconsaccrdotibus
790 1827 901 1904 sive
921 1824 1321 1904 bonisetiustis
1336 1827 1400 1881 de
1411 1842 1509 1904 suo
1527 1824 1725 1904 populo
1757 1846 1802 1904 Β
1835 1826 2331 1904 sensum‘episcopi.

146 1895 236 1950 vel
260 1896 327 1948 de
350 1909 448 1949 sua
476 1894 629 1964 plebe
670 1895 973 1953 hominibus
999 1896 1190 1962 fuerit,
1218 1912 1286 1951 ne
1310 1898 1362 1950 in
1388 1894 1612 1952 crimine
1636 1904 1728 1949 aut

148 1968 202 2019 in
229 1964 518 2047 praedicta
542 1964 844 2047 suspicione
887 1974 1214 2047 remaneat,
1242 1982 1364 2047 cum
1420 1967 1729 2047 tribusﬂaut

147 2033 399 2105 quinque
430 2033 515 2105 vel
543 2043 747 2105 septem
796 2035 952 2091 bonis
992 2052 1058 2091 ac
1113 2035 1304 2092 vicinis
1361 2036 1730 2091 sacerdotibus

146 2103 406 2175 exemplo
428 2103 625 2175 Leonis
648 2119 815 2173 papae
847 2107 886 2171 ³,
914 2105 996 2160 vel
1025 2121 1089 2160 eo
1117 2107 1376 2175 amplius,
1425 2106 1471 2160 si
1499 2122 1595 2160 suo
1624 2106 1732 2175 epi-

147 2172 522 2256 smpoxisum
545 2172 736 2237 fuerit,
778 2183 888 2256 aut.
916 2190 1134 2256 necesse
1178 2172 1397 2256 propter
1441 2172 1732 2256 tumultum

147 2242 338 2313 populi
371 2243 550 2297 inesse
585 2246 917 2313 perspexerit
943 2247 987 2308 ’,
1011 2254 1065 2299 ct
1089 2242 1210 2300 cum
1229 2242 1348 2301 aliis
1364 2244 1521 2300 bonis
1542 2254 1597 2298 et
1620 2245 1732 2298 ius-

151 2315 223 2368 tis
254 2314 571 2368 bominibus
618 2328 677 2384 se
711 2324 1051 2370 sacramento
1101 2330 1282 2369 coram
1328 2315 1522 2384 populo
1571 2328 1733 2384 super

190 2331 223 2368 is
255 2330 571 2368 nominibus
618 2330 677 2367 se
711 2330 1051 2370 sacramento
1101 2330 1282 2369 coram
1363 2330 1522 2384 oputo
1571 2331 1631 2369 su
1671 2330 1727 2368 er

190 2390 389 2455 natuor
413 2383 691 2455 evangelia
720 2384 845 2455 dato
876 2385 1215 2455 {purgatum
1240 2332 1499 2440 ecclesiae
1523 2330 1727 2438 reddit.

190 2400 389 2436 natuor
413 2400 691 2449 evangelia
720 2400 845 2438 aato
881 2400 900 2415 ·
932 2400 1215 2455 purgatum
1240 2400 1499 2440 ecclesme
1523 2400 1727 2438 renuat.

150 2400 212 2508 gi
242 2453 372 2523 quis
403 2462 586 2506 autem
613 2452 751 2506 scire
777 2452 1061 2517 desiderat,
1088 2453 1276 2523 quales
1301 2462 1466 2509 testes
1487 2455 1553 2508 ad
1577 2470 1733 2509 accu-

153 2523 792 2597 sationem_sarerdotum
819 2524 1002 2597 recipi
1017 2524 1262 2597 debeant,
1299 2523 1506 2597 etquid
1535 2525 1599 2579 de
1644 2539 1732 2597 ac-

154 2601 409 2647 cusatore
420 2590 724 2646 faciendum
752 2593 839 2657 sit,
864 2590 1160 2662 pleniterin
1182 2590 1478 2649 canonilius
1492 2593 1729 2662 reperire

228 2662 379 2714 terit.

155 2678 440 2786 Ροὲῑῗηὶὶε
464 2747 523 2784 eo
542 2771 558 2794 ,
592 2730 679 2797 qui
722 2731 996 2800 conﬁtetur
1022 2732 1085 2787 de
1110 2733 1345 2786 crimine.
1394 2731 1733 2787 Manifestum

155 2809 240 2855 est
258 2800 520 2871 conﬁteri
548 2816 671 2871 eum
698 2801 765 2856 de
788 2801 1029 2865 crimine,
1059 2803 1151 2871 qui
1177 2803 1382 2857 indulto
1406 2810 1461 2856 et
1489 2802 1735 2870 delegato

159 2870 366 2925 iudicio
387 2870 649 2940 purgandi
685 2886 743 2924 se
766 2872 1045 2927 occasione
1070 2870 1176 2927 non
1199 2872 1370 2926 utitur
1395 2889 1409 2926 :
1435 2871 1568 2928 nihil
1591 2872 1734 2925 enim

159 2940 415 3001 interest,
432 2948 607 2993 utrum
623 2940 678 2993 in
696 2941 966 3008 praesenti
980 2942 1225 2996 examine
1239 2942 1417 2995 omnia
1438 2956 1574 3010 quae
1593 2941 1735 2996 dicta

164 3017 302 3082 sunt
315 3009 384 3062 de
408 3024 472 3062 eo
493 3012 917 3078 comprobentur,
938 3026 1061 3066 cum
1091 3013 1205 3082 ipsa
1227 3009 1467 3067 absentia
1487 3026 1585 3081 pro
1608 3027 1737 3067 con-

175 3079 417 3132 fessione
440 3086 659 3133 constat.

242 3148 338 3204 38.
380 3146 457 3200 De
478 3150 658 3202 usuris.
688 3149 919 3205 Usuram
953 3166 1059 3206 non
1082 3150 1255 3207 solum
1281 3151 1480 3217 clerici,
1518 3151 1613 3208 sed
1635 3166 1734 3208 nec

168 3215 294 3288 laici
320 3217 593 3288 christiani
620 3220 834 3288 exigere
854 3221 1067 3275 debent.

232 3287 327 3341 59.
372 3286 451 3341 De
489 3286 780 3355 comitibus,
814 3300 869 3343 ut
889 3291 1140 3345 ministris
1166 3290 1412 3345 ecclesiae
1432 3291 1486 3345 in
1505 3292 1613 3346 suis
1634 3292 1735 3346 mi-

161 3357 397 3411 nisteriis
423 3357 689 3412 adiutores
715 3361 840 3413 sint.
872 3360 1109 3415 Comites
1139 3361 1399 3416 ministris
1424 3360 1685 3417 ecclesiae
1714 3361 1736 3393 ’⁵

158 3442 462 3500 eorumque
482 3427 817 3500 ministeriis,
845 3438 906 3483 ut
927 3431 1030 3485 hoc
1048 3431 1256 3500 plenius
1288 3439 1343 3486 et
1368 3432 1432 3485 de
1456 3433 1658 3487 nostris
1684 3438 1739 3487 et

160 3498 229 3550 de
258 3512 321 3570 se
345 3505 401 3550 et
424 3497 627 3570 de__suis
645 3499 957 3570 hominibus
981 3497 1225 3556 obtinere
1250 3501 1485 3570 possint,
1536 3502 1740 3558 adiuto-

161 3582 251 3640 res
280 3567 613 3640 inomnibus
633 3568 782 3640 fiant.
811 3568 876 3622 Et
901 3570 1205 3640 quicunque
1229 3567 1402 3640 prima
1426 3580 1480 3626 et
1508 3572 1740 3627 secunda

160 3637 282 3707 vice
321 3636 390 3691 de
416 3636 505 3691 his
533 3652 563 3690 a
591 3638 789 3691 comite
834 3636 1159 3694 aminenitus
1194 3636 1299 3695 non
1328 3655 1386 3696 se
1418 3642 1736 3707 correxerit,

160 3706 417 3781 volumus
463 3713 522 3759 ut
565 3720 665 3776 per
706 3709 931 3781 eundem
981 3710 1230 3781 comitem
1288 3710 1403 3765 eius
1453 3706 1738 3781 neglegem-

160 3777 265 3849 tia_
295 3776 367 3831 ad
403 3784 645 3849 nostram
685 3779 931 3833 notitiam
970 3779 1288 3849 perferatur,
1321 3788 1380 3833 ut
1400 3776 1583 3835 nostra
1609 3776 1738 3836 auc-

158 3845 388 3901 toritate
413 3844 557 3914 quod
581 3847 634 3900 in
656 3856 841 3902 nostro
860 3844 1141 3917 capi’tulari
1164 3850 1468 3905 continetur
1491 3852 1532 3917 ⁸,
1560 3851 1742 3907 subire

156 3924 411 3970 cotzatur.

312 4023 327 4035 .
370 3983 448 4058 ηρ
488 3985 818 4058 ordinatione
861 3988 1280 4058 prcsbiterorum.
1340 3991 1410 4046 Ut
1455 3991 1738 4058 presbiteri

157 4071 279 4127 non
309 4054 637 4127 ordinentur
659 4054 970 4127 priusquam
1005 4060 1399 4115 examinentur.
1432 4054 1499 4114 Et
1521 4069 1582 4115 ut
1616 4069 1741 4116 ante

156 4124 563 4180 ordinationem
584 4124 909 4194 pleniter'et
942 4128 1332 4184 studiosissime
1383 4130 1737 4193 instruantur,

158 4194 406 4268 qualiter
426 4209 486 4248 se
514 4208 545 4247 a
577 4195 725 4250 vitiis
754 4211 942 4251 cavere
967 4197 1193 4268 debeant
1216 4206 1270 4252 et
1295 4200 1525 4268 qualiter
1557 4200 1739 4254 subdi-

160 4262 543 4335 tbsdoceant;
572 4280 664 4335 ine
690 4274 970 4335 torpentes
1016 4267 1099 4322 vel
1141 4262 1361 4323 hebetes
1402 4270 1457 4323 in
1495 4269 1741 4324 doctrina

160 4343 360 4389 sancta
388 4333 472 4409 vel
488 4332 620 4409 vitio
642 4332 813 4409 malae
838 4336 1011 4409 famae
1050 4353 1239 4409 eorum
1262 4339 1507 4409 neglectu
1531 4339 1611 4393 vel
1642 4339 1741 4393 ali-

159 4417 276 4479 qua
300 4402 442 4479 mala
458 4404 823 4479 similitudine,
853 4407 995 4475 quod
1008 4407 1172 4479 absit,
1199 4402 1551 4479 aspergantur
1573 4426 1587 4465 :
1612 4424 1745 4478 quo-

162 4474 319 4546 niam
336 4473 945 4546 detractiosacerdotum
959 4476 1024 4530 ad
1036 4473 1308 4531 Christum
1320 4473 1572 4546 pertinet,
1590 4473 1743 4533 cuius

1894 1894 2117 1979 44..i)e
2147 1894 2340 1979 honore
2382 1911 2473 1979 p_ro
2528 1895 2755 1948 ecclesiis
2807 1894 3000 1979 dando.
3061 1894 3132 1950 Ut
3164 1897 3399 1979 episcopi

1831 1966 2193 2030 praevideant,
2224 1965 2388 2035 quem
2410 1967 2665 2019 honorem
2689 1965 2971 2033 presbiteri
3012 1979 3112 2034 pro
3155 1965 3398 2022 ecclesiis

1834 2037 1946 2090 suis
1969 2037 2271 2090 senioribus
2298 2036 2553 2089 tribuant.

1902 2105 1991 2159 45
2033 2105 2107 2158 De
2132 2105 2343 2157 decimis
2368 2102 2749 2175 dispensandis.
2790 2102 2875 2175 Ut
2899 2104 3137 2175 decimae
3163 2105 3217 2158 in
3247 2114 3398 2174 pote-

1834 2180 1972 2230 state
2004 2175 2237 2243 episcopi
2264 2175 2389 2238 sint,
2430 2174 2658 2243 qualiter
2685 2190 2714 2226 a
2741 2174 3055 2241 presbiteris
3089 2174 3401 2243 dispensen-

1834 2253 1939 2299 tur.

1901 2313 1989 2367 46.
2032 2313 2106 2367 De
2151 2314 2380 2368 ecclesiis
2433 2312 2510 2367 vel
2554 2311 2807 2366 altaribus
2853 2311 3283 2367 immeliorandis.
3331 2314 3399 2370 Ut

1834 2382 2059 2438 ecclesia
2090 2383 2170 2436 vel
2198 2383 2387 2436 altaria
2423 2381 2614 2436 melius
2653 2383 3068 2436 constituantur.
3106 2382 3174 2434 Et
3201 2392 3257 2436 ut
3277 2384 3401 2438 nul-

1834 2454 1915 2507 lus
1937 2454 2203 2521 presbiter
2227 2467 2494 2507 annonam
2517 2453 2602 2506 vel
2623 2451 2838 2506 foenum
2862 2451 2916 2504 in
2940 2452 3166 2505 ecclesia
3187 2453 3404 2508 mittere

1872 2531 2159 2577 raesumat.

1833 2539 2159 2592 praesumat.

1902 2593 1990 2645 47.
2032 2592 2108 2645 De
2127 2591 2353 2646 ecclesiis
2408 2590 2483 2645 vel
2524 2589 2778 2644 altaribus
2818 2591 3093 2659 ambiguis.
3134 2588 3203 2645 Ut
3229 2592 3412 2647 ecclec-

1835 2663 1948 2717 siae
1972 2663 2054 2715 vel
2077 2662 2287 2727 altaria,
2316 2674 2453 2731 quae
2476 2662 2723 2729 ambigua
2746 2669 2870 2714 sunt
2891 2661 2956 2713 de
2977 2663 3407 2726 consecratione,

1835 2741 2234 2788 consecrentur.

1905 2802 1994 2857 48.
2036 2802 2112 2856 De
2156 2801 2330 2854 linteis
2365 2798 2619 2853 altaribus
2662 2799 3057 2868 praeparandis.
3100 2797 3172 2853 Ut
3200 2800 3408 2868 presbi-

1835 2872 1938 2927 teri
1963 2886 2057 2941 per
2083 2870 2391 2941 parrochias
2413 2884 2536 2923 suas
2562 2868 2773 2922 feminis
2792 2868 3117 2937 praedicent,
3147 2869 3412 2926 ut-lintea-

1837 2942 1980 2997 mina
2019 2942 2277 2995 altaribus
2296 2946 2635 3009 praeparent.

1905 3012 1995 3066 49.
2036 3011 2111 3065 De
2151 3007 2508 3080 parrochianis
2552 3007 2767 3080 alterius
2810 3008 3097 3080 presbiteri.
3138 3009 3208 3065 Ut
3230 3009 3408 3080 nullus

1835 3082 2100 3152 presbiter
2132 3078 2841 3152 alteriusparroechianum,
2867 3079 2969 3152 nisi
2996 3080 3050 3132 in
3072 3080 3265 3152 itinere
3292 3078 3410 3135 fue-

1840 3146 1916 3207 rit
1939 3152 2023 3205 vel
2051 3151 2305 3220 placitum
2338 3146 2413 3204 ibi
2441 3148 2705 3220 habuerit,
2743 3146 2809 3220 ad
2836 3148 3055 3220 missam
3081 3150 3323 3220 recipiat.

1912 3221 2000 3276 50.
2030 3216 2104 3275 De
2125 3220 2371 3291 parochia
2400 3218 2612 3291 alterius
2624 3216 2915 3291 presbiteri:
2942 3217 3032 3291 AUt
3057 3216 3236 3291 nullus
3261 3231 3408 3286 pres-

1841 3293 1983 3348 biter
2024 3293 2078 3346 in
2125 3287 2351 3345 alterius
2395 3288 2678 3357 presbiteri
2735 3287 2989 3355 parochia
3039 3303 3103 3343 eo
3138 3289 3160 3321 ⁸
3224 3288 3410 3343 incon—

1845 3362 1988 3416 sulto
2040 3361 2259 3414 missam
2305 3367 2524 3413 cantare
2577 3367 2908 3426 praesumat,
2948 3358 3053 3411 nisi
3106 3359 3159 3412 in
3212 3358 3408 3412 itinere

1844 3432 2006 3486 fuerit
2030 3446 2043 3493 ;
2084 3445 2184 3485 nec
2208 3430 2471 3484 decimam
2495 3428 2562 3482 ad
2587 3427 2815 3481 alterum
2839 3428 3194 3496 pertinentem
3214 3428 3409 3483 audeat

1844 3515 2103 3556 recinere.

1913 3565 2002 3625 5i.
2044 3569 2120 3623 De
2144 3570 2363 3622 termino
2392 3567 2744 3620 ecclesiarum.
2787 3565 2858 3622 Ut
2904 3565 3190 3620 terminum
3215 3567 3413 3622 habeat

1845 3653 2197 3711 unaquaeque
2229 3639 2485 3702 ecclesia,
2535 3637 2600 3692 de
2628 3638 2822 3706 quibus
2849 3636 2989 3690 villis
3016 3636 3249 3691 decimas
3271 3638 3411 3692 reci-

1844 3712 1974 3782 pia}:

1915 3780 2003 3833 52.
2046 3778 2124 3832 De
2151 3778 2301 3831 rebus
2320 3775 2736 3848 presbiterorum.
2779 3774 2849 3830 Ut
2875 3776 3244 3848 unusquisque
3266 3791 3413 3848 pres-

1845 3852 1986 3905 biter
2013 3864 2123 3913 res,
2155 3863 2289 3917 quas
2309 3844 2430 3917 post
2454 3844 2595 3917 diem
2621 3844 3042 3899 consecrationis
3071 3846 3407 3913 adquisierit,

1846 3920 2093 3990 propriae
2119 3914 2378 3990 ecclesiae
2404 3914 2689 3990 relinquat.

1916 3983 2004 4043 55.
2043 3988 2121 4041 De
2141 3986 2512 4053 poenitentibus
2533 3983 2635 4037 non
2657 3983 2897 4053 cogendis
2923 3984 3098 4037 vinum
3122 3983 3310 4036 bibere.
3344 3983 3414 4037 Ut

1850 4060 2027 4114 nullus
2048 4052 2314 4126 presbiter
2347 4064 2440 4109 aut
2486 4054 2655 4109 laicus
2680 4052 3041 4126 poenitentem
3083 4057 3239 4126 cogat
3262 4052 3284 4083 ⁹
3333 4053 3415 4107 vi-

1847 4145 1976 4183 num
2004 4122 2189 4182 bibere
2213 4133 2304 4179 aut
2330 4140 2547 4179 carnem
2570 4124 2915 4185 manducare,
2940 4122 3041 4177 nisi
3070 4123 3137 4176 ad
3156 4137 3415 4191 praesens

1845 4214 1946 4268 pro
1981 4199 2097 4266 ipso
2127 4212 2290 4268 unum
2324 4194 2417 4268 _vei
2442 4194 2577 4248 duos
2621 4194 2867 4249 denarios
2903 4194 3051 4247 iuxta
3095 4192 3417 4261 qualitatem

1849 4264 2206 4338 poenitentiae
2238 4264 2464 4338 dederit.

1918 4338 2006 4393 54.
2048 4337 2124 4390 De
2148 4335 2294 4407 presb
2318 4335 2469 4407 teris,
2493 4350 2525 4386 a
2565 4333 2750 4402 quibus
2783 4350 2837 4386 se
2856 4342 3092 4407 caveant.
3136 4332 3205 4407 Ut
3238 4330 3422 4407 nullus

1850 4409 2117 4477 presbiter
2141 4403 2320 4461 certas
2348 4404 2568 4470 scribat,
2594 4418 2694 4458 nec
2734 4403 3030 4459 conductor
3077 4404 3161 4458 sui
3189 4403 3422 4459 senioris

1852 4480 2066 4533 cxistat.

160 4551 223 4597 et
246 4542 487 4618 ministri
527 4544 612 4597 vel
645 4545 820 4618 nuntii
856 4561 974 4600 esse
1000 4542 1386 4618 noscuntur“,
1431 4549 1555 4618 quia
1586 4549 1747 4603 nimis
1776 4542 1827 4601 D
1917 4549 2006 4602 55.
2048 4548 2125 4600 De
2167 4545 2482 4618 presbiteris,
2520 4544 2609 4616 qui
2634 4544 2835 4618 agenda
2857 4544 2930 4618 Ain
2980 4542 3260 4618 domiciliis
3284 4542 3421 4618 cei!-

273 4612 418 4665 viter
435 4621 679 4681 peccant,
713 4616 805 4683 qui
831 4615 1135 4671 sacerdotes
1158 4626 1211 4671 et
1240 4612 1517 4673 ministros
1545 4618 1745 4674 Christi

199 4684 503 4755 etrahunt;
528 4684 781 4751 quoniam
808 4693 1039 4741 testante
1058 4686 1365 4755 euangelica
1403 4690 1527 4744 tuba
1556 4689 1747 4744 melius

159 4761 255 4825 est
306 4753 619 4825 unicuique,
651 4761 712 4808 ut
747 4756 1109 4825 suspendatur
1154 4753 1294 4812 mola
1330 4759 1563 4813 asinaria
1610 4759 1747 4814 collo

159 4824 293 4898 eius
326 4830 384 4875 et
405 4823 745 4898 demergatur
770 4823 1178 4898 injproi‘undum
1207 4828 1389 4898 maris,
1416 4844 1575 4898 quam
1599 4843 1748 4883 scan-

160 4892 373 4962 dalizet
397 4907 572 4962 unum
594 4892 660 4947 de
681 4892 907 4962 pusillis,
942 4895 1144 4949 Christi
1173 4892 1638 4953 videlicet'minist
1649 4899 1741 4951 ris.

162 4962 237 5039 Et
276 4961 408 5015 alibi
446 4975 462 5015 :
497 4961 602 5039 Qui
624 4961 726 5039 vos
744 4965 942 5039 recipit,
979 4982 1060 5039 me
1079 4966 1289 5039 recipit;
1320 4977 1367 5039 et
1388 4969 1476 5039 qui
1502 4985 1586 5021 vos
1610 4984 1747 5039 sper:

161 5033 279 5091 nit,
320 5046 406 5084 me
430 5033 645 5102 spernit.
684 5033 752 5087 Et
796 5033 857 5088 ut
889 5034 993 5089 hoc
1017 5033 1367 5090 detractionis
1399 5033 1465 5093 'et
1514 5033 1751 5091 scan'dali

159 5108 459 5171 peccatum
485 5116 1032 5174 omnessummOperc
1058 5115 1307 5170 caveant,
1337 5107 1532 5161 obnixe
1562 5122 1745 5161 mone-

160 5186 295 5224 mus
344 5176 401 5224 et
436 5185 618 5225 coram
658 5172 768 5227 Deo
818 5172 1081 5228 testamur
1126 5182 1181 5227 et
1231 5176 1371 5231 sicut
1424 5176 1519 5231 Dei
1569 5175 1753 5232 ﬁdeles

162 5254 451 5309 rogamus,
487 5240 778 5296 neChristi
822 5244 1108 5298 detrahant
1152 5245 1447 5300 ministros.
1488 5245 1752 5301 Similiter

161 5320 223 5364 et
244 5308 462 5365 Christi
490 5311 691 5365 domini
717 5313 887 5368 nostri
909 5312 1184 5368 ministros
1211 5323 1265 5368 et
1305 5316 1613 5371 sacerdotes
1654 5332 1752 5372 no-

161 5389 430 5447 strosque
456 5381 744 5450 mgistros
764 5397 1073 5443 monemus,
1102 5398 1169 5435 ne
1189 5384 1363 5438 locum
1392 5385 1623 5439 subditis
1650 5385 1752 5439 tri-

164 5450 345 5504 buant
387 5450 733 5516 detrahendi;
774 5453 899 5521 quia
928 5452 1020 5523 qui
1045 5454 1283 5509 detrahit
1316 5454 1540 5508 fratrem
1572 5471 1747 5518 suum,

1854 4618 2129 4672 braverint.
2168 4612 2442 4685 Statutum
2477 4612 2579 4678 est,
2607 4612 2684 4685 uti
2712 4615 2756 4668 si
2780 4615 2901 4685 quis
2943 4615 3207 4685 presbiter
3233 4613 3289 4666 in
3326 4612 3423 4685 don

1853 4688 2067 4743 miciliis
2110 4685 2311 4756 agenda
2348 4684 2699 4756 celebraverit
2725 4681 2841 4756 sine
2871 4681 3085 4738 licentia
3114 4692 3169 4736 et
3192 4681 3421 4737 consilio

1852 4759 1936 4812 sui
1962 4754 2217 4827 episcopi,
2259 4756 2461 4827 honore
2482 4754 3093 4827 sacerdotali‘privetur.

1920 4821 2009 4881 56.
2048 4827 2126 4881 De
2147 4821 2555 4907 praedicatione
2590 4821 2664 4876 vel
2707 4821 2950 4907 capiiulis
2989 4821 3420 4907 presbiieroruf.

1855 4896 1925 4951 Ut
1949 4890 2316 4964 unusquisque
2354 4893 2627 4964 presbiter
2643 4890 2873 4962 capitula
2916 4890 3109 4947 habent
3156 4890 3222 4943 de
3252 4890 3423 4942 maio-

1853 4967 2002 5021 ribus
2026 4963 2200 5020 vel’de
2246 4963 2540 5018 minoribus
2585 4963 2747 5026 vitiis,
2775 4977 2871 5030 per
2916 4977 3051 5031 quae
3098 4972 3425 5031 cognoscere

1857 5036 2032 5089 valeat
2057 5036 2139 5088 vel
2206 5031 2478 5087 racdicare
2507 5032 2736 5087 subditis
2775 5028 2905 5098 suis,
2932 5028 2993 5086 ut
3019 5047 3076 5086 se
3100 5028 3329 5087 caveant
3354 5028 3425 5084 ab

1857 5105 2066 5158 insidiis
2088 5051 2303 5158 diaboli.

1855 5105 2066 5160 insidiis
2088 5105 2303 5159 diaboli.

1927 5175 2015 5228 57.
2056 5176 2134 5228 De
2153 5171 2487 5228 eucltaristia.
2530 5171 2601 5240 Ut
2624 5171 2890 5240 presbiter
2916 5168 3298 5225 eucharistiam
3331 5168 3427 5224 ha.

1857 5245 1980 5299 beat
2007 5252 2270 5314 paratam,
2302 5250 2362 5314 ui
2387 5238 2599 5314 quando
2626 5238 2751 5314 quis
2778 5240 3146 5303 inlirmaverit,
3178 5247 3271 5314 aut
3301 5254 3427 5309 par-

1858 5309 2027 5370 mins
2047 5313 2291 5369 inﬁrmus
2337 5309 2518 5375 fuerit,
2554 5311 2737 5364 statim
2777 5326 2901 5364 eum
2941 5309 3320 5376 communicet,
3358 5323 3427 5362 ne

1857 5386 1973 5438 sine
2010 5383 2384 5439 communione
2412 5381 2693 5435 moriatur.

1925 5453 2012 5507 58.
2053 5453 2130 5508 De
2156 5452 2400 5523 ampullis
2436 5451 2601 5504 tribus
2627 5450 2681 5503 in
2725 5465 2884 5503 coena
2912 5449 3123 5505 Domini
3151 5446 3425 5504 habendis.

1384 5582 1773 5638 VARIANTES
1806 5581 2203 5640 LECTIONES.

227 5690 251 5723 ί
279 5686 405 5744 Bal.
439 5689 524 5743 hic
558 5707 585 5745 e
609 5694 790 5761 paucis
822 5692 894 5747 ali
931 5704 1016 5748 uot
1041 5695 1307 5748 codicibus
1340 5694 1559 5750 inseruit
1590 5712 1607 5748 :
1639 5696 1729 5764 qui
1752 5696 2033 5749 duodecim
2069 5694 2397 5764 presbiteros
2424 5694 2477 5748 in
2503 5709 2598 5747 sua
2628 5696 2949 5765 purgatione
2971 5695 3179 5750 habuit.
3254 5696 3276 5727 ¹
3304 5709 3431 5754 oro-

227 5760 416 5816 exerit
466 5758 532 5813 G.
635 5762 656 5793 ³
678 5762 863 5820 datum
885 5711 951 5820 ὅ.
1062 5764 1085 5794 ’⁸
1115 5780 1162 5818 e.
1192 5765 1245 5817 in
1275 5779 1467 5818 eorum
1486 5766 1806 5820 ministeriis
1850 5765 1971 5820 825.
2009 5765 2099 5819 2.3.
2131 5773 2183 5819 et
2205 5764 2267 5819 ll.
2297 5764 2386 5818 '25.
2488 5766 2508 5796 '
2530 5767 2766 5819 continet
2805 5765 2871 5820 (ὲ.
2975 5766 2996 5798 ⁶
3028 5766 3281 5820 dicuntur
3306 5757 3428 5820 Bal.

162 5758 540 5887 93:25.2;
564 5830 604 5885 ι.
635 5762 863 5886 iii?“

1062 5764 1085 5794 ⁴
1115 5780 1162 5818 e.
1192 5765 1245 5817 in
1275 5779 1467 5818 eorum
1486 5766 1806 5821 ministeriis
1850 5765 1971 5829 825,
2009 5765 2099 5819 2.3.
2131 5773 2183 5819 et
2205 5764 2267 5819 ll.
2297 5764 2386 5818 '25.

849 5834 870 5864 ⁸
898 5834 1020 5890 eoi.
1058 5833 1195 5888 deest
1226 5834 1263 5887 Ι.
1305 5834 1425 5889 448.
1503 5835 1523 5864 ’
1571 5836 1757 5890 invitet
1790 5836 1829 5891 l.
1869 5836 1982 5889 l5].

2488 5766 2508 5796 '
2530 5757 2766 5819 eon'tine't
2805 5765 2871 5820 (ἐ.
2975 5766 2996 5798 ⁸
3028 5766 3281 5823 dicuntur
3306 5757 3428 5823 Bal.
