3992 6344
428 306 537 375 719

1364 302 1426 366 Β.
1466 299 1719 365 CAROLI
1754 303 1971 364 MAGNI
2006 299 2158 365 OPP.
2199 303 2383 363 PARS
2414 305 2457 364 1.
2496 304 2691 363 SECT.
2726 305 2771 364 l.

3608 303 3714 362 720

416 443 598 500 serant
615 424 985 500 paenitentiam
1004 422 1273 500 gesserint:
1298 419 1666 483 Poenitentes,
1687 416 1781 500 qui
1799 433 1867 473 ex
1891 433 2015 500 ετξ-
2042 430 2092 490 Α
2119 416 2406 473 factionem
2435 418 2639 486 absque
2653 414 2886 500 proprii.
2894 413 3137 500 episcopi
3155 412 3716 500 licentia_.commnni-

420 490 669 556 ﬁoribus
699 490 1355 567 peccatispoenitentiam
1396 502 1609 567 gt‘i‘llill,
1645 492 1702 567 si
1749 506 1811 543 ex
1853 490 2015 567 corde

422 561 757 640 poeniteant,
784 569 921 640 sicut
947 561 1144 640 Sicena
1170 563 1409 640 synodus
1434 565 1500 619 de
1524 563 1687 640 lapsis
1712 561 2013 640 constituit,

423 631 602 697 tribus
626 631 783 696 armis
824 639 931 692 sint
969 639 1110 692 inter
1150 631 1447 698 audientes,
1496 631 1735 704 quinque
1771 631 2014 704 vero”ch

422 720 630 783 septem
665 708 1167 783 annis_subiacean_t
1212 707 1355 762 inter
1387 702 1726 783 poenitentes
1767 702 2016 783 manibus

421 773 785 837 sacerdotum.
827 780 1046 833 Duobus
1082 780 1249 833 etiam
1290 773 1451 832 annis
1495 775 1797 832 oblationes
1839 773 2016 828 modis

420 851 674 907 omnibus
700 867 806 905 non
833 850 1081 904 sinantur
1113 847 1328 914 oﬂ'erre,
1374 848 1471 904 sed
1509 844 1883 901 tantummodo
1906 857 2019 968 Bo-

420 923 563 968 nnlis
600 923 653 968 in
692 920 939 968 oratione
974 920 1268 968 sarientur.
1311 919 1421 968 Nec
1466 917 1863 968 mnfundantur
1951 929 2017 968 eo

418 923 563 992 pulis
598 923 654 977 in
692 920 939 977 oratione
974 920 1268 977 sociemur.
1309 919 1433 992 Nec,
1466 917 1863 992 confundantur
1906 917 2017 970 Deo

422 987 562 1048 colla
604 992 941 1056 submittere,
970 992 1063 1061 qui
1089 1006 1213 1047 eum
1254 1006 1359 1046 non
1400 991 1696 1045 timuerunt
1722 987 2013 1061 abnegare.

421 1062 577 1130 Quod
600 1065 646 1121 si
675 1070 862 1132 utpote
882 1057 1140 1118 mortales
1165 1062 1308 1116 intra
1334 1069 1507 1115 metas
1531 1057 1852 1132 praescripti
1878 1066 2015 1111 tem-

419 1127 570 1208 poris
592 1127 831 1208 coepgirit
866 1136 1007 1188 vitae
1025 1132 1166 1208 _ﬁnis_
1200 1127 1905 1208 urguere,_subveniendum
1933 1134 2018 1208 est

421 1198 835 1279 implorantibus
858 1219 955 1260 seu
991 1205 1060 1279 ab
1084 1198 1351 1279 episcopo,
1384 1202 1477 1271 qui
1501 1200 1888 1279 paenitentiam
1919 1198 2018 1279 de-

420 1271 523 1341 dit,
546 1290 641 1333 seu
666 1276 736 1332 ab
760 1274 866 1331 alio
888 1316 903 1334 .
932 1275 1027 1345 qui
1072 1271 1254 1328 tamen
1295 1275 1474 1327 (latam
1505 1286 1624 1326 esse
1666 1271 2012 1345 probaverit,

421 1356 515 1400 aut
538 1345 786 1420 similiter
807 1362 837 1400 a
864 1344 1217 1420 praesbitero,
1252 1345 1399 1420 iussu
1418 1356 1511 1420 aut
1539 1344 2014 1420 permissutainen

421 1417 624 1488 proprii
644 1410 901 1487 episcopi,
925 1430 1023 1488 per
1042 1431 1240 1488 manus
1257 1410 1654 1488 impositionem
1677 1410 2015 1488 absolutione

419 1483 643 1556 precum
669 1483 1088 1543 sacerdotalium
1152 1483 1372 1541 iaticum
1395 1485 1717 1556 abeuntibus
1744 1484 1808 1537 dc
1832 1483 2014 1536 seculo

418 1554 530 1633 non
559 1567 802 1630 negetur.
832 1557 1021 1633 Pueris
1060 1564 1272 1633 autem,
1300 1558 1497 1633 quibus
1521 1572 1551 1609 a
1578 1554 1814 1633 puritate
1851 1567 2015 1633 voea-

418 1626 605 1684 bulum
629 1623 736 1694 Est,
767 1642 864 1683 seu
891 1628 1121 1691 clericis,
1163 1642 1259 1683 seu
1299 1623 1469 1689 laicis,
1510 1623 1605 1681 aut
1637 1624 1800 1681 etiam
1827 1623 2016 1694 simili-

415 1697 522 1755 bus
563 1693 794 1769 puellis,
838 1699 1037 1769 quibus
1071 1698 1375 1767 ignorantia
1416 1695 1742 1769 suﬂ’ragatur
1782 1693 2008 1769 aetatis,

418 1764 733 1847 aliquandiu
755 1764 1452 1847 sub-inanus'impositione
1474 1764 1707 1847 detentis
1740 1764 2011 1847 reddenda
2039 1786 2089 1847 Β

418 1835 728 1920 communio
745 1848 849 1895 est.
870 1839 1025 1920 Quod
1049 1839 1096 1896 si
1122 1835 1245 1920 ante
1274 1835 2013 1920 praefinitumpoeuitentiae

418 1919 633 1982 tempus
678 1911 919 1982 despecti
963 1926 995 1966 a
1040 1907 1395 1982 medicis—aut
1432 1907 1772 1982 evidentibus
1821 1907 2013 1982 mortis

417 1977 597 2063 pressi
633 1977 847 2065 indiciis
881 1991 1099 2052 recepta
1135 1981 1395 2065 quiquam
1426 1977 1875 2065 lcommpnionis
1898 1993 2015 2047 gra-

419 2050 497 2107 tia
523 2052 916 2119 convaluerint,
946 2050 1223 2109 servemus
1249 2050 1303 2107 in
1331 2052 1432 2117 eis,
1461 2051 1605 2123 quod
1630 2050 1822 2123 Niceni
1848 2064 2015 2105 cano-

416 2138 516 2177 nes
541 2124 878 2189 ordinarunt,
919 2132 981 2179 ut
1009 2124 1312 2178 habeantur
1333 2120 1640 2186 inter'illos,
1679 2121 1771 2190 qui
1810 2120 1864 2174 in
1890 2135 2014 2176 ora-

414 2192 565 2251 tione
611 2195 726 2250 sola
770 2194 1187 2257 communicant,
1238 2195 1410 2252 donec
1448 2193 1738 2264 impleatur
1778 2191 2011 2262 spatium

415 2265 675 2337 temporis
698 2264 899 2321 eisdem
924 2266 1265 2337 praestitum.

488 2281 524 2319 ι
600 2280 675 2322 ris
698 2280 899 2321 etsaem
924 2280 1265 2337 praestitum.

488 2280 611 2392 ig;
644 2336 720 2391 De
744 2336 1082 2391 catecuminis
1127 2353 1230 2391 non
1269 2335 1683 2407 praetercundis.
1720 2332 1831 2391 Nec
1867 2342 2015 2407 cate—

414 2407 619 2489 eumini
643 2407 1022 2489 praetereundi
1048 2415 1203 2489 sunt,
1251 2406 1377 2477 quia
1408 2423 1514 2462 non
1551 2416 1824 2489 estcausa
1852 2406 2013 2489 dissi:

414 2478 576 2540 nilis,
615 2477 760 2533 sicut
800 2477 960 2533 iidem
1003 2478 1174 2533 sancti
1214 2493 1449 2534 canones
1493 2478 1900 2533 ordinaverunt.
1944 2477 2011 2531 lli

414 2551 507 2620 qui
532 2549 770 2618 quolibet
809 2549 969 2620 modo
1005 2548 1314 2613 Christum,
1362 2563 1523 2620 quem
1565 2548 1731 2603 semel
1777 2547 2013 2620 confessi

414 2618 587 2686 sunt“
611 2619 932 2685 abiurarint,
965 2619 1141 2675 tribus
1182 2619 1341 2675 annis
1384 2619 1526 2673 inter
1565 2620 1846 2675 audientes
1880 2618 2008 2683 sint,

415 2699 470 2747 et
495 2699 682 2761 postea
709 2704 831 2761 cum
858 2690 1226 2761 catecuminis
1260 2690 1645 2761 permittantur
1689 2706 1867 2754 orare,
1914 2705 2014 2759 per

414 2759 610 2817 manus
633 2759 1031 2843 impositionem
1051 2760 1446 2817 communionis
1466 2760 1764 2817 catholicae
1783 2762 2011 2831 gratiam

416 2843 707 2889 ῐθοεωυι-ι.

737 2904 827 2974 qui
848 2902 1218 2974 paenitentiam
1238 2901 1477 2974 publicae
1501 2913 1706 2973 gerunt,
1734 2920 1839 2958 uno
1871 2919 2011 2958 anno

414 2991 535 3030 cum
556 2973 727 3029 cilicio
754 2973 863 3029 sint
889 2975 1027 3028 inter
1048 2973 1338 3028 audientes.
1369 2973 1471 3041 Qui
1498 2975 1886 3043 paenitentiam
1916 2990 2013 3044 pu-

414 3046 554 3102 blice
580 3052 791 3116 gerunt,
834 3045 1029 3116 debent
1060 3060 1225 3099 unum
1253 3061 1456 3099 annum
1501 3060 1622 3102 esse
1664 3062 1786 3101 cum
1833 3045 2011 3102 cilicio

414 3116 558 3187 inter
588 3114 888 3178 audientes,
919 3114 1003 3169 vel
1032 3130 1204 3187 usque
1229 3116 1296 3171 ad
1323 3132 1575 3187 magnum
1607 3116 1770 3183 diem,
1810 3126 1864 3172 et
1904 3132 2003 3187 po-

411 3186 557 3257 pulo,
598 3188 812 3258 quando
845 3187 1013 3241 intrat
1056 3186 1125 3241 in
1151 3186 1477 3259 ecclesiam,
1506 3187 1705 3257 perfusi
1751 3186 2007 3259 lacrymis

411 3257 630 3313 veniam
658 3259 931 3328 postulare
956 3257 1274 3329 precarique
1310 3272 1434 3312 eum
1468 3258 1765 3324 humiliter,
1806 3257 1879 3313 ut
1906 3274 2007 3328 pro

411 3329 495 3385 eis
525 3327 775 3401 dignetur
806 3343 983 3384 orare.
1019 3327 1216 3401 Tribus
1250 3343 1384 3401 vero,
1404 3330 1561 3385 annis
1586 3327 2008 3401 subiaceant’in-

411 3409 498 3455 ter
538 3398 874 3470 paenitentes
916 3398 1168 3470 manibus
1200 3400 1541 3454 sacerdotum
1589 3399 1645 3454 in
1693 3399 1812 3455 loco
1859 3408 2006 3458 retro

410 3469 552 3526 ostio
582 3469 843 3526 ecclesiae
874 3469 1277 3539 poeuitentibus
1317 3470 1632 3535 constituto,
1658 3479 1713 3525 et
1734 3486 2002 3539 seorsum,

413 3540 552 3599 infra
583 3540 756 3611 ipsam
784 3549 965 3595 tamen
990 3539 1294 3606 ecclesiam,
1335 3540 1545 3597 seclusa
1576 3540 1773 3611 populo
1802 3551 2002 3609 tamen,

414 3612 520 3683 iam
543 3609 649 3683 non
673 3609 735 3683 in_
747 3618 951 3683 terram
966 3612 1245 3683 prostrati,
1262 3611 1358 3667 sed
1373 3612 1523 3667 vultu
1551 3609 1605 3683 et
1626 3609 1801 3683 capite
1830 3614 2009 3669 humi-

412 3682 565 3753 liato,
590 3680 870 3753 humiliter
892 3689 948 3736 et
974 3695 1043 3736 ex
1061 3682 1243 3749 corde,
1272 3690 1332 3737 ut
1359 3696 1522 3753 supra
1548 3680 1753 3739 dictum
1778 3692 1882 3749 est,
1911 3699 2005 3740 ve-

414 3752 563 3824 niam
592 3750 867 3824 postulent
906 3759 962 3824 et
1003 3766 1104 3823 pro
1129 3767 1187 3808 se
1223 3768 1381 3809 orare
1425 3750 1739 3824 exposcam.
1787 3756 2006 3812 Duobus

411 3823 578 3884 etiam
594 3821 761 3880 annis
779 3821 1078 3879 oblationes
1115 3824 1289 3881 modis
1322 3821 1575 3881 omnibus
1610 3842 1719 3881 non
1760 3827 2009 3883 sinantur

413 3893 609 3950 offerre
627 3936 643 3962 ,
682 3894 779 3951 sed
805 3894 1015 3964 populis
1040 3896 1411 3951 tantummodo
1438 3896 1493 3950 in
1519 3898 1764 3954 oratione
1789 3900 2005 3955 socien-

414 3976 524 4033 tur,
552 3973 612 4021 ut
637 3964 1022 4037 perfectionem
1047 3965 1276 4035 septimo
1312 3967 1367 4021 in
1408 3983 1576 4023 coena
1616 3969 1826 4024 Domini
1877 3986 2008 4026 con-

413 4036 709 4107 sequantur
726 4051 887 4109 anno,
914 4036 969 4091 id
994 4046 1075 4092 est
1098 4050 1193 4109 per
1217 4038 1455 4109 episcopi
1492 4038 1575 4093 vel
1612 4041 1729 4096 eius
1751 4041 1919 4105 iussu,
1959 4040 2007 4097 si

416 4109 531 4180 ipse
550 4109 718 4181 abest,
752 4107 981 4181 aliorum
1003 4107 1343 4181 sacerdotum
1366 4107 1557 4165 manus
1579 4111 2002 4181 impositionem,

414 4177 756 4235 absolutione
779 4179 1193 4234 sacerdotalium
1214 4188 1488 4249 praecum,
1504 4177 1899 4239 communionis
1922 4177 2009 4240 ca-

414 4249 896 4331 tholi'c‘ae‘gratiam
921 4250 1208 4331 recepturi.
1245 4249 1486 4331 Qualiter
1519 4261 1711 4331 septem
1745 4270 2006 4331 annorum

412 4319 975 4396 paenitentiamagatur:
990 4320 1159 4396 luitis
1180 4334 1308 4396 vero
1333 4329 1542 4396 septem
1564 4319 1720 4396 annis
1745 4325 2007 4396 multipli-

415 4388 553 4445 citer
577 4388 812 4463 ieiuniis,
840 4390 1197 4463 orationibus,
1238 4388 1452 4463 ﬂetibus
1472 4400 1527 4463 et
1551 4388 1969 4463 elymosinartim
1985 4436 2000 4460 ,

414 4476 515 4531 pro
537 4467 598 4514 ut
622 4459 817 4531 melius
859 4460 1153 4531 potuerint,
1199 4459 1623 4523 exbibitionibus
1661 4472 1717 4518 et
1751 4459 2005 4531 lacrymis

2116 504 2242 546 care
2269 489 2725 559 praesumpserit,
2766 486 2928 559 simili
2956 486 3506 543 excommunicationi
3532 488 3719 543 subia-

2117 569 2256 617 ceat.
2272 558 2603 616 Sacerdotes
2627 567 2829 623 autem,
2854 558 2921 612 ad
2944 574 3081 629 quos
3099 560 3374 629 pertinere
3397 567 3713 624 noscuntur,

2118 633 2165 689 si
2194 648 2288 688 eos
2314 632 2555 702 quolibet
2585 644 2807 685 munere
2827 629 2911 683 vel
2938 628 3121 702 favore
3146 639 3239 702 aut
3258 628 3600 700 neglegentia
3628 632 3721 685 ad-

2118 700 2347 760 monere
2365 702 2635 757 noluerint
2661 708 2755 755 aut
2795 715 2892 770 per
2919 700 3347 756 satisfactionem
3380 711 3717 757 revertentes

2118 791 2226 831 non
2265 773 2628 844 susceperint,
2660 781 2754 827 aut
2790 779 3200 844 contemnentes
3240 771 3309 827 de
3351 772 3586 827 ecclesia
3616 788 3717 829 non

2117 845 2398 909 eiecerint,
2427 843 2607 899 simili
2651 843 2921 899 sententia
2959 843 3280 913 plectantur,
3313 858 3604 913 quousque
3640 845 3719 899 vel

2117 915 2509 973 emendationis
2534 914 2619 971 vel
2653 928 2838 971 eorum
2870 913 3235 969 damnationis
3274 914 3546 970 sententia
3591 930 3717 985 pro-

2118 988 2411 1043 mulcetur.

2188 1054 2310 1113 138.
2336 1056 2406 1112 Ut
2427 1054 2805 1129 paenitentibus
2832 1054 3027 1129 absque
3049 1071 3395 1129 personarum
3421 1057 3720 1127 acceptione

2115 1126 2436 1200 poenitentia
2464 1127 2635 1182 detur.
2678 1126 2749 1183 Ut
2794 1126 3047 1200 sacerdos
3090 1127 3474 1200 paenitentiam
3531 1126 3720 1199 implo-

2119 1198 2258 1254 rami
2286 1200 2490 1269 absque
2525 1211 2790 1270 personae
2828 1198 3143 1268 acceptione
3178 1199 3547 1269 poenitentiae
3581 1198 3721 1269 leges

2118 1270 2386 1325 iniunuat.

2189 1292 2430 1395 [iuglﬁdlbe
2464 1338 2929 1412 neglegentiaribus
2969 1337 3373 1412 paenitentibus.
3420 1338 3494 1396 Ut
3542 1340 3720 1412 negle-

2116 1414 2390 1485 gentiores
2416 1408 2753 1485 poenitentes
2782 1408 2990 1485 tardius
3022 1410 3371 1485 recipiantur.

2187 1484 2310 1537 140.
2345 1480 2527 1553 Πεῖεο,
2554 1482 2643 1552 qui
2663 1481 3039 1553 paenitentiam
3067 1482 3122 1535 in
3149 1480 3459 1553 inﬁrmitate
3494 1484 3646 1553 petit.
3673 1484 3718 1539 ls

2116 1554 2209 1624 qui
2233 1551 2620 1624 paenitentiam
2648 1553 2703 1624 in
2730 1552 3046 1624 infirmitate
3068 1551 3224 1621 petit,
3248 1552 3293 1605 si
3320 1551 3632 1624 casu,:dum
3655 1555 3718 1610 ad

2114 1623 2246 1680 eum
2276 1624 2526 1679 sacerdos
2564 1623 2822 1677 invitatus
2855 1623 3023 1688 venit,
3068 1636 3357 1692 oppressus
3402 1623 3718 1682 infirmitate

2114 1694 2382 1751 obmutuit
2426 1694 2511 1749 vel
2537 1695 2591 1749 in
2632 1693 2885 1751 frenesim
2926 1708 3116 1749 versus
3161 1692 3358 1760 fuerit,
3401 1694 3535 1749 dent
3566 1698 3714 1752 testi-

2118 1768 2357 1822 monium
2379 1766 2473 1835 qui
2499 1781 2623 1820 eum
2643 1765 2949 1829 audierunt,
2975 1773 3029 1819 et
3052 1763 3282 1833 accipiat
3303 1765 3711 1834 paenitentiam.

2117 1837 2257 1893 Etsi
2285 1837 2543 1909 continuo
2574 1836 2816 1909 creditur
2851 1836 3168 1909 moriturus,
3203 1837 3592 1909 reconcdietur
3624 1854 3714 1909 per

2114 1924 2308 1963 manus
2351 1908 2747 1978 impositionem
2787 1914 2843 1961 et
2876 1905 3189 1961 infundatur
3214 1908 3296 1962 ori
3321 1908 3441 1962 eius
3465 1905 3716 1966 euchari-

2114 1980 2236 2036 stia.
2272 1978 2328 2034 Si
2360 1978 2738 2047 supervixerit,
2780 1987 3189 2048 commoneatur
3223 1992 3254 2031 a
3284 1979 3618 2048 supradictis
3639 1990 3713 2035 te-

2114 2051 2287 2107 stibus
2310 2050 2587 2119 petitionis
2613 2064 2744 2104 suae
2783 2047 3115 2113 satisfactio,
3157 2058 3213 2102 et
3252 2047 3523 2106 subdatur
3551 2061 3716 2107 statu-

2113 2130 2228 2194 tum
2254 2120 2620 2194 poenitentiae
2647 2128 2879 2194 tempus,
2901 2120 3160 2194 quamdiu
3180 2121 3454 2188 sacerdos,
3479 2123 3577 2193 qui
3595 2138 3716 2194 poe-

2113 2191 2399 2262 nitentiam
2431 2192 2598 2256 dedit,
2628 2191 2959 2262 probaverit.

2184 2263 2308 2317 141.
2341 2260 2409 2316 Ut
2439 2260 2755 2333 poenitentes
2780 2278 2882 2316 non
2926 2278 2981 2316 se
3021 2261 3238 2317 credant
3280 2262 3586 2329 absolutas,
3616 2265 3713 2321 nisi

2109 2351 2204 2406 per
2239 2350 2428 2406 manus
2468 2334 2871 2406 impositionem.
2912 2333 3268 2406 Paenitentes
3282 2335 3374 2403 qui
3403 2336 3459 2390 in
3491 2336 3711 2392 inﬁrmi-

2115 2404 2227 2459 tate
2246 2404 2503 2460 viaticum
2533 2404 2897 2459 eucharistiae
2923 2404 3231 2473 acceperint
3253 2404 3303 2469 ⁸,
3339 2421 3455 2461 non
3502 2422 3565 2463 se
3601 2424 3710 2465 cre-

2112 2475 2560 2559 dantahsolutos
2608 2474 2725 2531 sine
2779 2491 2973 2532 manus
3016 2475 3395 2546 impositione,
3436 2478 3484 2532 si
3532 2494 3705 2551 supcr-

2110 2557 2365 2601 vixerint.

2184 2618 2307 2672 142.
2340 2616 2415 2671 De
2445 2616 2825 2689 paenitentibus
2847 2617 2937 2692 qui
2963 2625 3251 2692 antequam
3279 2618 3423 2692 leges
3444 2622 3696 2692 paeniten-

2110 2689 2220 2743 tiae
2243 2688 2613 2760 exsequantur,
2643 2694 2687 2743 si
2721 2688 2929 2743 casu'in
2955 2688 3141 2743 itinere
3162 2688 3240 2760 uel
3270 2688 3476 2745 in'mari
3504 2693 3686 2746 mortui

2112 2760 2326 2829 fuerim.
2358 2759 2722 2844 Paenitentes,
2745 2761 2838 2844 qui
2858 2769 3147 2844 antequam
3178 2759 3326 2844 leges
3350 2762 3684 2844 poepitentiae

2111 2839 2509 2900 exsequantur,
2557 2831 2603 2886 si
2646 2847 2777 2887 casu
2803 2831 2856 2885 in
2899 2831 3092 2886 itinere
3120 2830 3206 2887 vel
3233 2830 3289 2891 in
3332 2830 3466 2888 mari
3508 2834 3691 2889 mortui

2111 2900 2343 2976 fuerint,
2393 2902 2483 2957 ubi
2528 2901 2611 2957 eis
2656 2900 2912 2976 sacerdos
2960 2902 3264 2976 subvenire
3298 2918 3407 2959 non
3450 2904 3695 2974 potuerit,

2110 2974 2376 3099 ntemfria
2423 2987 2612 3028 eorum
2640 2981 2697 3029 et
2722 2970 3072 3032 orationibus
3096 2982 3150 3027 et
3176 2970 3546 3031 oblationibus
3569 2992 3705 3033 com-

2110 3057 2236 3099 men
2275 3053 2417 3099 etur.

2110 3053 2417 3099 mendetur.

2342 3115 2432 3190 _D_e
2478 3113 2592 3169 loco
2639 3115 3079 3190 monasteriorum
3121 3113 3197 3169 vel
3238 3115 3507 3190 aediﬁciis
3546 3118 3709 3190 proci-7

2029 3162 2079 3228 ο
2111 3183 2317 3240 dendis.
2342 3187 2576 3257 Dignum
2603 3201 2666 3242 ac
2704 3188 3071 3243 necessarium
3109 3194 3213 3252 est,
3253 3195 3315 3241 ut
3356 3162 3511 3243 missi
3544 3162 3708 3245 bosiri

2110 3270 2209 3337 per
2234 3256 2481 3341 quaeque
2508 3256 2624 3340 loca
2654 3257 2844 3341 directi
2872 3258 3044 3341 .simul
3078 3273 3202 3313 cum
3231 3258 3503 3341 episcopis
3533 3262 3711 3315 unius-

2111 3326 2374 3397 cuiusque
2396 3326 2628 3384 diocesis
2654 3329 2984 3399 perspiciant
3007 3328 3127 3384 loca
3147 3326 3604 3386 monasteriorum
3633 3348 3712 3386 ca-
3755 3364 3770 3384 .

2111 3399 2430 3473 nonicorum
2456 3401 2662 3469 pariter
2686 3407 2742 3473 et
2769 3400 3158 3473 monachorum
3190 3399 3550 3473 similiterque
3574 3402 3713 3473 puel-

2112 3470 2305 3529 larum.
2336 3471 2379 3525 si
2409 3471 2463 3526 in
2492 3480 2620 3540 apto
2647 3478 2701 3526 et
2724 3470 2777 3525 in
2806 3486 3050 3542 congruo
3073 3471 3191 3542 loco
3231 3470 3341 3526 sint
3376 3470 3591 3542 posita,
3625 3472 3712 3529 ubi

2112 3544 2455 3625 commodum
2500 3543 2865 3625 necessarium
2909 3541 3083 3625 possit
3120 3541 3141 3572 ³
3178 3541 3392 3625 adquiri
3412 3585 3445 3625 ,.
3474 3546 3621 3615 quod
3648 3544 3712 3625 ad

2112 3613 2402 3669 utilitatem
2441 3614 2676 3682 pertinet
2716 3613 3205 3677 monasteriorum,
3250 3613 3393 3671 sicut
3432 3613 3709 3671 inisancta

2112 3684 2299 3755 regula
2323 3685 2548 3738 dicitur:
2575 3684 2958 3739 Monasterium
2981 3693 3155 3737 autem
3174 3684 3247 3738 ita
3270 3684 3419 3742 debet
3442 3686 3708 3752 constitui,

2111 3765 2168 3809 ut
2207 3755 2383 3809 omnia
2423 3755 2715 3810 necessaria
2754 3755 2897 3824 intra
2937 3755 3310 3809 monasterium
3343 3767 3707 3824 exerceantur,

2112 3836 2168 3899 ut
2210 3841 2315 3879 non
2358 3826 2423 3899 sit
2467 3827 2745 3899 necessitas
2786 3826 3057 3899 monachis
3086 3838 3111 3865 ι
3138 3824 3221 3899 _vel
3243 3825 3447 3899 clericis
3489 3825 3710 3899 vagandi

2114 3895 2279 3967 foras,
2303 3897 2428 3967 quia
2451 3897 2662 3951 omnino
2699 3913 2802 3967 non
2823 3895 3028 3963 expedit
3059 3896 3336 3951 animabus
3375 3895 3583 3952 eorum.
3630 3897 3713 3954 Si-

2112 3966 2323 4039 militer
2337 3982 2555 4039 quoque
2586 3966 2991 4022 aedificationes
3013 3968 3484 4039 monasteriorum
3522 3983 3711 4039 supra-

2114 4037 2244 4094 dicti
2274 4038 2427 4092 missi
2453 4036 2506 4092 et
2536 4052 2767 4109 CllmOIS
2791 4037 3028 4107 episcopi
3054 4051 3153 4107 per
3177 4036 3388 4093 diversa
3418 4039 3538 4095 loca
3563 4036 3711 4109 prae-

2111 4109 2348 4181 videant,
2375 4110 2417 4163 si
2456 4117 2612 4178 aptae
2638 4108 2754 4181 sint
2773 4117 3474 4181 etcongrucnterAsanctae
3498 4108 3706 4181 profes—

2113 4179 2253 4235 sioni
2295 4181 2646 4249 compositae,
2677 4179 2759 4232 vel
2798 4179 2845 4234 si
2886 4178 3182 4234 claustrum
3210 4178 3427 4234 firmum
3454 4178 3707 4247 habeant,

2115 4249 2169 4304 in
2196 4264 2302 4320 quo
2335 4252 2532 4305 salvari
2562 4249 2773 4320 possint
2816 4250 3030 4305 animae
3066 4249 3121 4303 in
3150 4250 3230 4304 eis
3252 4253 3707 4307 commorantium

2114 4321 2215 4402 sub
2241 4321 2525 4402 disciplina
2556 4321 2817 4402 canonica
2853 4320 2937 4376 vel
2976 4320 3229 4402 regulari.
3272 4320 3375 4402 Ubi
3401 4331 3586 4377 autem

2114 4398 2213 4464 ter_
2241 4391 2458 4464 inventa
2498 4393 2719 4455 fuerint,
2765 4395 2873 4464 hoc
2912 4391 3238 4464 omnimodis
3277 4392 3571 4464 episcopus
3607 4392 3708 4464 loci

2116 4462 2286 4531 ipsius
2310 4461 2473 4517 faciat
2499 4463 2797 4533 emendari,
2837 4464 2912 4518 ita
2939 4471 2999 4517 ut
3026 4462 3349 4532 condignam
3383 4461 3709 4533 professioni

415 4529 727 4602 persistant.
766 4529 835 4584 Et
860 4529 930 4604 ne
957 4530 1183 4604 ulterius
1204 4531 1284 4604 eis
1310 4531 1436 4604 talia
1473 4533 1787 4604 contingant
1816 4529 2004 4593 admo-
2032 4534 2085 4595 D
2110 4529 2297 4587 eorum
2321 4532 2623 4589 custodiam
2662 4529 2894 4589 habeant
2933 4529 3291 4589 canonici'vel
3332 4529 3586 4591 monachi
3628 4546 3711 4590 at—

416 4598 545 4679 dum
571 4609 816 4667 caveant,
847 4602 1057 4657 dicente
1082 4601 1339 4659 Domino:
1384 4598 1523 4657 Vade
1558 4613 1607 4658 et
1637 4598 1861 4676 amplius
1894 4608 2003 4663 nali

450 4689 649 4728 cacare.

415 4690 718 4818 7661?;er
741 4742 1121 4818 paenitentibus
1158 4743 1648 4818 transgressoribus.
1692 4744 1763 4802 Ut
1799 4746 1885 4813 hi,
1914 4750 2006 4818 qui

416 4813 689 4887 frequenti
724 4813 1443 4887 praevaricationepeccata
1486 4815 1571 4871 vel
1617 4813 2006 4887 paenitentiam

417 4887 635 4952 iterant,
667 4885 936 4955 frequenti
983 4885 1270 4951 sententia,
1320 4885 1426 4941 nisi
1458 4900 1557 4956 per
1580 4885 2006 4947 satisfactionem

417 4972 556 5028 quae
574 4956 928 5028 praevaricati
956 4964 1083 5011 sunt
1108 4957 1395 5013 emendare
1420 4958 1683 5025 nitantur,
1712 4976 2004 5017 coercean-

420 5026 510 5082 tur
534 5026 618 5082 vel
642 5029 1085 5092 condemnentur,
1117 5036 1177 5082 ut
1206 5029 1357 5093 haec,
1387 5043 1525 5097 quae
1558 5031 1860 5087 voluntarie
1898 5049 2004 5088 non

420 5098 711 5170 diluerunt,
741 5099 892 5153 inviti
911 5099 1215 5156 emendent.
1241 5098 1393 5166 Quod
1416 5100 1462 5155 si
1488 5100 1574 5155 his
1590 5101 1787 5170 aliquis
1813 5118 2007 5158 renue-

419 5167 493 5243 πμ.
517 5176 572 5223 et
599 5170 898 5243 praeceptis
946 5170 1028 5224 sui
1072 5170 1367 5243 sacerdotis
1403 5167 1718 5243 inobediens
1744 5187 2006 5243 apparue-

419 5238 514 5322 rit,
559 5240 852 5323 secundum
899 5243 1114 5323 modum
1154 5238 1901 5323 culpae_excommunicétnr.
1942 5245 2003 5323 _Si

419 5311 544 5381 quis
578 5317 757 5365 autem
784 5311 868 5367 his
890 5320 1016 5366 ante
1040 5311 1536 5370 reconciliationem
1558 5320 1828 5371 eteorum
1853 5317 2008 5373 satis-

2110 4619 2225 4732 qge.
2233 4618 2540 4728 tnounanes,
2563 4620 2631 4659 ne
2649 4604 2808 4659 detur
2824 4606 2904 4661 eis
2924 4606 3141 4661 occasio
3159 4604 3541 4673 maleficiendi,
3566 4605 3710 4678 quod

2110 4691 2142 4731 a
2182 4691 2227 4730 sn
2259 4713 2273 4728 .
3340 4715 3352 4726 .

2110 4682 2273 4731 absit.
3340 4715 3352 4726 .

2182 4745 2309 4821 Mi.
2334 4742 2405 4821 Ut
2422 4746 2657 4821 episcopi
2683 4746 2872 4821 sciant,
2898 4744 3127 4821 qualiter
3156 4747 3430 4815 canonici,
3460 4748 3566 4821 qui
3588 4756 3709 4803 sunt

2109 4834 2226 4873 cum
2257 4816 2551 4889 abbatibus,
2578 4816 2766 4889 vivant.
2808 4816 3195 4888 Praecipimus,
3234 4830 3294 4874 ut
3334 4816 3711 4889 unusquisque

2108 4888 2391 4959 episcopus
2415 4888 2550 4943 sciat
2574 4902 2672 4957 per
2696 4888 2904 4959 singula
2931 4890 3281 4954 monasteria,
3305 4888 3540 4959 quantos
3562 4888 3712 4958 quis-

2109 4975 2214 5030 que
2238 4959 2377 5013 abba
2405 4959 2697 5015 canonicos
2721 4960 2778 5014 in
2801 4960 3130 5015 monasterio
3152 4976 3252 5015 suo
3273 4962 3490 5016 habeat.
3515 4961 3584 5014 Et
3605 4963 3710 5013 hoc

2108 5031 2330 5086 omnino
2347 5032 2508 5085 ambo
2532 5031 2735 5100 pariter
2758 5031 3093 5099 provideant,
3115 5041 3175 5085 ut
3197 5032 3217 5062 ⁸
3247 5033 3294 5087 si
3319 5032 3569 5087 monachi
3590 5030 3709 5086 tieri

2108 5100 2413 5183 voluerint,
2428 5102 2748 5173 regulariter
2769 5102 2980 5168 vivant;
3006 5103 3090 5157 sin
3112 5112 3314 5165 autem,
3340 5104 3600 5158 canonice
3630 5101 3711 5154 vi—

2111 5182 2242 5227 vant
2268 5182 2511 5228 omnino.

2184 5243 2307 5298 MS.
2354 5240 2423 5315 Ut
2470 5242 2739 5315 presbiteri
2783 5242 3011 5297 chrisma
3057 5242 3336 5315 diligenter
3384 5241 3704 5315 custodiant.

2111 5314 2408 5371 Presbiteri
2431 5312 2533 5371 sub
2560 5312 2737 5385 sigillo
2762 5315 3070 5386 custodiant
3095 5312 3333 5373 chrisma
3355 5323 3414 5371 et
3436 5314 3570 5371 nulli
3600 5313 3711 5369 sub

1646 5410 2043 5511 γΑωΑΝΤΕέ
2077 5447 2481 5508 LECTIONES.
3059 5508 3065 5514 ,
3199 5499 3207 5507 .

421 5558 782 5654 'quidemc.
856 5561 1322 5634 'accepenmtB.
1395 5561 1990 5635 'c.acn.possetG.
2065 5559 2348 5619 ‘decstG.
2965 5591 2974 5599 -
3115 5590 3143 5600 η
3200 5611 3204 5615 ,
3265 5592 3349 5622 ,-

1907 5672 2142 5732 ΝΟΤΑΕ.

494 5806 521 5840 ι
570 5790 658 5850 γει
684 5792 884 5851 clericis
911 5792 1234 5849 Benedictus
1261 5792 1325 5850 de
1354 5807 1452 5848 suo
1479 5794 1705 5848 addidit.

426 5916 439 5944 ι
1684 5940 1690 5948 .
1712 5935 1720 5939 _
1743 5899 1843 5952 25.)}:
1865 5899 1951 5955 fit:
