3974 6340
474 210 576 265 727

1367 206 1426 259 ll.
1468 204 1716 260 CAROLI
1757 204 1971 262 MAGNI
2009 202 2160 263 OPP.
2204 204 2391 260 PARS.
2417 203 2457 259 1.
2501 203 2743 261 SEC'I‘IO
2780 204 2820 260 l.

3638 209 3739 266 728

468 325 666 395 aliquis
689 322 1020 403 ordinandus
1047 329 1151 389 est,
1184 320 1237 375 in
1258 321 1487 375 amboue
1508 319 1941 403 ipsauuctoritas
1966 334 2056 374 co-
2080 326 2131 385 Α
2229 317 2387 403 220.“
2409 317 2486 372 De
2517 318 2907 403 praedicatione
2950 328 2999 376 et
3041 319 3439 403 conﬁrmatione
3481 321 3748 403 episcopo-

469 391 587 452 ram
615 396 813 465 populo
841 396 1066 465 legatur,
1088 403 1143 448 et
1165 406 1348 448 coram
1370 391 1741 465 sacerdotibus
1767 391 1850 465 vel
1871 406 2055 446 coram

470 462 722 528 ﬁdelibus
747 462 916 521 laicis
931 472 986 520 et
1012 474 1137 519 ante
1167 478 1335 518 cornu
1371 462 1578 527 altaris,
1620 462 1759 517 sicut
1787 463 1840 516 in
1870 472 2056 517 nostra

470 539 794 595 auctoritate
838 536 1172 600 continetur,
1224 540 1431 588 remota
1476 532 1715 603 qualibet
1761 532 2056 588 calliditate

468 609 777 670 libertatem
800 614 1196 676 consequatur,
1241 613 1297 660 et
1334 612 1465 676 tunc
1505 605 1720 659 demum
1758 605 1824 659 ad
1858 605 2058 676 gradus

466 678 864 735 ecclesiasticos
890 675 1292 748 promoveatur,
1325 675 1589 748 Similiter
1624 690 1839 748 quoque
1877 675 1943 730 de
1969 676 2056 748 his

467 750 733 821 agendum
763 745 1065 821 estfquos
1108 748 1232 804 laici
1259 746 1325 802 de
1343 745 1559 821 _l‘amilia
1595 746 1961 821 ecclesiarum
1986 746 2056 821 ad

467 816 653 876 sacros
679 819 899 876 ordines
922 816 1241 889 promovere
1273 817 1560 873 voluerint.
1613 816 1720 889 Sed
1763 827 1818 871 et
1856 818 1921 872 de
1947 817 2053 883 his,

465 905 603 961 quos
629 888 1341 961 praepositi’canonicoruml
1370 896 1464 942 aut
1489 888 1875 961 monachorum
1902 889 2055 944 ordi-

461 958 673 1032 nandos
696 958 1075 1032 expetiverint,
1106 961 1294 1017 eadem
1317 958 1491 1014 forma
1520 958 1782 1014 servanda
1805 970 1910 1032 est.

534 1030 660 1085 211.
682 1031 761 1086 De
772 1030 1035 1103 personis,
1060 1050 1092 1085 a
1113 1032 1302 1103 quibus
1312 1046 1425 1103 Anon
1444 1039 1563 1103 sunt
1592 1046 1673 1103 res
1696 1030 2049 1103 accipiendue.

465 1100 737 1163 Statutum
773 1099 876 1168 est,
903 1111 964 1156 ut
990 1099 1169 1157 nullus
1195 1101 1421 1171 quilibet
1446 1099 1848 1155 ecclesiasticus
1875 1101 1943 1155 ab
1968 1100 2055 1156 his

534 1173 711 1228 rsonis
740 1189 828 1229 res
870 1173 1121 1244 deinceps
1166 1172 1413 1244 accipere
1439 1177 1789 1244 praesumat,
1818 1186 2053 1244 quorum

484 1242 620 1299 iberi
646 1252 739 1298 aut
766 1241 1181 1314 propinqui'hac
1206 1242 1514 1314 inconsulta
1542 1241 1817 1314 oblatione
1835 1242 2054 1314 possint

463 1328 643 1369 rerum
669 1312 1007 1385 propriarum
1038 1314 1375 1370 exheredari.
1414 1312 1568 1385 Quod
1601 1312 1645 1366 si
1682 1312 1887 1385 aliquis
1904 1314 2054 1385 dein-

460 1399 589 1454 ceps
614 1383 718 1442 hoc
744 1383 921 1441 facere
956 1386 1263 1449 tentaverit,
1291 1384 1535 1455 synodali
1565 1384 1834 1455 sententia
1861 1383 2051 1439 distri-

462 1462 551 1512 cte
586 1456 817 1511 feriatur
853 1466 907 1511 et
945 1472 1033 1511 res
1061 1457 1127 1510 ad
1163 1454 1521 1511 exheredatus
1555 1454 1801 1509 redeant.

532 1526 657 1581 212.
700 1525 770 1581 Ut
811 1526 988 1581 nullus
1028 1527 1282 1598 presbiter
1314 1525 1497 1598 uliqua
1538 1524 1825 1596 cupiditate
1862 1541 2051 1598 quem-

458 1613 620 1667 quam
661 1605 941 1660 tonsurare
966 1595 1186 1652 suadeat
1218 1597 1257 1650 ¹.
1308 1595 1584 1652 Statutum
1607 1595 1610 1596 ⁷
1631 1604 1833 1667 εεινιιῑ
1867 1595 2049 1651 nullus

2159 405 2297 463 rum:
2341 389 2419 444 Ne
2459 402 2586 463 vero
2632 391 2869 461 episcopi
2916 389 3203 448 occasione
3250 389 3602 463 praedicandi
3661 389 3749 449 ant

2157 460 2510 533 conﬁrmandi
2544 463 2698 533 oneri
2734 460 2917 518 essent
2949 463 3182 533 populis,
3224 460 3267 517 aq
3294 463 3451 518 nobis
3483 463 3747 520 admoniti

2155 531 2382 600 polliciti
2410 540 2555 597 sunt,
2586 546 2645 605 se
2668 531 2926 604 deinceps
2951 531 3056 591 hoc
3078 548 3271 605 cavere
3288 533 3507 605 velleret
3530 547 3599 588 eo
3622 541 3745 591 tem.

2155 617 2288 671 pore
2317 618 2471 659 suum
2504 602 2900 676 ministerium,
2928 605 2981 659 in
3013 602 3275 676 quantum
3302 602 3550 676 facultas
3569 605 3745 674 datur,

2156 676 2369 746 exequi,
2414 690 2522 746 quo
2556 691 2743 731 eorum
2780 675 3065 746 profectio,
3101 683 3361 746 quantum
3401 676 3456 729 in
3496 675 3609 731 illis
3645 687 3745 746 est,

2156 743 2261 809 his,
2277 743 2493 818 quibus
2519 743 3039 818 prodesse'possunt
3069 743 3136 804 et'
3157 747 3373 813 debent,
3400 761 3512 802 non
3548 748 3623 803 sit
3659 748 3730 805 im

2152 824 2388 885 portuna
2414 817 2499 873 vel
2526 832 2775 873 onerosa.

2225 886 2349 960 22L
2388 886 2467 960 De
2514 890 2692 960 pueris
2738 887 3016 943 tondendis
3047 896 3097 943 et
3138 886 3327 959 puellis
3370 887 3633 944 velandis.
3672 889 3747 947 Ne

2152 958 3206 1056 PES?"ff"f..l‘li3‘f"il‘i.PI‘IIL‘XT.
3232 966 3632 1056 εἱοέἒῗξῖἓἮἸῖ.
3664 962 3744 1056 ‘2?!

2205 1027 2417 1097 puellae
2448 1029 2716 1095 velentur,
2752 1027 2927 1086 modis
2957 1030 3208 1086 omnibus
3231 1030 3527 1085 inhibitum
3551 1039 3656 1085 est.
3683 1033 3745 1087 Et

2152 1098 2251 1171 qui
2274 1099 2376 1154 hoc
2406 1098 2583 1157 facere
2613 1102 2925 1166 tentaverit,
2963 1101 3208 1164 multam,
3238 1115 3377 1171 quae
3405 1101 3463 1155 in
3490 1103 3741 1171 capitulis

2152 1167 2288 1247 legis
2322 1172 2625 1227 mundanae
2662 1187 2693 1226 a
2725 1172 2883 1247 nobis
2920 1172 3215 1227 constituta
3248 1167 3583 1238 continetur,
3623 1188 3742 1243 per-

2152 1251 2362 1313 solvere
2392 1251 2638 1313 cogatur.

2222 1310 2346 1365 222.
2403 1310 2482 1366 De
2528 1313 2737 1383 feminis
2780 1314 2918 1369 viros
2962 1312 3338 1368 amittentibus.
3381 1313 3461 1369 De
3505 1311 3740 1382 feminis,

2190 1397 2290 1454 uae
2314 1382 2463 1438 viros
2492 1382 2773 1452 amittunt,
2802 1385 3001 1454 placet,
3034 1398 3104 1439 ne
3129 1399 3189 1440 se
3227 1385 3369 1440 sicut
3396 1392 3630 1440 actenus
3658 1386 3735 1439 in-

2190 1452 2383 1526 iscretc
2417 1454 2610 1517 velent,
2655 1456 2749 1510 sed
2786 1452 2846 1509 ut
2878 1455 3102 1526 triginta
3133 1455 3251 1526 dies
3286 1463 3411 1526 post
3445 1455 3740 1511 discessum

2149 1523 2254 1577 viri
2290 1524 2379 1597 _sui
2426 1534 2714 1595 expectent
2755 1533 2811 1581 et
2843 1523 2977 1597 post'
3004 1523 3342 1597 tricesimum
3395 1526 3543 1581 diem
3591 1528 3613 1559 ⁸
3652 1543 3738 1597 per

2153 1594 2440 1667 consilium
2472 1594 2711 1666 episcopi
2748 1594 2967 1667 sui,__vel
3005 1595 3050 1650 si
3085 1597 3371 1667 episcopus
3400 1597 3606 1654 absens
3634 1594 3737 1652 fue-

458 1664 516 1721 in
555 1666 814 1722 canonica
842 1674 935 1721 aut
963 1667 1197 1739 regulari
1228 1667 1563 1743 professione
1588 1666 1916 1743 constitutus
1951 1667 2046 1720 ali-
2083 1683 2127 1743 Β
2152 1664 2243 1729 rit,
2279 1664 2770 1723 consilio—aliorum
2819 1664 3192 1743 religiosorum
3231 1664 3737 1743 sacerdotnmhsuo-

459 1751 621 1807 quem
670 1746 974 1808 tonsurare,
1020 1737 1244 1808 propter
1276 1753 1363 1793 res
1396 1738 1769 1806 adipiscendas
1795 1737 2049 1806 deinceps

458 1806 799 1876 persuadeat.
837 1809 903 1863 Et
933 1806 1033 1878 qui
1058 1806 1159 1864 hoc
1193 1808 1372 1865 facere
1412 1808 1774 1878 temptaverit,
1807 1808 2051 1878 synodali

458 1878 543 1932 vel
566 1878 827 1948 imperiali
851 1877 1121 1935 sententia
1149 1881 1324 1935 modis
1349 1877 1598 1934 omnibus
1636 1877 1883 1933 feriatur.

528 1948 652 2002 215.
693 1949 771 2033 _De
796 1951 1091 2033 presbiteris
1119 1949 1515 2032 constituendis.
1558 1950 1828 2004 Statutum
1858 1958 1961 2033 est,
1992 1958 2053 2033 ut

458 2019 577 2091 sine
603 2019 927 2091 auctoritate
954 2022 1036 2077 vel
1066 2035 1335 2077 consensu
1361 2020 1734 2091 episcoporum
1762 2021 2048 2090 presbiteri

458 2089 513 2143 in
542 2090 871 2159 quibuslibet
904 2090 1147 2149 ecclesiis
1176 2108 1276 2148 nec
1305 2089 1705 2146 constituantur
1732 2089 1832 2147 nec
1869 2092 2051 2160 expel-

457 2160 658 2214 lantur.
704 2163 770 2218 Et
812 2164 858 2218 si
894 2163 1016 2219 laici
1064 2164 1293 2220 clericos
1338 2162 1636 2231 probabilis
1683 2162 1843 2217 vitae-
1868 2171 1921 2217 et
1960 2162 2050 2218 do-

455 2231 667 2305 ctrinae
703 2234 971 2305 episcopis
1014 2236 1427 2305 consecrandos,
1467 2236 1686 2305 suisque
1720 2234 1775 2287 in
1804 2232 2051 2290 ecclesiis

457 2304 901 2376 constituendos,
938 2306 1253 2372 obtulerint,
1285 2304 1428 2360 nulla
1476 2304 1715 2376 qualibet
1760 2305 2047 2362 occasione

455 2387 552 2430 eos
583 2375 828 2430 reiciant.

525 2443 650 2498 214.
679 2446 754 2519 De
779 2448 978 2502 mensis
1005 2449 1414 2519 uniuscuiusque
1442 2444 1741 2519 aecclesiae.
1767 2444 2045 2519 Sancitum

452 2520 554 2579 est,
577 2517 949 2588 utunicuique
970 2519 1232 2575 ecclesiae
1259 2517 1397 2574 unus
1433 2531 1654 2588 mansus
1686 2517 1896 2587 integer
1922 2518 2049 2573 abs-

454 2599 563 2656 que
597 2586 777 2657 aliquo
818 2586 1040 2645 servitio
1079 2590 1428 2644 attribuatur.
1477 2587 1546 2642 Et
1574 2595 1633 2642 ut
1668 2586 1954 2656 presbiteri
1990 2588 2047 2642 in

451 2659 535 2728 eis
562 2658 845 2728 constituti
880 2675 986 2715 non
1023 2662 1089 2716 de
1125 2659 1347 2715 decimis
1381 2672 1556 2728 neque
1589 2659 1655 2713 de
1682 2658 2047 2728 oblationibus

453 2727 715 2794 ﬁdelium,
764 2745 873 2784 non
902 2731 969 2787 de
1006 2730 1254 2786 domibus
1291 2727 1482 2799 neque
1504 2730 1570 2784 de
1606 2727 1761 2783 atriis
1791 2730 1875 2784 vel
1908 2730 2047 2785 ortis

452 2799 608 2875 iuxta
648 2799 933 2875 ecclesiam
969 2802 1163 2873 positis
1188 2815 1376 2875 neque
1390 2800 1458 2875 de
1486 2799 1826 2875 praescripto
1855 2816 2047 2875 mango

453 2870 673 2944 aliquod
692 2870 990 2944 servitium
1024 2880 1241 2944 praeter
1264 2870 1695 2944 ecclesiasticum
1726 2871 1947 2944 faciant.
1978 2872 2046 2944 Et

451 2941 500 2997 si
526 2941 743 3014 aliquid
778 2941 1368 3014 amplius‘habuerint,
1412 2942 1537 3000 inde
1576 2941 1888 3003 senioribus
1927 2943 2046 3000 suis

453 3012 696 3084 debitum
726 3012 1007 3070 servitium
1036 3015 1368 3084 impendant.

521 3080 646 3138 215.
662 3083 741 3141 De
758 3085 1057 3157 presbiteris
1069 3079 1476 3157 uniuscuiusque
1487 3082 1752 3157 ecclesiae.
1769 3079 2045 3139 Statutum

448 3162 563 3227 est,
590 3155 879 3227 postquam
918 3158 1023 3214 hoc
1058 3156 1334 3227 impletum
1379 3155 1573 3227 fuerit,
1602 3162 1662 3227 ut
1689 3168 2049 3227 unaquaeque

451 3225 682 3283 ecclesia
706 3224 865 3283 suum
890 3224 1251 3299 presbiterum
1281 3227 1500 3299 haheat,
1529 3225 1623 3283 ubi
1650 3225 1705 3280 id
1734 3224 1853 3281 ﬁeri
1878 3224 2049 3282 iacul-

452 3296 1160 3381 taspeovidente'epimopo
1185 3296 1515 3381 permiserit:

524 3365 649 3423 216.
688 3369 766 3423 De
804 3365 972 3423 sacris
999 3365 1137 3424 vasis
1167 3365 1418 3423 ecclesiae
1443 3366 1513 3421 ad
1545 3366 1734 3438 pignus
1779 3365 1940 3438 datis.
1970 3367 2048 3423 De

451 3439 623 3509 sacris
654 3439 799 3495 vasis
825 3439 1110 3503 ecclesiae,
1139 3453 1279 3509 quae
1316 3437 1659 3509 inpignusa
1686 3437 1959 3509 nonnullis
1990 3439 2051 3493 in

450 3508 775 3580 quibusdam
817 3510 953 3565 locis
994 3509 1111 3564 dari
1157 3507 1540 3580 comperimus,
1590 3507 2041 3580 inhibitumlest,

454 3578 526 3634 ne
559 3579 814 3650 deinceps
860 3595 889 3634 a
918 3594 1191 3650 quoquam
1228 3579 1347 3635 ﬁeri
1374 3586 1770 3650 praesumatur,
1808 3578 1912 3633 nisi
1959 3594 2047 3636 so-

453 3650 730 3706 lummodo
753 3648 769 3650 ⁷
800 3648 1126 3707 necessitate
1192 3648 1633 3708 redimendorum
1706 3653 2045 3721 captivorum

453 3720 866 3792 compellantur.

441 3858 447 3862 ἓ
525 3787 650 3846 2Γ7.
697 3792 770 3848 De
796 3790 1028 3848 ecclesiis
1055 3791 1350 3862 destructis,
1389 3787 1555 3862 uelde
1596 3790 1748 3845 nonis
1776 3790 1810 3862 Ἀ
1824 3799 1872 3844 et
1904 3790 2047 3847 deci-

452 3863 575 3920 mis.
602 3863 679 3919 De
704 3862 949 3920 ecclesiis
974 3876 1104 3919 sane
1125 3861 1435 3925 destructis,
1466 3861 1550 3918 vel
1584 3862 1650 3917 de
1687 3860 1845 3916 nonis
1878 3870 1933 3918 et
1960 3863 2049 3919 de-

453 3935 631 4001 cimis,
670 3936 785 3991 sive
818 3936 885 3990 de
920 3933 1172 3992 claustris
1208 3933 1617 3997 canonicorum,
1656 3932 1892 4003 qualiter
1916 3948 2047 3989 con-

450 4005 603 4061 stitui
643 4014 697 4063 et
723 4005 966 4062 ordinari
1002 4005 1161 4062 nobis
1192 4003 1477 4076 placuerit,
1506 4003 1628 4059 aliis
1658 4003 1909 4074 capitulis
1951 4004 2047 4060 ad-

400 4131 417 4142 ,
452 4077 781 4133 notavimus.

524 4147 648 4204 2l8.
676 4147 755 4204 De
773 4147 1091 4220 presbiteris,
1118 4147 1214 4220 qui
1235 4146 1459 4220 feminas
1486 4144 1802 4220 indomibus
1827 4144 2040 4220 (tabent.

454 4216 730 4274 Statutum
765 4212 849 4274 est
885 4218 954 4273 ab
981 4212 1249 4287 episcopis
1283 4218 1350 4273 de
1375 4215 1726 4287 presbiteris,
1754 4215 1846 4285 qui
1885 4212 2046 4270 femi-

452 4303 553 4343 nas
579 4302 763 4345 secum
802 4286 1095 4354 indiscrete
1120 4286 1368 4342 habitare
1390 4286 1710 4357 permittunt
1743 4294 1799 4340 et
1822 4294 2045 4357 propter

454 4357 561 4414 hoc
586 4357 761 4412 malae
785 4358 1055 4428 opinionis
1080 4357 1388 4427 suspicione
1417 4358 1764 4428 denotantur,
1791 4364 1853 4410 ut
1886 4358 1932 4411 si
1957 4358 2045 4412 de-

2152 1751 2382 1806 rumque
2408 1744 2692 1861 parentum
2734 1746 2896 1807 atque
2934 1738 3230 1793 amicorum
3272 1738 3324 1792 id
3363 1739 3512 1808 quod
3552 1740 3739 1812 eligere

2152 1806 2352 1861 debent
2385 1824 2415 1861 e
2439 1809 2605 1861 iaant.
2638 1810 2706 1861 Et
2739 1810 2864 1861 auia
2904 1825 2935 1861 a
2966 1824 3122 1861 sacro
3156 1818 3425 1861 conventu
3450 1812 3648 1861 renati.
3685 1819 3737 1861 ut

2152 1806 2605 1880 debentle’ligant.
2638 1810 2706 1864 Et
2739 1806 2864 1878 quia
2904 1825 2935 1864 a
2966 1824 3122 1864 sacro
3156 1806 3425 1865 conventu
3450 1806 3651 1880 rogati,
3685 1819 3737 1864 ut

2151 1876 2229 1941 hi,
2281 1879 2371 1947 qui
2407 1876 2679 1949 publicam
2714 1876 2909 1948 gerunt
2944 1880 3352 1949 poenitentiam,
3392 1889 3448 1935 et
3494 1876 3733 1946 féminae,

2153 1963 2295 2018 quae
2334 1950 2482 2005 viros
2519 1952 2796 2015 amittunt,
2825 1959 3012 2007 nostra
3049 1952 3373 2007 auctoritate
3408 1951 3589 2007 donec
3614 1952 3733 2007 deli-

2150 2020 2343 2076 berent
2372 2021 2503 2092 quid
2539 2029 2702 2091 agant
2733 2029 2989 2077 tueantur
3015 2039 3030 2079 :
3074 2022 3382 2092 specialiter
3402 2037 3507 2092 pro
3539 2022 3627 2077 his
3654 2038 3735 2077 ca-

2149 2092 2321 2215 gitula
2349 2091 2487 2175 .ﬁeri
2534 2101 2591 2147 et
2636 2091 2774 2162 legis
2810 2091 3116 2149 mundanae
3159 2091 3419 2166 capitulis
3460 2093 3735 2151 inserenda

2186 2178 2508 2215 ccrevxmus.

2186 2178 2508 2219 ccrevxmus.

2219 2233 2346 2288 225.
2385 2234 2463 2289 De
2486 2234 2651 2305 raptis
2678 2244 2725 2289 et
2746 2235 2811 2290 de
2836 2251 3019 2291 earum
3048 2235 3366 2306 raptoribus.
3395 2234 3477 2289 De
3501 2235 3669 2305 raptis
3685 2243 3732 2291 et

2149 2303 2216 2359 de
2228 2303 2555 2379 raptoribus
2588 2322 2914 2379 quamquam
2928 2303 3261 2379 specialiter
3289 2303 3725 2379 decrevissemus,

2150 2375 2279 2450 quid
2328 2377 2462 2450 pati!
2496 2375 2744 2441 debeant,
2771 2375 2883 2450 'qui
2926 2375 3225 2450 lmenefas
3273 2376 3528 2450 deinceps
3568 2375 3731 2432 facere

2150 2448 2550 2519 temptaverint,
2579 2450 2707 2519 quid
2744 2447 2921 2507 tamen
2947 2452 3014 2506 de
3038 2447 3121 2506 his
3156 2448 3300 2507 sacri
3325 2463 3557 2503 canones
3580 2464 3726 2518 prae-

2148 2517 2367 2593 cipiant,
2400 2519 2500 2593 hic
2519 2517 2863 2577 inserendum
2892 2524 3260 2579 necessarium
3300 2517 3725 2593 duﬂmuSiqﬂa-

2148 2588 2296 2664 tinus
2337 2590 2589 2664 omnibus
2628 2600 2830 2661 pateat,
2880 2604 3143 2664 quantum
3185 2588 3384 2648 malum
3421 2595 3504 2657 sit,
3533 2598 3583 2648 et
3614 2588 3719 2648 non

2149 2659 2323 2714 solum
2357 2660 2614 2727 humana,
2629 2659 2743 2719 _sed
2788 2674 2844 2719 et
2873 2659 3056 2720 divina
3094 2664 3415 2721 auctoritate
3447 2664 3708 2720 constricti

2148 2731 2348 2785 abhinc
2373 2731 2477 2787 hoc
2503 2733 2703 2788 malum
2741 2745 3018 2790 caveatur.

2216 2800 2343 2855 224.
2371 2802 2449 2878 De
2470 2803 2658 2878 puellis
2680 2807 2842 2878 raptis
2869 2806 3089 2861 necdum
3116 2807 3463 2878 desponsatis.
3493 2807 3566 2878 De
3586 2804 3718 2875 puel-

2148 2872 2219 2928 lis
2262 2873 2443 2948 r_aptis_
2470 2872 2715 2948 ’nucdum
2741 2872 3087 2948 'desponsatis
3137 2872 3465 2934 in'concilio
3491 2872 3720 2932 Calcido-

2147 2944 2324 3019 nensi,
2356 2945 2447 3019 ubi
2484 2944 2598 3019 650A
2615 2956 2798 3019 patres
2822 2944 3111 3014 a'll'uerunt,
3141 2949 3379 3019 capitulo
3405 2948 3498 3013 38,
3531 2950 3611 3019 ita
3640 2948 3725 3002 ba-

2071 3043 2120 3106 c
2150 3013 2840 3106 trajecerant
2866 3018 3067 3106 ραςιιμδ
3099 3013 3427 3106 tumetis?
3457 3018 3613 3106 άπευι
3644 3020 3727 3106 ha:

2151 3084 2378 3151 bitandi,
2407 3084 2742 3161 cooperantes
2768 3099 2814 3161 et
2841 3084 3168 3161 conliibentes
3199 3090 3498 3161 raptoribus
3524 3090 3724 3161 decrerit

2146 3165 2331 3231 sancta
2358 3157 2609 3231 synodus,
2641 3158 2897 3231 siquidem
2926 3160 3101 3215 clerici
3127 3157 3268 3224 sunt,
3293 3160 3545 3231 decidant
3576 3159 3727 3231 gradu

2145 3227 2392 3353 graprio;
2430 3228 2475 3280 si
2514 3244 2629 3281 vero
2660 3227 2800 3290 (eici,
2832 3231 3363 3286 ansthematizentur.
3390 3227 3602 3297 Quibus
3625 3245 3726 3284 ver-

2185 3297 2231 3351 is
2258 3306 2443 3353 aperte
2466 3298 2625 3352 datur
2649 3300 2902 3353 intellegi.
2929 3302 3162 3353 qualiter
3200 3302 3361 3353 huius
3393 3302 3522 3353 mali
3552 3310 3726 3353 aucto-

2185 3297 2231 3351 is
2258 3306 2443 3373 aperte
2466 3298 2625 3373 dalur
2649 3300 2902 3371 inrellegi,
2924 3302 3361 3373 qualiterhuius
3393 3302 3522 3373 mali
3552 3310 3726 3357 aucto-

2147 3383 2236 3422 res
2269 3368 2557 3442 damnandi
2585 3380 2727 3442 sunt,
2754 3368 2970 3440 quando
2996 3372 3288 3442 participes
3307 3382 3363 3427 et
3388 3368 3729 3427 conbibentes

2149 3446 2301 3493 tanto
2326 3440 2670 3512 anathemate
2694 3436 3063 3506 feriunturfet
3082 3436 3210 3512 ‘quia
3243 3446 3393 3498 iuxta
3422 3443 3728 3498 canonicam

2147 3510 2637 3586 auctoritatemuad
2682 3513 2932 3586 coniugia
2977 3510 3217 3586 legitima
3260 3523 3447 3584 raptas
3482 3513 3585 3569 sibi
3630 3515 3731 3568 iure

2147 3580 2425 3652 vindicare
2451 3581 2760 3652 nullatenus
2786 3580 3019 3652 possint.

2214 3649 2341 3704 225.
2384 3651 2461 3725 De
2485 3649 2811 3725 desponsatis
2849 3653 3038 3725 puellis
3086 3662 3134 3709 et
3160 3654 3225 3709 ab
3267 3655 3389 3710 aliis
3438 3656 3626 3725 raptis.
3665 3654 3729 3708 De

2145 3722 2485 3795 desponsatis
2526 3723 2719 3795 puellis
2748 3733 2802 3778 et
2836 3722 2905 3780 ab
2933 3725 3056 3782 aliis
3092 3726 3261 3795 raptis
3300 3726 3372 3779 ita
3414 3726 3471 3779 in
3503 3722 3727 3795 concilio

2144 3793 2435 3867 Ancyrano
2457 3794 2930 3867 capitulo‘decimo
2957 3793 3188 3867 legitur}
3214 3796 3572 3867 Desponsatas
3596 3794 3729 3866 puel-

2146 3862 2312 3938 lasu‘et
2339 3873 2517 3934 postea
2542 3864 2621 3938 Aab
2655 3863 2775 3919 aliis
2795 3876 2981 3938 raptas
3013 3862 3207 3938 placuit
3235 3862 3350 3938 erui
3379 3877 3429 3920 et
3458 3867 3535 3921 eis
3571 3862 3726 3929 reddi,

2143 3933 2333 4007 quibus
2375 3944 2495 4007 anle
2528 3933 2737 4007 fuerant
2769 3933 3148 4007 desponsatae,
3196 3937 3403 3991 etiamsi
3444 3939 3519 3991 eis
3562 3957 3597 3991 ιι
3648 3953 3727 3989 ra-

2143 4003 2378 4076 ptoribus
2411 4004 2484 4058 vis
2522 4003 2544 4034 ⁸
2579 4004 2730 4058 illata
2766 4003 3072 4061 constiterit.
3107 4007 3337 4062 Proinde
3358 4016 3623 4063 statutum
3657 4016 3729 4061 est

2144 4089 2177 4129 a
2203 4089 2361 4131 sacro
2392 4084 2680 4139 conventu,
2710 4084 2769 4130 ut
2794 4086 2980 4146 raptor
2999 4079 3215 4147 publica
3239 4080 3575 4147 poenitentia
3601 4076 3729 4131 nuit-

2145 4153 2320 4219 tetur;
2341 4155 2541 4219 raptae
2586 4155 2732 4219 vero,
2772 4147 3081 4219 sisponsus
3119 4164 3237 4204 eam
3279 4150 3524 4219 recipere
3552 4150 3727 4202 notw-

2145 4215 2221 4271 rit
2254 4225 2309 4270 et
2339 4214 2456 4286 ipsa
2491 4216 2731 4271 eiusdem
2759 4214 2973 4273 crimini
3012 4220 3359 4275 consentiens
3381 4214 3490 4275 non
3525 4219 3646 4284 fuit,
3676 4224 3727 4270 il-

2145 4286 2324 4343 oentia
2366 4286 2735 4359 nubendiualii
2782 4305 2890 4343 non
2941 4301 3186 4359 negetur.
3245 4288 3399 4356 Quod
3448 4291 3495 4346 si
3542 4302 3595 4346 et
3647 4292 3726 4344 illa

2148 4357 2439 4431 consensit,
2469 4357 2634 4412 simili
2678 4359 2979 4415 sententiae
3009 4357 3304 4417 subiaceat.
3337 4361 3491 4427 Quod
3530 4361 3574 4416 si
3613 4370 3727 4431 post

456 4428 646 4497 inceps
668 4422 928 4484 admoniti
964 4444 1071 4484 non
1113 4422 1193 4484 se'
1210 4426 1568 4501 correxerint,
1611 4426 1759 4501 velut
1799 4435 2044 4501 contem-
2074 4422 2117 4480 D
2146 4428 2281 4483 haec
2326 4427 2550 4499 iungere
2585 4432 3065 4500 praesumpserint,
3115 4431 3334 4501 utrique
3348 4422 3729 4487 wanathemati-

452 4495 641 4570 ptores
677 4512 958 4556 sacrorum
1000 4514 1273 4555 canonum
1322 4497 1584 4554 canonica
1632 4497 1937 4556 invectione
1971 4495 2045 4555 fe-

449 4570 681 4625 riantur.

522 4641 649 4696 219.
677 4640 757 4696 De
775 4640 1095 4712 presbiteris,
1125 4640 1215 4712 qui
1239 4655 1350 4712 pro
1369 4637 1648 4712 chrismate
1668 4638 1911 4712 incoena
1934 4637 2045 4712 _Do-

452 4712 585 4767 mini
620 4707 906 4783 ueniebant.
952 4711 1030 4768 De
1069 4707 1413 4783 prcsbiteris,
1443 4709 1540 4783 qui
1572 4707 1871 4783 accipiendi
1906 4708 2046 4765 chri-

451 4783 645 4854 smatis
665 4781 837 4854 gratia
862 4783 932 4854 ad
956 4779 1204 4839 civitates
1229 4782 1285 4836 in
1311 4795 1481 4854 coena
1509 4779 1723 4854 Domini
1749 4779 1934 4835 venire
1959 4795 2047 4854 soi-

449 4850 537 4907 liti
583 4850 741 4933 erant
778 4853 1049 4933 sancitum
1085 4860 1187 4920 est,
1224 4860 1285 4908 ut
1326 4852 1393 4908 de
1425 4850 1531 4933 his,
1564 4850 1655 4933 qui
1692 4851 1854 4933 longe
1881 4851 2046 4933 positi

374 4957 379 4974 ι
452 4934 601 4995 sunt,
631 4921 699 4979 de
731 4933 857 4980 octo
887 4924 974 4981 vel
1005 4925 1190 4980 decem
1222 4937 1371 4995 unus
1408 4921 1486 4995 ab
1511 4921 1762 4995 episcopo
1789 4921 2041 4995 eligatur,

372 5014 385 5049 2
453 4994 548 5066 qui
585 5001 865 5066 acceptum
894 4996 1094 5053 crisma
1132 4994 1236 5051 sibi
1259 5000 1319 5066 et
1357 4991 1841 5066 sociisdiligen'ter
1872 4991 2045 5060 perfe-

368 5068 393 5138 ξ
452 5062 562 5121 fat.
594 5062 661 5120 Hi
682 5062 831 5133 vero,
866 5068 959 5138 qui
991 5063 1341 5138 nonlongins
1366 5078 1416 5138 _a_
1438 5062 1676 5128 civitate,
1718 5077 1881 5138 qualn
1910 5076 2044 5138 qua:

368 5129 395 5215 ᾗ
456 5145 583 5215 tuor
614 5129 983 5215 _aut_quinque
1019 5129 1256 5192 millibus
1278 5133 1559 5215 habit-ant,
1598 5129 1754 5215 more
1784 5129 1945 5215 solito
1974 5135 2042 5189 ad

456 5202 829 5278 accipiendum
855 5202 1052 5265 crisma
1073 5203 1684 5278 perveniant.‘Discendi
1717 5217 1846 5278 vero
1875 5202 1898 5278 ξ
1926 5219 2044 5274 gra-

458 5276 534 5332 tia
569 5272 694 5341 alio,
734 5295 845 5337 non
877 5272 1335 5350 quadragesimali
1385 5283 1644 5344 tempore,
1685 5273 1755 5329 ad
1798 5272 2045 5331 civitates

458 5356 743 5405 vocentur.
780 5394 791 5407 κ

2146 4513 2244 4554 zen
2251 4506 2360 4554 tur.

2391 4567 2478 4652 De.
2503 4569 2604 4635 his,
2632 4571 2722 4652 qui
2746 4571 3032 4653 uirginibus
3061 4572 3171 4628 Deo
3199 4573 3387 4653 dicatis
3423 4590 3486 4653 se.
3509 4573 3725 4653 sariam.

2148 4639 2226 4712 De
2255 4639 2357 4703 his,
2390 4639 2481 4712 qui
2518 4639 2690 4712 sacris
2709 4639 3008 4712 virginibus
3032 4659 3092 4699 se
3116 4645 3343 4709 sociant,
3369 4645 3445 4701 ita
3473 4644 3527 4698 in
3552 4645 3727 4697 decre—

2147 4711 2219 4785 tis
2247 4724 2419 4785 papae
2442 4708 2643 4785 Gelasii
2669 4708 2906 4782 capitulo
2929 4713 3191 4785 vigesimo
3229 4708 3576 4770 continetur:
3606 4712 3726 4785 Ην-

2146 4782 2355 4853 ginibus
2378 4781 2544 4856 sueris
2569 4781 2759 4856 temere
2793 4800 2847 4837 se
2865 4781 3119 4855 quosdam
3148 4787 3354 4840 sociare
3402 4784 3728 4856 cognorimus

2146 4850 2193 4927 et
2219 4860 2335 4923 post
2366 4850 2599 4927 dicatum
2616 4852 2733 4907 .Deo
2766 4850 3087 4927 propositum
3119 4857 3316 4910 incesta
3355 4850 3533 4927 fede'ra
3568 4854 3729 4907 sacri—

2147 4920 2365 4993 legeque
2398 4922 2654 4998 miscere;
2693 4920 2821 4998 quos
2857 4920 3098 4998 protinus
3135 4920 3365 4998 acquum
3390 4935 3471 4998 cst
3505 4943 3539 4980 a
3578 4939 3724 4978 sacra

2146 4992 2511 5068 communione
2552 4992 2781 5068 detrudi,
2823 4992 2871 5049 et
2914 4996 3013 5068 nisi
3050 4992 3314 5066 publicum
3358 4997 3725 5068 probatumque

2145 5063 2341 5145 egerint
2361 5064 2750 5145 paenitendum,
2784 5065 2994 5119 omnino
3011 5063 3123 5145 _non
3159 5068 3337 5145 recipi.
3358 5063 3468 5120 ’Δια
3491 5067 3573 5121 his
3597 5063 3726 5145 certe

2145 5133 2393 5207 viaticum
2424 5133 2489 5189 de
2524 5133 2699 5188 seculo
2728 5137 3138 5207 iranscuntibus,
3173 5138 3219 5191 si
3248 5133 3423 5191 tamen
3465 5137 3725 5207 paenitue-

2147 5204 2279 5278 rint,
2308 5220 2414 5258 non
2453 5212 2683 5275 negetur.
2721 5204 2779 5260 Si
2807 5221 2938 5278 vero
2979 5206 3044 5262 de
3081 5208 3421 5278 copulatione
3454 5204 3725 5278 sacrarum

2145 5274 2415 5347 virginum
2447 5274 2560 5329 tam
2594 5291 2780 5347 severe
2809 5275 3097 5341 feriuntur,
3138 5274 3342 5347 quanto
3375 5279 3618 5335 severius
3650 5275 3724 5329 fe-

2146 5344 2321 5401 riendi
2354 5354 2482 5401 sunt
2516 5346 2609 5417 qui
2633 5361 2727 5403 eas
2751 5347 3006 5418 rapiunt?
3032 5344 3179 5415 Ideo,
3203 5350 3347 5407 sicut
3368 5350 3723 5423 praemismm

1674 5480 2067 5561 VARIANTES
2102 5478 2506 5538 LECTlONES.

532 5627 551 5658 ¹
598 5623 812 5679 studeat
863 5620 931 5679 G.
1037 5620 1316 5682 ’,annonis
1345 5618 1414 5678 G.
1459 5627 1776 5677 constanter.

459 5696 662 5755 iniuria
694 5709 745 5753 c.

1889 5621 1911 5654 ⁸
1945 5636 2077 5693 ergo
2108 5619 2229 5676 Bal.

2370 5618 2393 5651 ⁵
2416 5618 2558 5675 idem
2590 5633 2659 5677 nc
2691 5617 2758 5677 ϐ.
2868 5619 2891 5653 ¹
2913 5618 3063 5677 XXX
3097 5618 3214 5679 dies
3244 5619 3312 5678 G.
3410 5622 3433 5655 ⁸
3457 5638 3506 5680 r.
3537 5621 3647 5681 suis
3677 5622 3719 5680 i.
