3974 6340
131 343 229 398 7'29

132 465 230 514 est,
272 460 489 507 necesse
513 452 612 505 est,
652 451 712 496 ut
751 441 822 514 ab_
852 437 1103 492 omnibus
1140 438 1200 514 in
1236 436 1528 514 chrisliana
1572 435 1700 514 reli-_

133 497 738 599 Qithé'tbiiéfsténiipus
780 511 958 599 rigore
996 507 1336 599 auctorit‘at‘is
1373 508 1585 562 divinae
1620 506 1704 562 vel

134 581 393 654 humanae
415 591 516 644 hoc
547 585 743 640 malum
771 581 1030 636 radicitus
1057 586 1384 654 amputetur.

197 666 321 722 #7.
361 662 436 715 De
487 654 692 729 puellis,
741 669 844 729 q_uo
891 660 1118 729 tempore
1149 649 1411 729 .velenlur.
1459 649 1538 729 Ne
1575 664 1704 729 vero

132 719 333 811 pucllae
367 719 656 811 indiscrete
694 719 969 811 velentur:
990 719 1206 811 placuit)
1239 719 1398 811 nobis
1429 721 1599 811 etiam
1638 721 1705 774 de

135 791 294 865 sacris
328 800 624 857 canonibus
647 795 878 866 qualiter
908 791 1300 866 observandum
1331 791 1402 866 sit
1429 791 1524 866 hic
1552 791 1703 866 inse-

134 860 262 936 rere.
294 877 370 928 De
391 882 634 940 tempore
659 860 1004 940 velandarum
1038 861 1336 932 puellarum
1375 861 1428 914 in
1449 860 1704 940 Africano

133 932 353 1005 istincilio
385 932 622 1011 capitulo
655 938 720 990 16
755 936 1078 1011 continetur,
1125 942 1190 1011 ut_
1220 947 1328 986 non
1345 939 1489 1011 _ante
1517 932 1703 1011 viginti

132 1003 358 1089 quinque
390 1003 561 1089 {ill-00S
587 1013 989 1089 consecrentur.
1023 1004 1166 1089 ltem.
1179 1004 1232 1057 in
1248 1003 1446 1089 _eodem
1471 1003 1703 1089 concilio

132 1074 355 1159 capitulo
401 1085 472 1159 93_
514 1082 581 1136 de
615 1078 916 1159 virginibus
962 1074 1201 1156 velandis
1246 1074 1319 1127 ita
1363 1074 1700 1159 continetur:

136 1146 254 1215 Item
294 1155 524 1228 placuit,
570 1161 624 1205 ut
665 1146 972 1228 quicunque
999 1147 1355 1228 episcoporum
1405 1146 1705 1228 necessilate

132 1214 360 1292 mngin
388 1214 575 1277 cumet
600 1214 1066 1292 vel'petitorpotens
1091 1214 1166 1292 uel
1182 1224 1360 1292 raptor
1381 1214 1570 1285 aliquis
1594 1215 1706 1292 for-

131 1282 372 1358 midatur,
401 1293 477 1348 vel
505 1295 548 1347 si
575 1282 730 1346 etiam
754 1282 928 1358 aliquo
951 1287 1133 1358 mortis
1153 1282 1442 1358 periculoso
1459 1282 1703 1356 scrupulo

131 1356 411 1438 conpuncla
437 1366 452 1394 ¹
477 1364 653 1434 fuerit,
681 1356 874 1438 nenon
901 1357 1065 1438 velata
1087 1356 1361 1419 moriatur,
1383 1366 1473 1408 aut
1495 1357 1706 1436 exigen-

132 1429 254 1493 tibus
287 1429 593 1507 parentibus
633 1442 723 1486 aut
746 1431 866 1507 his,‘
893 1429 962 1507 ad
1004 1442 1439 1507 quorumcurani
1459 1429 1700 1497 pertinet,

132 1497 357 1563 ratur/rit
385 1505 635 1575 virginem
667 1497 1119 1575 seutvelavituante
1143 1497 1322 1575 viginli
1347 1497 1577 1575 _qu_inque
1608 1514 1705 1551 an-

135 1597 212 1634 nos
245 1566 587 1639 aetatis,'non
606 1575 652 1627 ei
675 1572 807 1626 obsit
830 1568 1128 1639 concilium,
1157 1566 1296 1636 quod
1317 1567 1387 1639 de
1410 1566 1509 1620 iSto
1537 1583 1706 1639 anno-

134 1668 234 1703 rum
275 1638 494 1701 numero
535 1645 872 1699 constitutum
913 1648 1008 1693 est.
1057 1638 1207 1693 Unde
1243 1638 1534 1708 colligitur,
1577 1638 1704 1708 quia

133 1721 263 1774 iuxta
304 1718 546 1788 priorem
587 1713 919 1788 sanctionem
952 1708 1484 1788 virgines_vicesnno
1513 1709 1703 1788 quinto

135 1779 322 1846 aetatis.
360 1803 494 1843 suae
540 1800 682 1840 anno
730 1784 832 1837 rite
884 1780 1282 1836 consecrandae
1329 1789 1474 1833 sunt.
1549 1779 1704 1846 Quod

137 1866 174 1915 si
193 1861 517 1932 praemissae
543 1854 895 1932 necessitates
937 1861 1061 1905 ante
1106 1851 1166 1932 ill
1184 1851 1297 1904 fieri
1323 1851 1700 1932 compulerint,

141 1919 231 1986 ιιυίι
277 1932 449 1985 ullum
488 1930 508 1958 ¹
548 1927 757 1998 possint
799 1923 1050 1994 episcopo
1087 1919 1281 1976 afferre
1315 1919 1704 1993 praeiudicium

140 2001 484 2057 consecranti.

197 2074 309 2127 29.8.
348 2072 430 2125 De
462 2067 848 2124 examinatione
882 2073 1093 2119 sanctae
1117 2063 1286 2117 crucis
1315 2079 1417 2117 non
1438 2063 1702 2133 facienda.

141 2145 398 2200 Sancitum
439 2149 539 2201 est,
577 2149 637 2192 ut
676 2137 854 2191 nullus
885 2136 1137 2204 deinceps
1176 2134 1470 2203 quamlibet
1507 2136 1706 2189 exami-

143 2216 394 2269 nationem
419 2219 639 2266 sanctae
651 2209 830 2264 crucis
851 2205 1029 2261 facere
1050 2214 1374 2274 praesumat,
1410 2220 1478 2260 ne
1501 2205 1704 2262 Christi

147 2286 299 2354 passio
333 2298 514 2352 neque
555 2279 877 2352 glorificatio
916 2277 1206 2334 cuiuslibet
1242 2276 1547 2332 temeritate
1575 2293 1704 2334 con-

153 2356 346 2425 temptui
385 2357 671 2425 habeatur.
779 2421 820 2425 __
870 2419 900 2425 η
939 2418 950 2425 _
997 2417 1008 2425 _
1182 2417 1192 2425 ,
1291 2417 1302 2425 ,
1406 2367 1478 2425 ..’

353 2425 434 2478 De
459 2421 652 2494 pabulo
681 2417 1008 2494 verbidivini
1044 2417 1354 2494 nuntiando.
1406 2417 1703 2494 Episcopus

151 2498 246 2551 sive
272 2513 357 2566 per
406 2487 486 2557 se,
521 2494 633 2566 sive
668 2489 1023 2566 perivicarios
1053 2487 1308 2566 pabulum
1347 2487 1700 2566 verbihdivini

145 2558 303 2622 sedule
321 2567 535 2637 populis
562 2558 868 2623 adnuntiet;
891 2559 1148 2637 _quia,__ut_
1182 2559 1258 2613 ait
1286 2559 1474 2637 beatus
1495 2558 1700 2637 Grego-

145 2654 260 2700 rius,
292 2630 429 2692 iram
451 2644 639 2691 contra
665 2649 723 2688 se
756 2631 952 2687 occulti
991 2630 1182 2684 iudicis
1203 2631 1402 2684 excitat
1427 2630 1698 2699 sacerdos,

143 2709 181 2762 si
215 2711 320 2764 sine
356 2705 773 2778 praedicationis
810 2703 988 2778 sonitu
1028 2700 1246 2755 incedit.
1299 2700 1367 2778 Et
1403 2709 1460 2755 ut
1496 2701 1701 2778 clerum

139 2779 231 2834 sibi
273 2771 612 2834 commissum
663 2777 717 2830 in
764 2774 1057 2829 sobrietate
1097 2781 1150 2826 et
1191 2771 1442 2826 castitate
1495 2774 1701 2830 nutriat

139 2851 426 2918 divinisque
460 2846 649 2918 olliciis
679 2846 884 2900 imbuat
911 2884 926 2909 ,
974 2842 1208 2918 qui_rite
1234 2843 1301 2918 ad
1327 2852 1700 2918 sacrosanctos

141 2913 522 2974 ecclesiasticos
546 2917 758 2972 ordines
789 2914 1090 2984 promoveri
1120 2913 1346 2984 possint.
1376 2914 1442 2968 Et
1476 2923 1535 2968 ut
1571 2929 1702 2984 ope-

143 3005 257 3042 ram
284 2990 424 3052 dent,
448 2989 690 3058 quatinus
727 2983 1335 3058 prcsbiterimissalem
1348 2992 1403 3039 et
1428 2983 1700 3058 lectiona-

147 3062 284 3112 rium
314 3060 420 3114 sive
447 3055 673 3113 caeteros
702 3055 913 3112 libellos
939 3055 1040 3110 sibi
1069 3055 1405 3110 necessarios
1426 3057 1562 3110 bene
1585 3071 1701 3112 (ξονι

151 3137 319 3184 rectos
354 3131 603 3190 habeant;
647 3139 699 3182 et
722 3128 954 3198 qualiter
979 3124 1237 3198 ecclesias
1262 3126 1566 3198 destructas
1593 3126 1695 3183 sibi

142 3200 460 3268 pertinentes
487 3201 626 3254 iuxta
659 3195 801 3254 vires
825 3197 1128 3259 emendem,
1162 3195 1393 3268 qualiter
1430 3197 1591 3252 etiam
1618 3199 1697 3252 vi-

142 3267 266 3323 duas
292 3272 562 3340 diligenter
586 3271 874 3333 instruant,
901 3268 1168 3337 quomodo
1199 3267 1362 3340 etiam
1401 3268 1698 3324 secundum

139 3339 475 3410 apostolicam
514 3341 890 3396 auctoritatem
927 3339 1254 3410 conversari
1283 3339 1532 3410 debeant,
1568 3341 1702 3410 edo-

140 3409 302 3482 cenat.
334 3412 398 3465 Et
430 3421 488 3466 ut
527 3411 954 3482 superstitiones,
989 3424 1125 3482 quas
1149 3409 1539 3482 quibusdamin
1566 3409 1700 3467 locis

139 3481 186 3552 in
203 3483 467 3552 exsequiis
503 3478 838 3537 mortuorum
875 3479 1116 3552 nonnulli
1139 3478 1366 3552 faciunt,
1395 3479 1692 3536 eradicent.

137 3551 196 3605 Et
218 3561 272 3605 ut
296 3549 541 3623 eieniplo
575 3567 702 3608 suae
738 3550 1078 3623 innocentiae
1104 3549 1239 3623 alios
1263 3551 1330 3623 ad
1353 3551 1492 3623 bene
1519 3551 1701 3606 viven-

139 3623 250 3676 dum
286 3619 606 3692 provocent;
668 3631 723 3677 et
765 3621 975 3677 cunctis
1017 3619 1396 3692 ecclesiasticis
1447 3624 1695 3692 negotiis,

137 3691 377 3760 quantum
429 3695 688 3748 Dominus
724 3693 938 3756 iuverit,
985 3691 1117 3745 totis
1165 3691 1372 3746 viribus
1417 3691 1700 3750 conSulere

136 3771 380 3833 satagant,
449 3765 734 3834 diligenter
765 3763 1183 3834 admonuimus.
1242 3763 1310 3834 Et
1369 3769 1428 3816 ut
1477 3763 1699 3822 liberius

135 3832 333 3902 exsequi
362 3832 601 3898 valeant,
627 3850 728 3888 nos
762 3833 816 3886 in
841 3843 1100 3902 quantum
1131 3832 1387 3888 Dominus
1427 3847 1582 3902 posse
1607 3835 1700 3890 de-

136 3903 256 3957 derit
278 3919 438 3972 opem
465 3903 604 3958 ferre
631 3904 803 3958 modis
828 3904 1079 3957 omnibus
1113 3911 1381 3972 optamus.

192 3975 306 4028 230.
347 3975 430 4028 De
455 3975 746 4028 homicidiis
782 3975 837 4028 in
871 3973 1099 4027 ecclesiis
1131 3973 1208 4027 vel
1245 3973 1300 4026 in
1336 3974 1485 4028 atriis
1516 3989 1697 4029 eorum

162 4047 444 4112 erpetratis.
479 4045 536 4098 Si
611 4045 695 4099 uis
724 4051 817 4098 aut
843 4058 910 4098 ex
939 4043 1042 4097 levi
1074 4059 1234 4098 causa
1270 4052 1362 4097 aut
1393 4043 1509 4098 sine
1534 4059 1698 4100 causa

166 4116 386 4168 ominem
432 4060 763 4168 inter?ecerit
797 4115 852 4168 in
877 4113 1123 4168 ecclesia.
1163 4115 1228 4167 de
1254 4114 1362 4167 vita
1388 4123 1692 4168 componat.

166 4116 386 4169 ominem
432 4113 763 4170 interfecerit
797 4115 852 4168 in
877 4113 1123 4178 ecclesia,
1163 4115 1228 4167 de
1254 4114 1362 4167 vita
1388 4123 1692 4184 componat.

133 4183 181 4236 Si
203 4199 318 4240 vero
340 4185 482 4242 foris
518 4185 677 4240 rixati
704 4184 904 4238 fuerint
944 4193 998 4237 et
1023 4199 1161 4238 unus
1189 4184 1418 4238 alterum
1445 4184 1499 4238 in
1516 4183 1699 4239 eccle-

134 4255 251 4326 siam
284 4255 487 4326 fugerit
516 4264 570 4311 et
605 4257 677 4310 ibi
716 4269 774 4309 se
809 4253 1151 4326 defendendo,
1177 4269 1299 4309 eum
1346 4255 1692 4326 interfecerit,

132 4325 169 4376 si
210 4325 360 4381 huius
405 4326 536 4382 facti
581 4333 745 4380 testes
790 4341 898 4379 non
934 4325 1202 4389 habuerit,
1249 4340 1368 4378 cum
1415 4325 1696 4380 duodecim

132 4395 556 4451 coniuratoribus
597 4396 850 4465 legitimis
897 4395 1077 4449 iurare
1120 4402 1343 4465 cogatur
1375 4393 1426 4465 ’7;
1468 4397 1514 4450 is
1570 4409 1698 4452 vero

129 4466 206 4532 qui
239 4467 559 4521 interfectus
585 4464 686 4529 est,
725 4467 928 4534 absque
974 4464 1344 4534 conpositione
1394 4464 1600 4534 jaceat;
1633 4482 1697 4522 ac

622 326 776 384 COD.
809 321 1164 380 'DIPLOM.—
1199 317 1559 376 BENEDICTI
1594 314 2114 374 CAPITULARIUM
2154 311 2558 371 COLLECTIO.
2591 341 2660 352 -—
2685 309 2813 368 LIB.
2853 306 2892 364 Ι.

1728 440 1775 498 Α
1803 443 1958 560 porta
1998 433 2239 505 reliquiis
2273 443 2584 491 sanctorum
2610 437 2928 487 consecrata
2958 436 3059 494 est,
3085 426 3394 492 huiusmodi

1843 506 2154 560 omicidium
2198 515 2572 560 oeroetratum
2615 503 2802 560 fuerit.
2832 500 2996 557 simili
3021 500 3182 555 modo
3211 515 3394 557 emen-

3291 308 3396 366 750

1843 500 2154 578 omicidium
2198 515 2578 578 perpetratum
2615 503 2802 566 fuerit,
2832 500 2996 557 simili
3021 500 3182 578 modo
3211 515 3395 557 emen-

1806 578 1962 632 detur
1997 577 2083 632 vel
2123 570 2476 648 conponatur.
2524 575 2583 630 Si
2623 591 2754 630 vero
2794 580 2949 644 porta
2987 570 3251 648 ecclesiae
3282 587 3392 648 non

1805 656 1889 700 est
1933 642 2268 711 consecrata,
2303 663 2368 703 eo
2402 648 2560 702 modo
2605 642 2943 716 conponatur
2966 643 3111 716 quod
3149 642 3204 697 in
3249 643 3393 716 atrio

1805 719 2185 785 committitur,
2221 720 2360 774 sicut
2385 717 2615 789 conponi
2642 713 2802 773 debet
2835 713 3071 773 auod’in'
3091 713 3391 773 emunitatr

1804 789 2005 844 violata
2032 790 2410 844 committitur.

1875 861 2000 915 231.
2033 860 2110 914 De
2137 861 2344 914 iniuriis
2369 859 2695 914 sacerdotum
2724 860 2780 913 in
2802 855 3029 913 ecclesiis
3053 855 3228 926 factis.
3257 854 3392 912 San-

1806 931 1985 1002 guinis
2021 930 2212 986 effusio
2243 932 2297 985 in
2322 930 2550 986 ecclesia
2585 929 2726 985 facta
2763 945 2882 985 cum
2917 926 3084 1002 fuste,
3109 927 3157 1002 si
3182 927 3396 997 presbi-

1804 997 1890 1057 ter
1917 1002 2097 1067 fuerit,
2116 1003 2276 1074 triplo
2299 1010 2662 1074 conponatur,
2679 1003 2821 1074 duae
2833 1007 3017 1074 partes
3038 997 3212 1074 eidem
3236 1012 3390 1068 pres-

1805 1074 2007 1137 bitero,
2065 1069 2224 1128 tertia
2269 1089 2368 1144 pro
2404 1069 2562 1127 fredo
2590 1069 2997 1144 adﬂecclesiam
3020 1111 3036 1137 ,
3079 1069 3300 1140 insuper
3332 1076 3390 1126 et

1804 1145 2014 1200 bannus
2041 1153 2243 1199 noster.
2271 1142 2547 1199 ’Similiter
2570 1143 2637 1196 de
2659 1143 2883 1198 diacono
2899 1142 3047 1196 iuxta
3067 1155 3220 1196 suam
3247 1155 3394 1195 com-

1804 1215 2127 1286 positionem
2156 1215 2316 1286 triplo
2342 1215 2681 1286 persolvatur
2713 1222 2769 1286 ei
2795 1213 3013 1286 insuper
3038 1213 3258 1286 bannus
3285 1225 3388 1266 no-

1805 1280 1934 1342 ster.
1966 1280 2266 1341 Similiter"
2287 1280 2360 1340 et‘
2383 1288 2447 1341 de
2479 1285 2589 1341 ictu
2613 1285 2730 1339 sine
2753 1284 2774 1316 ⁵
2804 1280 3081 1354 sanguinis
3107 1280 3389 1349 effusione,

1806 1358 1871 1412 de
1920 1373 2243 1428 unoquoque
2287 1357 2477 1412 ordine
2519 1357 2842 1412 clericorum
2886 1354 3180 1428 secundum
3233 1368 3391 1428 suam

1806 1424 2234 1498 conpositionem
2264 1429 2444 1497 triplo.
2478 1437 2533 1482 et
2585 1430 2797 1483 bannus
2831 1434 3036 1498 noster.
3065 1424 3133 1478 Et
3158 1425 3252 1498 qui
3281 1439 3392 1478 non

1805 1495 1986 1564 habet,
2025 1502 2165 1554 unde
2187 1501 2254 1555 ad
2274 1495 2560 1555 ecclesiam
2582 1498 2876 1568 persolvat,
2913 1497 3091 1552 tradat
3113 1510 3177 1568 se
3194 1495 3390 1568 inser-

1804 1571 1997 1696 vitiunli
2026 1571 2199 1626 eidem
2241 1571 2521 1635 ecclesiae,
2561 1566 2734 1639 usque
2766 1569 2892 1624 dum
2929 1575 3102 1622 totum
3135 1566 3392 1629 _debitum

1804 1655 1964 1696 Derso
1991 1651 2098 1696 vat.

1841 1651 2098 1696 ersolvat.

1803 1655 2012 1792 p233:
2023 1655 2116 1768 ab}:
2150 1712 2320 1768 viduis
2355 1720 2402 1767 et
2429 1709 2642 1792 pupillis
2666 1719 2715 1765 et
2736 1708 3072 1792 pauperibus.
3107 1707 3314 1792 _Yiduae
3339 1714 3396 1792 ct

1736 1804 1780 1864 Β
1806 1784 1994 1866 pupilli
2041 1799 2106 1838 ac
2151 1779 2882 1866 pauperes'quandocunque
2925 1781 2982 1834 in
3017 1779 3237 1866 mallum
3267 1786 3394 1866 ante

1809 1850 2062 1908 comitem
2099 1850 2368 1921 venerint,
2411 1850 2588 1924 primo
2625 1850 2812 1924 eorum
2856 1866 3036 1906 causa'
3055 1850 3307 1905 audiatur
3341 1859 3396 1904 et

1809 1925 2118 1980 definiatur.
2152 1926 2219 1980 Et
2252 1926 2297 1981 si
2335 1923 2502 1981 testes
2532 1938 2628 1995 per
2657 1939 2716 1979 se
2745 1923 3038 1995 adcausas
3073 1935 3394 1995 suas_quae-

1808 1997 2002 2052 rendas
2047 1997 2246 2052 habere
2291 2013 2396 2052 non
2437 1992 2710 2066 potuerint
2753 1993 2837 2048 vel
2867 1993 3040 2066 legem
3077 1992 3391 2066 nescierint,

1806 2081 1989 2123 comes
2025 2068 2147 2123 illos
2181 2067 2265 2122 vel
2304 2062 2670 2121 illas'adiuvet
2696 2065 2873 2120 dando
2909 2062 2990 2120 eis
3029 2062 3193 2117 talem
3217 2062 3393 2116 homi-

1806 2153 1949 2202 nem,
1991 2140 2082 2208 qui
2131 2139 2395 2194 rationem
2447 2153 2636 2194 eorum
2682 2143 2867 2192 teneat
2909 2134 2996 2189 vel
3045 2148 3145 2204 pro
3189 2133 3270 2190 eis
3308 2133 3390 2188 lo—

1843 2218 2023 2263 uatur.

1805 2222 2106 2334 quaggbe
2130 2289 2284 2351 raptu
2309 2280 2608 2334 viduarum.
2641 2276 2742 2351 Qui
2762 2277 2988 2351 ividuam
3017 2276 3159 2351 intra
3184 2273 3390 2351 primos

1804 2351 2024 2434 triginta
2053 2351 2167 2434 dies
2192 2347 2470 2434 viduitatis
2491 2366 2619 2405 suae
2645 2349 2732 2434 vel
2758 2347 3388 2434 invitam-vendentem

1803 2417 1906 2477 sibi
1930 2420 2281 2491 copulaverit,
2309 2423 2543 2477 bannum
2559 2428 2828 2491 nostrum,
2847 2419 2900 2474 id
2914 2425 3000 2491 est
3017 2417 3218 2474 solidos
3230 2431 3387 2491 sesa-

1839 2492 1971 2558 inta,
1997 2486 2056 2546 in
2084 2493 2246 2562 triplo
2270 2500 2558 2562 conponat.
2611 2490 2772 2562 Etsi
2820 2490 3189 2562 invitameam
3213 2486 3385 2552 duxit,

1821 2559 1972 2633 egem
2025 2559 2178 2618 suam
2213 2564 2264 2620 ei
2301 2559 2569 2634 conponat
2592 2603 2608 2630 ,
2661 2561 2808 2618 illam
2844 2575 2975 2618 vero
3009 2559 3236 2615 ulterius
3278 2574 3388 2614 non

1801 2635 2064 2703 adtingat.

1871 2699 1997 2777 25$.
2039 2704 2116 2777 De
2147 2705 2356 2777 homine
2387 2704 2653 2777 publicam
2683 2702 3052 2777 paenitentiam
3087 2709 3270 2777 agente
3305 2699 3386 2753 in-

1801 2776 2034 2845 terfecto.
2077 2775 2177 2846 Qui
2210 2772 2482 2832 hominem
2510 2772 2781 2846 publicam
2809 2772 3197 2846 poenitentiam
3225 2785 3390 2841 agen-

1803 2841 1912 2901 tem
1951 2841 2306 2911 interfecerit,
2348 2841 2586 2902 bannum
2630 2841 2876 2901 nostrum
2906 2843 2961 2898 in
3000 2841 3161 2913 triplo
3183 2856 3390 2912 conpo~

1800 2925 1913 2988 nat,
1943 2926 1998 2988 et
2023 2917 2326 2988 vvirgildum
2356 2918 2618 2988 proximis
2653 2917 2765 2972 suis
2801 2914 3094 2988 persolvat.

1867 2987 1993 3042 255.
2037 2985 2108 3058 Ut
2128 2982 2311 3042 'omnis
2341 2982 2495 3043 homo
2530 2987 2660 3042 liber
2687 2982 2992 3058 potestatem
3024 2983 3231 3058 habeat,
3274 2982 3392 3037 ubi-

1798 3074 1999 3128 cunque
2027 3057 2244 3112 voluerit
2276 3075 2356 3112 res
2393 3076 2516 3113 suas
2539 3059 2667 3112 dare
2687 3055 2789 3128 pro
2810 3055 2980 3111 salute
3000 3055 3208 3128 animae
3237 3069 3385 3128 suae.

1801 3127 1859 3183 Si
1882 3123 2004 3197 quis
2042 3144 2131 3183 res
2168 3144 2294 3183 suas
2319 3145 2417 3198 pro
2459 3129 2631 3185 salute
2664 3123 2878 3182 animae
2915 3141 3044 3181 suae
3074 3124 3156 3179 vel
3187 3124 3253 3198 ad
3284 3123 3385 3198 ali-

1801 3195 1960 3282 qnem
1987 3195 2348 3282 venerabilem
2387 3201 2564 3282 locum
2594 3199 2681 3282 vel
2714 3198 3016 3282 propinquo
3043 3209 3143 3251 suo
3172 3195 3257 3282 vel
3279 3195 3389 3282 cui-

1799 3265 1931 3324 libet
1984 3271 2141 3325 alteri
2197 3270 2410 3327 tradere
2457 3265 3194 3336 voluerit_et’eo’tempore
3244 3265 3387 3320 intra

1799 3341 1976 3409 ipsum
2021 3341 2336 3396 comitatum
2388 3341 2570 3407 fuerit,
2617 3341 2674 3396 in
2722 3355 2830 3409 quo
2879 3354 2968 3394 res
3013 3338 3136 3392 illae
3181 3336 3389 3409 positae

1799 3405 1947 3475 sunt,
1998 3411 2296 3483 legitimam
2334 3405 2679 3468 traditionem
2729 3405 2907 3483 facere
2944 3405 3194 3483 st_udeat[
3232 3405 3386 3473 Quod

1798 3483 1846 3538 si
1874 3480 2356 3554 eodemtempore,
2381 3499 2488 3554 quo
2527 3483 2647 3538 illas
2673 3480 3040 3554 traderevult,
3076 3488 3227 3554 extra
3253 3493 3380 3554 enn-

1801 3554 1920 3608 dem
1955 3547 2273 3608 comitatum
2309 3547 2495 3619 fuerit,
2538 3555 2592 3608 id
2617 3561 2701 3608 est
2738 3552 2851 3608 sive
2889 3552 2943 3606 in
2979 3550 3240 3611 exercitu,
3273 3547 3387 3619 sive

1799 3625 1854 3679 in
1887 3624 2110 3693 palatio,
2140 3625 2254 3680 sive
2289 3625 2344 3680 in
2383 3618 2490 3680 alio
2525 3622 2955 3694 quolibetloco;
2991 3620 3243 3694 adhibeat
3273 3618 3386 3694 _sibi

1798 3689 1981 3777 vel—de
2020 3697 2134 3750 suis
2159 3696 2491 3777 pagensihus
2521 3689 2607 3777 vel
2644 3695 2722 3777 (le.
2746 3693 2888 3759 aliis,
2916 3690 3232 3777 qui.ea.dein
3273 3689 3390 3777 lege

1797 3765 1986 3819 vivunt
2015 3781 2120 3834 qua
2157 3761 2273 3834 ipse
2296 3766 2446 3830 vivit,
2478 3774 2645 3821 testes
2672 3761 3041 3828 idoneos;'vel
3069 3763 3114 3834 si
3143 3761 3264 3834 illos
3291 3761 3390 3816 ha-

1797 3835 1926 3906 bere
1948 3831 2058 3890 non
2083 3831 2338 3906 potuerit,
2367 3845 2498 3892 tunc
2521 3837 2588 3892 de
2637 3836 2757 3889 aliis
2785 3835 2972 3905 quales
2999 3834 3072 3888 ibi
3096 3833 3116 3863 ⁸
3137 3831 3388 3887 meliores

1797 3904 2030 3960 inveniri
2054 3904 2310 3975 possunt;
2343 3917 2398 3962 et
2426 3922 2609 3962 coram
2650 3906 2781 3976 ipsis
2809 3904 2986 3976 rerum
3023 3917 3242 3976 suarum
3273 3910 3385 3976 tra-

1797 3971 2071 4030 ditionem'
2099 3976 2262 4031 faciat
2302 3985 2358 4032 et
2395 3971 2742 4032 fideiussores
2779 3975 3073 4030 vestiturae
3113 3973 3276 4027 donet
3313 3971 3383 4035 ei,

1797 4047 1889 4170 Eni
1917 4046 2063 4099 illam
2092 4047 2438 4102 traditionem
2461 4046 2678 4130 accipit,
2697 4047 2792 4129 qui
2819 4046 3136 4125 vestiturani
3159 4041 3380 4096 faciant.

1847 4125 1865 4169 t
1910 4124 2195 4170 nostauam
2247 4117 2381 4170 haec
2429 4117 2650 4170 traditio
2696 4128 2771 4170 tta
2821 4115 2962 4170 facta
3004 4114 3186 4170 fuent.
3227 4112 3380 4166 heres

1847 4125 1865 4169 t
1910 4124 2195 4185 postquam
2247 4117 2381 4172 haec
2429 4112 2650 4172 traditio
2696 4112 2771 4171 ita
2821 4115 2962 4170 facta
3004 4113 3186 4176 fuerit,
3215 4112 3387 4185 _heres

1797 4181 1942 4242 illius
1985 4181 2276 4257 numquam
2321 4188 2390 4241 de
2432 4187 2725 4257 praedictis
2777 4187 2936 4242 rebus
2982 4185 3161 4257 valeat
3206 4181 3386 4238 facere

1798 4255 2194 4328 repetitionem.
2234 4255 2456 4328 Insuper
2501 4265 2557 4312 et
2612 4257 2726 4326 ipse
2773 4271 2871 4328 per
2913 4271 2972 4328 se
3012 4255 3383 4328 hdeiussorem

1799 4323 1960 4382 faciat
2010 4327 2252 4382 eiusdem
2295 4323 2731 4393 vestituraefne
2775 4323 2957 4384 heredi
3012 4325 3118 4380 ulla
3167 4323 3386 4380 occasio

1800 4405 2075 4452 remaneat
2120 4397 2261 4454 hanc
2306 4399 2652 4454 traditionem
2697 4397 3035 4458 immutandi,
3078 4395 3170 4452 sed
3203 4395 3386 4466 potius

1800 4467 2098 4523 necessitas
2124 4468 2400 4524 incumbat
2438 4469 2582 4524 illam
2611 4468 2944 4539 perficiendi.
2986 4468 3050 4522 Et
3077 4469 3122 4522 si
3144 4467 3383 4539 nondum

130 4536 302 4592 deinde
357 4537 681 4609 interfector
723 4536 1023 4609 secundum
1063 4535 1326 4609 iudicium
1380 4537 1697 4609 canonicum
1725 4549 1779 4609 υ
1801 4554 1889 4609 res
1927 4554 2054 4609 suas
2091 4554 2213 4609 cum
2250 4535 2753 4595 coheredibus'suis
2790 4539 2990 4594 divisas
3026 4537 3230 4609 habuit,
3275 4551 3386 4591 non

129 4620 403 4676 congruam
447 4606 673 4660 facinori
706 4607 857 4676 quod
886 4604 1112 4676 admisit
1136 4605 1521 4673 pocnitentiam
1548 4606 1698 4661 acci-

126 4675 241 4752 ρὶρίμ
275 4677 332 4752 Si
353 4678 614 4752 proprius
639 4691 825 4730 servus
850 4675 952 4730 hoc
976 4675 1272 4752 admiserit,
1303 4676 1500 4730 iudicio
1528 4691 1698 4752 aquae

129 4745 371 4815 ferventis
421 4748 783 4809 examinetur,
829 4754 1006 4799 utrum
1042 4745 1144 4801 hoc
1179 4754 1366 4815 sponte
1410 4763 1477 4800 an
1511 4745 1701 4802 se’de-

127 4813 376 4872 fendendo
434 4817 671 4872 fecisset.
714 4817 780 4870 Et
816 4817 863 4870 si
902 4831 1093 4870 manus
1133 4813 1252 4872 eius
1288 4825 1477 4870 exusta
1513 4817 1694 4879 fuerit,

126 4885 503 4952 interficiatur;
557 4888 604 4942 si
664 4896 844 4940 autem
898 4901 1006 4940 non
1057 4884 1241 4951 fuerit,
1285 4887 1533 4942 dominus
1581 4887 1698 4942 eius

125 4955 259 5010 iuxta
282 4959 436 5026 quod
459 4957 738 5028 wirgildus
768 4955 918 5028 illius
947 4957 1143 5028 esttad
1180 4956 1461 5028 ecclesiam
1491 4957 1699 5026 persol-

128 5035 222 5088 vat,
263 5025 356 5081 aut
395 5025 644 5092 eum,'si
695 5027 943 5089 voluerit,
989 5025 1162 5080 eidem
1193 5026 1452 5080 ecclesiae
1492 5025 1694 5082 tradat.

126 5094 191 5147 De
233 5098 609 5153 ecclesiastico
657 5105 711 5152 et
762 5097 1004 5150 fiscalino
1053 5103 1106 5149 et
1149 5096 1490 5151 beneficiario
1545 5113 1700 5152 servo

126 5167 379 5233 volumus,
413 5178 475 5220 ut
503 5184 601 5237 pro
628 5183 732 5222 una
758 5167 874 5220 vice
895 5165 1172 5234 vvirgildus
1193 5167 1308 5220 eius
1335 5183 1430 5235 pro
1457 5183 1521 5222 eo
1551 5183 1699 5222 com—

123 5247 374 5303 ponatur;
417 5238 586 5292 altera
616 5240 733 5293 vice
772 5238 886 5307 ipse
918 5251 1107 5307 servus
1141 5237 1206 5307 ad
1241 5237 1558 5306 supplicium
1591 5247 1697 5291 tra-

124 5307 289 5378 datur.
334 5309 623 5364 Hereditas
659 5305 850 5378 tamen
878 5305 1033 5378 liberi
1067 5306 1320 5378 hominis,
1342 5305 1448 5376 qui
1477 5316 1698 5378 propter

125 5377 220 5448 _tale
242 5378 456 5434 facinus
480 5380 547 5433 ad
571 5388 798 5433 mortem
828 5376 999 5448 fuerit
1017 5376 1304 5448 iudicatus,
1333 5379 1400 5448 ad
1429 5376 1696 5448 legitimos

121 5443 342 5506 heredes
373 5450 524 5506 illius
555 5449 852 5521 perveniat.
894 5446 953 5503 Si
988 5447 1042 5502 in
1069 5447 1210 5504 atrio
1237 5443 1517 5514 ecclesiae,
1546 5449 1700 5504 cuius

1803 4608 1852 4662 ei
1881 4609 1982 4663 hoc
2008 4608 2076 4663 sit
2105 4608 2574 4678 impedimentum;
2606 4611 2702 4666 sed
2725 4611 2949 4665 coheres
2977 4609 3094 4662 eius
3122 4607 3166 4662 si
3187 4615 3385 4678 sponte

1801 4679 2052 4750 noluerit,
2089 4675 2197 4733 aut
2222 4695 2320 4750 per
2355 4681 2609 4736 comitem
2647 4689 2740 4734 aut
2763 4695 2868 4750 per
2893 4676 3268 4750 missumeius
3299 4675 3383 4730 di-

1799 4749 2114 4819 stringatur,
2145 4757 2205 4804 ut
2223 4747 2546 4806 divisionem
2573 4766 2697 4806 cum
2727 4747 2818 4805 illo
2846 4749 3026 4810 faciat,
3082 4747 3149 4802 ad
3175 4747 3195 4778 ⁷
3217 4761 3379 4819 quem

1800 4816 2084 4891 defunctus
2121 4819 2474 4891 hereditatem
2513 4837 2664 4876 suam
2693 4820 2862 4877 voluit
2889 4819 3190 4891 pervenire.
3230 4817 3311 4891 Et
3335 4816 3382 4870 si

1800 4889 2025 4960 cuilibet
2063 4889 2323 4944 ecclesiae
2359 4905 2479 4945 eam
2507 4891 2720 4946 tradere
2758 4886 2984 4960 rogavit,
3015 4886 3384 4960 coheresleius

1800 4973 1920 5012 eam
1949 4959 2120 5026 legem
2160 4976 2282 5014 cum
2312 4961 2401 5015 illa
2432 4961 2659 5016 ecclesia
2687 4961 2753 5016 de
2780 4957 3054 5026 praedicta
3082 4957 3383 5014 hereditate

1801 5027 2017 5093 habeat,
2045 5045 2204 5093 quam
2230 5046 2354 5085 cum
2401 5030 2506 5085 alio
2527 5032 2548 5063 ⁸
2571 5026 2833 5087 coherede
2858 5046 2956 5086 suo
2981 5030 3180 5085 habere
3200 5026 3379 5083 debet.

1799 5098 1866 5152 Et
1904 5098 2005 5154 hoc
2031 5098 2348 5172 observetur
2376 5117 2500 5172 erga
2523 5112 2732 5172 patrem
2763 5110 2818 5156 et
2844 5101 3011 5155 filium
3049 5109 3104 5155 et
3131 5105 3382 5172 nepotem

1800 5184 1971 5242 usque
1997 5171 2072 5242 ad
2089 5187 2258 5242 annos
2284 5169 2570 5240 legitimos.
2619 5171 2811 5242 Postea
2846 5171 2994 5242 ipsae
3029 5186 3118 5226 res
3141 5169 3211 5225 ad
3233 5184 3383 5224 emu-

1799 5239 2024 5294 nitatem
2048 5240 2229 5310 ipsius
2265 5239 2528 5296 ecclesiae
2565 5241 2806 5297 redeant.

1870 5310 1994 5364 256.
2035 5309 2112 5364 De
2138 5311 2432 5383 homicidiis
2471 5312 2822 5383 prohibendis.
2855 5309 3380 5383 Quicunquehomi-

1798 5394 1922 5434 nem
1956 5389 2048 5434 aut
2083 5397 2148 5436 ex
2193 5381 2294 5436 levi
2331 5380 2494 5437 causa
2527 5391 2619 5437 aut
2658 5383 2772 5437 sine
2817 5397 2980 5437 causa
3027 5380 3377 5443 interfecerit,

1799 5451 2106 5520 vvirgildum
2131 5451 2251 5507 eius
2274 5451 2379 5518 his,
2411 5451 2480 5507 ad
2508 5468 2646 5526 quos
2678 5453 2768 5510 ille
2801 5453 3054 5524 pertinet,
3087 5459 3376 5524 conponat.

1332 5558 1723 5617 VARIANTES
1760 5559 2162 5617 LECTIONES.

185 5665 208 5705 ’⁸
243 5683 606 5745 conpunctus,
669 5673 875 5728 duabus
910 5658 1109 5728 ultimis
1141 5671 1328 5726 litteris
1358 5689 1450 5742 per
1480 5681 1828 5726 transversam
1869 5671 2058 5725 lineam
2093 5669 2272 5726 deletis
2301 5680 2350 5726 et
2383 5687 2415 5727 a
2455 5689 2662 5744 supersc

185 5745 291 5798 nim
324 5761 449 5798 cum
485 5745 777 5798 conscripta
800 5755 987 5798 essent.
1019 5744 1182 5798 diaito
1211 5743 1462 5797 abstersa.
1573 5743 1593 5772 ’
1619 5741 1826 5796 nullum
1855 5741 1920 5798 G.
2035 5742 2198 5797 'haec
2222 5743 2426 5798 diuersa
2451 5744 2508 5798 in
2529 5742 2559 5797 1
2572 5742 2634 5798 γε

1619 5758 1826 5796 nuuum
1855 5758 1920 5796 G.

119 5745 291 5814 statim
324 5743 449 5798 cum
485 5745 777 5814 conscripta
800 5755 987 5809 essent,
1019 5744 1182 5814 digito
1211 5743 1462 5814 abstersa.

2035 5688 2058 5724 ιι
2093 5671 2272 5726 deletis
2301 5680 2350 5726 et
2383 5687 2415 5727 a
2455 5689 2662 5744 supersc
2700 5674 2712 5687 '
2747 5683 2832 5741 to;
2907 5671 2998 5729 sed
3042 5685 3170 5729 haec
3207 5689 3382 5730 omnia

2035 5742 2056 5774 ³
2072 5742 2198 5797 haec
2222 5743 2426 5798 diuersa
2451 5744 2508 5798 in
2529 5742 2559 5797 1
2572 5742 2634 5809 V;
2825 5745 2847 5777 ⁸
2869 5733 3022 5800 aliter
3045 5761 3109 5800 ac
3132 5745 3189 5801 in
3207 5744 3298 5813 ιγ,
3314 5743 3383 5801 ﬂ

120 5811 329 5884 legitur.
408 5816 504 5870 'in
529 5813 596 5870 ϐ.
673 5811 698 5846 ⁸
721 5814 823 5870 sibi
855 5830 928 5869 ω.
962 5811 1204 5871 invenire
1232 5813 1403 5885 possit
1421 5813 1583 5884 (corr.
1606 5829 1671 5868 ea:
1685 5814 1941 5887 possunt)
1968 5811 2037 5870 G.
2112 5813 2133 5846 τ
2158 5819 2254 5868 aut
2281 5827 2336 5884 q.
2363 5815 2418 5870 d.
2445 5814 2588 5872 adh.
2613 5815 2679 5873 G.
2755 5815 2892 5873 'illo
2915 5815 3040 5873 Bal.
