3974 6340
560 345 671 404 735

1474 339 1535 394 Β.
1574 337 1826 396 CAROLI
1864 335 2080 394 MAGNI
2116 333 2268 394 OPP.
2310 335 2489 392 PARS
2525 337 2567 392 l.
2609 334 2852 393 SECTIO
2888 335 2934 392 I.

3749 337 3850 394 7'56

557 462 624 520 de
647 475 757 517 uno
783 455 904 533 loco
937 457 1004 513 ad
1039 463 1268 533 alterum
1304 458 1544 533 transeat
1578 451 1874 533 episcopus.
1898 451 2014 505 sine
2042 451 2132 532 de;
2162 453 2212 513 Α
2235 450 2512 533 emendari
2540 450 2560 482 ³
2582 460 2844 533 cogantur
2865 452 3070 533 ab__h_i_s_,
3095 452 3186 523 qui
3208 460 3627 533 easrestanrare
3647 453 3855 533 debue.

556 541 705 590 creto
745 531 1133 601 episcoporum,
1176 525 1260 579 vel
1312 523 1540 578 clericus
1584 523 1702 578 sine
1748 522 1983 578 iussione
2029 522 2133 590 epi-

560 621 708 661 SCODI
740 618 845 656 Slll.

626 621 867 728 “De
914 667 1141 725 ecclesiis
1189 665 1265 721 vel
1309 663 1563 718 altaribus
1614 663 1890 734 ambiguis.
1939 664 2009 720 Ut
2042 680 2134 720 ec-

555 745 752 801 clesiae
780 741 864 795 vel
898 741 1113 803 altaria,
1147 753 1286 808 quae
1318 736 1564 804 ambigua
1599 744 1724 790 sunt
1764 734 1830 790 de
1850 751 2133 792 consecra-

556 818 718 879 tione,
759 820 1163 870 consecrentur.

623 877 748 942 268.
790 885 866 939 De
891 884 1154 937 ebrietate.
1199 878 1269 936 Ut
1305 878 1374 932 ab
1399 878 1662 932 ebrietate
1688 877 1864 946 primo
1893 879 2134 935 omnium

553 958 794 1012 seniores
834 954 1150 1023 semetipsos
1195 957 1451 1023 caveant,
1497 958 1553 1003 et
1594 963 1783 1023 eorum
1830 951 2136 1007 iunioribus

553 1029 857 1098 exemplum
880 1021 1416 1098 bonumsobrietatis
1445 1021 1752 1098 ostendant.

623 1090 748 1154 269.
781 1097 858 1152 De
890 1095 1243 1150 admonitione
1275 1091 1343 1144 ad
1380 1091 1588 1144 comites
1620 1107 1714 1160 pro
1747 1090 1972 1145 utilitate
2012 1109 2136 1146 san—

553 1179 666 1223 ctae
700 1169 795 1223 Dei
831 1166 1094 1222 ecclesiae.
1143 1163 1307 1218 Vobis
1343 1160 1631 1216 comitibus
1665 1161 1892 1216 dicimus
1936 1178 2137 1231 vosque

553 1253 974 1302 commonemus,
998 1235 1124 1306 quia
1159 1235 1225 1306 ad
1247 1242 1482 1306 vestrum
1517 1231 1874 1287 ministerium
1900 1234 2134 1306 maxime

552 1311 805 1379 pertinet,
835 1317 892 1362 ut
920 1303 1276 1379 reverentiam
1302 1312 1356 1357 et
1379 1303 1637 1379 honorem
1666 1312 1884 1379 sanctae
1914 1304 2008 1358 Dei
2047 1319 2136 1358 ec-

551 1373 748 1436 clesiae
777 1373 1108 1442 exhibeatis,
1143 1384 1198 1430 et
1233 1377 1354 1429 eum
1391 1373 1656 1442 episcopis
1687 1375 1882 1429 vestris
1914 1391 2138 1429 concor-

554 1451 692 1505 diter
722 1451 913 1506 vivatis
941 1458 995 1504 et
1027 1449 1106 1503 eis
1140 1445 1464 1499 adiutorium
1490 1443 1556 1497 ad
1590 1460 1746 1498 suum
1779 1446 2135 1499 ministerium

551 1521 911 1589 peragendum
950 1517 1340 1590 prebeatis,_et
1381 1524 1440 1590 u_t
1472 1515 1696 1590 vos‘ipsi
1738 1515 1790 1570 in
1823 1516 2137 1571 ministeriis

553 1585 746 1646 vestris
783 1585 966 1661 paceni
1004 1598 1058 1661 et
1102 1588 1362 1661 iustitiam
1406 1585 1742 1661 faciatis,_et
1778 1601 1916 1661 quae
1951 1594 2138 1661 nostra

553 1657 847 1717 auctoritas
876 1659 1107 1732 publice
1133 1658 1246 1732 ﬁeri
1278 1657 1538 1732 decernit,
1573 1663 1630 1710 ut
1658 1658 1713 1710 in
1740 1657 1940 1714 vestris
1982 1657 2138 1713 inini-

553 1734 738 1788 steriis
768 1730 1007 1788 studiose
1031 1730 1372 1800 perﬁciatur.’

2235 533 2381 581 runt.
2407 523 2466 596 Si
2489 538 2614 580 vero
2633 539 2730 594 per
2752 523 3223 594 inpossibilitatem
3245 525 3488 594 contigit,
3517 534 3576 579 ut
3605 536 3715 579 aut
3742 527 3854 596 plu-

2233 597 2406 650 riores
2429 595 2536 649 sint
2572 610 2734 664 quam
2761 609 2986 668 necesse
3013 596 3104 658 sit,
3128 605 3224 668 aut
3249 596 3467 668 maioris
3490 595 3839 668 magnitudi-

2232 668 2318 722 nis
2341 681 2502 738 quam
2539 675 2600 720 ut
2620 682 2685 721 ex
2711 667 2873 721 rebus
2901 666 3072 738 adeas
3094 667 3486 736 pertinentibus
3528 666 3848 724 restaurari

2231 739 2460 808 possint,
2490 738 2773 808 episcopus
2809 737 3026 792 modum
3051 738 3558 808 inveniat,qualiter
3602 754 3852 808 congrue

2233 810 2505 876 emendari
2541 818 2594 864 et
2626 809 2921 866 consistere
2948 809 3178 878 possint.

2304 880 2434 954 276ἐ
2459 880 2657 954 Deliis,
2691 881 2780 951 qui
2813 897 2978 954 nonas
3019 879 3043 910 ⁸
3075 889 3123 954 et
3163 878 3390 954 decimas
3426 881 3554 936 dare
3594 879 3854 954 περιαρ-

2233 961 2376 1007 runt.
2408 953 2483 1006 De
2506 952 2607 1014 bis,
2643 949 2734 1020 qui
2788 949 2960 1005 nonas
2983 958 3037 1007 et
3074 949 3313 1022 decimas
3339 951 3444 1007 iam
3489 968 3588 1022 per
3643 949 3852 1007 multos

2235 1037 2407 1077 annos
2447 1030 2542 1076 aut
2587 1037 2653 1076 ex
2698 1031 2850 1093 parte
2877 1030 2972 1092 aut
3013 1036 3081 1074 ex
3124 1029 3240 1075 toto
3283 1021 3411 1076 dare
3444 1021 3847 1088 neglexerunt.

2235 1094 2483 1149 volumus
2523 1101 2582 1148 ιιι
2628 1092 2726 1163 per
2769 1092 2963 1147 missos
3007 1100 3222 1146 nostros
3259 1095 3749 1162 constringuntur,
3799 1103 3850 1148 ut

2237 1165 2530 1220 secundum
2585 1163 2937 1234 capitularem
2987 1164 3222 1232 priorem
3279 1163 3493 1234 solvant
3548 1180 3742 1219 nonas
3804 1173 3849 1220 et

2236 1237 2473 1294 decimas
2493 1251 2616 1290 cum
2651 1233 2746 1291 sua
2783 1234 2898 1305 lege
2923 1243 2976 1289 et
3017 1235 3237 1302 insuper
3258 1233 3511 1305 rbannum
3557 1245 3844 1291 nostrum.

2236 1306 2305 1361 Et
2331 1307 2431 1362 hoc
2455 1307 2535 1362 eis
2574 1304 2942 1371 denuntietur,
2985 1305 3137 1376 quod,
3177 1304 3503 1376 quicumque
3552 1309 3709 1361 hanc
3760 1322 3845 1362 ne-

2276 1377 2561 1447 legentiam
2589 1378 2884 1443 iteraverit,
2911 1375 3238 1432 beneﬁcium
3278 1375 3430 1431 unde
3454 1378 3589 1433 haec
3615 1394 3776 1433 nona
3797 1389 3844 1434 et

2238 1393 2561 1502 glegenuam
2589 1393 2884 1443 iteraverit,
2911 1393 3238 1432 neneuctum
3278 1393 3418 1431 unae
3454 1393 3589 1433 naec
3615 1394 3776 1433 nona
3797 1393 3841 1434 et

2277 1449 2448 1503 ecima
2479 1449 2710 1518 persolvi
2735 1448 2937 1509 debuit,
2967 1447 3291 1501 amissurum
3314 1463 3372 1502 se
3397 1449 3556 1502 sciat.
3584 1450 3676 1504 Ita
3700 1451 3841 1504 enim

2238 1519 2644 1591 contineturrin
2690 1518 2973 1588 capitulari
3012 1519 3186 1591 bonae
3229 1519 3521 1591 memoriae
3572 1521 3840 1591 genitoris

2238 1591 2413 1645 nostri
2437 1590 2490 1646 in
2541 1589 2677 1645 libro
2726 1587 2921 1660 primo,
2945 1588 3189 1661 capitulo
3237 1587 3306 1642 57
3342 1603 3356 1642 :
3391 1587 3734 1661 Quicumque
3761 1595 3840 1647 de-

2239 1661 2429 1714 cimam
2459 1659 2821 1714 abstrahit’de
2846 1660 3082 1723 ecclesia,
3114 1659 3183 1712 ad
3235 1676 3392 1729 quam
3444 1677 3538 1729 per
3577 1659 3835 1718 iustitiam

2239 1731 2363 1784 dari
2386 1731 2550 1793 debet,
2600 1740 2650 1785 et
2677 1748 2791 1785 eam
2817 1729 3346 1802 praesumptioseﬂvel
3373 1742 3588 1802 prapter
3615 1751 3834 1789 munera

622 1804 745 1881 “279.
789 1805 865 1857 De
911 1795 1364 1881 admonitionenad
1407 1795 1568 1881 laic‘os.
1610 1813 1702 1868 pro
1745 1799 1941 1854 honore
1974 1798 2138 1881 eccle-
2167 1820 2213 1881 Β
2241 1812 2330 1881 aut
2366 1795 2993 1881 amicitiam_aut:aliam
3042 1795 3324 1881 quamlibet
3373 1795 3723 1881 pccasionem
3775 1809 3835 1859 ad

550 1873 764 1927 siastico
815 1871 1186 1928 conservando.
1251 1869 1450 1924 Omnes
1503 1868 1668 1922 laicos
1717 1884 2020 1933 monemus,
2075 1879 2134 1924 ut

553 1944 809 1998 honorem
841 1942 1262 1999 ecclesiasticum
1295 1947 1615 1994 conservent
1653 1947 1704 1993 et
1737 1940 1952 2010 dignam
1981 1956 2138 1996 vene-

552 2016 814 2070 rationem
850 2014 1111 2084 episcopis
1143 2023 1196 2066 et
1223 2011 1313 2064 Dei
1357 2011 1728 2084 sacerdotibus
1771 2012 2137 2067 exbibeantet

551 2085 619 2138 ad
649 2102 832 2142 eorum
855 2081 1304 2155 praezlicationem
1337 2097 1460 2155 cum
1487 2082 1600 2155 suis
1629 2081 1818 2136 devote
1847 2092 2137 2138 occurrant

551 2165 602 2209 et
631 2156 826 2210 ieiunia
855 2152 922 2211 ab
954 2156 1058 2210 illis
1087 2153 1446 2209 communiter
1492 2152 1692 2206 indicta
1726 2163 2050 2208 conservent
2082 2164 2137 2210 et

549 2240 675 2282 suos
706 2229 992 2282 observare
1033 2227 1263 2282 doceant
1298 2233 1351 2277 et
1392 2222 1716 2292 conpellant.
1760 2222 1960 2280 Omnes
1988 2239 2138 2278 sum-

550 2312 768 2366 mopere
803 2300 1082 2360 studeant,
1116 2305 1175 2349 ut
1205 2295 1322 2349 dies
1351 2294 1651 2366 dominicus
1685 2293 1826 2366 sicut
1853 2295 2004 2350 decet
2040 2297 2137 2350 ho-

547 2364 771 2423 noratur
798 2378 853 2424 et
879 2369 1106 2423 colatur.
1151 2367 1217 2421 Et
1256 2373 1314 2420 ut
1356 2365 1578 2420 liberius
1617 2364 1731 2418 ﬁeri
1775 2366 1963 2434 possit,
1994 2381 2138 2421 mer-

547 2446 667 2493 cata
693 2449 748 2494 et
774 2439 970 2510 placita
1009 2455 1037 2492 a
1069 2436 1356 2510 comitibus
1392 2435 1484 2490 illo
1523 2436 1608 2490 die
1630 2435 2036 2505 prohibeantur,
2071 2438 2140 2494 si-

548 2518 640 2563 cut
666 2507 826 2579 saepe
857 2509 1189 2564 admonitum
1220 2507 1340 2579 fuit.

616 2576 855 2634 27l._De
878 2581 1230 2634 admonitione
1271 2577 1340 2631 ad
1375 2576 1636 2646 episcopos
1679 2577 1758 2630 vel
1791 2579 2003 2632 comites
2042 2595 2136 2646 pro

549 2651 828 2704 concordia
859 2652 926 2704 ad
965 2651 1181 2703 invicem
1227 2658 1277 2701 et
1311 2664 1428 2701 cum
1466 2648 1682 2700 caeteris
1715 2647 1976 2716 ﬁdelibus.
2010 2647 2138 2719 Epi-

547 2721 691 2789 scopi
717 2719 799 2774 vel
822 2722 1046 2776 comites
1080 2719 1146 2773 ad
1173 2719 1399 2773 invicem
1423 2727 1477 2772 et
1500 2733 1623 2789 cum
1643 2719 1872 2774 caeteris
1893 2719 2137 2776 lidelibus

547 2788 889 2862 concorditer
910 2791 1091 2844 vivant
1129 2797 1182 2862 et
1216 2790 1283 2843 ad
1307 2804 1429 2862 _sua
1471 2788 1776 2844 ministeria
1829 2792 2137 2862 peragenda

547 2860 782 2915 vicissim
818 2863 918 2916 sibi
945 2860 1270 2915 adiutorium
1299 2859 1495 2915 ferant.

628 2929 749 3001 272.
780 2931 856 2986 De
893 2933 1132 3001 operibus
1155 2931 1206 2984 in
1230 2931 1658 2985 restaurationem
1673 2931 2012 2986 ecclesiarum
2038 2931 2138 2986 ad-

544 2999 835 3072 implendis.
862 2999 938 3056 De
951 3003 1203 3072 operibus
1226 3001 1279 3054 in
1303 3002 1752 3056 restaurationem
1764 3003 2134 3070 ecclesiarum,

547 3072 660 3126 sive
685 3073 738 3126 in
761 3071 1005 3129 faciendo
1028 3074 1141 3128 sive
1166 3073 1218 3143 in
1237 3073 1574 3143 redimendo,
1611 3073 1929 3143 episcopalis
1952 3074 2136 3143 potius

545 3153 803 3212 sequatur
861 3144 1144 3199 voluntas.
1205 3142 1520 3198 Nullatenus
1576 3152 1756 3197 tamen
1798 3142 2130 3212 remaneat,

545 3215 674 3283 quin
701 3216 841 3270 sicut
867 3233 895 3269 a
942 3217 1096 3270 nobis
1144 3229 1300 3282 saepe
1339 3215 1543 3268 iussum
1571 3224 1653 3268 est
1691 3215 1792 3271 hoc
1823 3217 1837 3246 ³
1863 3225 1957 3269 aut
2003 3216 2134 3270 illud

547 3286 793 3353 partibus
827 3287 1174 3341 ecclesiarum
1224 3285 1579 3355 persolvatur.
1629 3285 1695 3338 Et
1741 3287 1842 3340 hoc
1881 3287 2134 3342 omnibus

545 3365 734 3427 notum
771 3357 860 3423 sit,
898 3357 1023 3426 quia
1059 3357 1364 3427 quicunque
1401 3355 1747 3427 neglegenter
1792 3355 1985 3427 exinde
2011 3372 2136 3427 ege-

546 3426 619 3480 rit
640 3433 694 3480 et
732 3425 930 3482 coram’
948 3427 1104 3481 nobis
1149 3426 1341 3480 exinde
1367 3425 1653 3495 neglegens
1681 3437 1926 3495 repertus
1949 3425 2132 3494 fuerit,

545 3494 675 3550 illud
704 3497 948 3552 volumus
974 3497 1193 3552 omnino
1233 3506 1290 3550 ut
1328 3494 1542 3560 subeat,
1584 3497 1722 3564 quod
1743 3494 1804 3550 in
1834 3505 2019 3552 nostro
2045 3514 2136 3552 ca-

543 3566 764 3635 pitulari
792 3569 857 3621 de
881 3567 980 3623 hac
1004 3584 1061 3622 re
1085 3567 1360 3622 communi
1386 3565 1636 3622 consultu
1662 3566 1901 3623 ﬁdelium
1923 3577 2138 3626 nostro-

548 3652 668 3690 rum
702 3637 1093 3692 ordinavimus.

613 3705 738 3760 275.
792 3706 868 3759 De
906 3707 1198 3771 comitibus,
1233 3716 1288 3760 ut
1341 3707 1595 3762 ministris
1644 3706 1890 3762 ecclesiae
1931 3708 1986 3763 in
2022 3710 2136 3766 suis

544 3776 847 3830 ministeriis
868 3778 1131 3831 adiutores
1161 3779 1286 3832 sint.
1318 3776 1554 3833 Comites
1593 3778 1855 3833 ministris
1877 3779 2137 3837 ecclesiae

546 3859 840 3916 eorumque
860 3848 1193 3913 ministeriis,
1233 3859 1292 3902 ut
1325 3850 1344 3879 '
1369 3849 1471 3903 hoc
1516 3849 1724 3917 plenius
1758 3859 1812 3903 et
1843 3851 1908 3904 de
1932 3853 2136 3909 nostris

547 3924 601 3971 et
625 3917 690 3970 de
713 3932 770 3989 se
806 3926 858 3972 ct
885 3921 950 3972 de
977 3919 1090 3973 suis
1116 3919 1422 3974 hominibus
1442 3919 1686 3974 oblinere
1719 3921 1946 3989 possint,
1984 3923 2134 3978 adiu-

546 3996 691 4041 tores
715 3988 768 4042 in
786 3989 1034 4044 omnibus
1053 3989 1202 4044 ﬁant.
1225 3990 1292 4043 Et
1310 3990 1615 4059 quicunque
1638 3988 1812 4058 prima
1830 3993 2134 4048 etsecunda

546 4059 664 4129 vice
691 4059 755 4112 de
781 4059 864 4114 his
903 4076 933 4114 a
977 4061 1173 4115 comite
1217 4061 1525 4115 admonitus
1573 4077 1679 4115 non
1718 4075 1775 4115 se
1814 4064 2132 4129 correxerit,

546 4127 792 4183 volumus
819 4139 877 4184 ut
905 4146 1001 4203 per
1027 4131 1256 4203 eundem
1279 4131 1529 4186 comitem
1560 4131 1678 4186 eius
1701 4131 2038 4203 neglegentia
2066 4127 2134 4189 ad

547 4208 788 4270 nostram
840 4202 1089 4254 notitiam
1137 4199 1456 4270 perferatur,
1489 4210 1549 4255 ut
1584 4199 2135 4260 nostra'auctoritate

548 4269 981 4344 quodinpostro
1007 4269 1288 4344 capitulari
1331 4273 1640 4344 continetur
1663 4272 1843 4326 subire
1887 4284 2130 4344 cogatur.

617 4339 740 4413 274;.
772 4337 929 4413 Ut‘de
954 4337 1258 4413 incestuosis
1285 4351 1334 4395 et
1368 4343 1467 4406 his,
1498 4343 1585 4413 qui
1607 4343 1836 4397 decimas
1859 4337 2130 4409 non'dant,

548 4408 612 4460 ab
635 4410 885 4483 episcopis
913 4422 961 4464 et
986 4411 1302 4483 presbiteris,
1332 4423 1378 4466 et
1399 4413 1463 4466 de
1488 4408 1810 4483 neglegenter
1828 4408 2130 4481 viventibus,

547 4478 702 4554 wadii
761 4495 863 4554 non
891 4478 1274 4554 accipiantur,
1300 4483 1512 4537 Dictum
1553 4478 1652 4538 est
1675 4483 1848 4546 nobis,
1898 4485 2040 4554 quod
2077 4478 2130 4539 in

548 4549 864 4620 quibusdam
891 4549 1024 4608 locis
1045 4553 1279 4620 episcopi
1306 4562 1358 4607 et
1383 4555 1606 4608 comites
1631 4555 1699 4607 ab
1732 4549 2055 4609 incestnosis
2077 4563 2132 4610 et
2162 4559 2214 4620 ι)

547 4620 613 4674 ab
654 4619 766 4694 bis,
802 4622 892 4694 qui
931 4619 1166 4694 decimas
1188 4619 1292 4676 non
1334 4624 1480 4690 dant,
1521 4624 1725 4678 wadios
1762 4625 2048 4694 accipiant,
2077 4634 2132 4681 et

547 4709 574 4745 a
587 4691 904 4765 presbiteris
917 4692 1236 4765 quihusdam
1258 4710 1355 4763 pro
1369 4696 1721 4764 neglegentiis
1741 4691 1960 4750 inter'se
1970 4711 2132 4765 pecu-

547 4761 689 4833 niam
715 4761 953 4816 dividant
985 4777 998 4815 :
1029 4763 1170 4832 quod
1197 4761 1409 4833 penitus
1429 4761 1746 4820 abolendum
1771 4761 2127 4833 decrevimus,

544 4850 609 4886 uc
637 4829 774 4886 forte
792 4829 1218 4888 avaritiae—locus
1239 4832 1416 4889 detur.
1449 4837 1514 4889 Et
1535 4836 1932 4901 constituimus,
1959 4847 2018 4890 ut
2043 4829 2127 4892 in;

545 4903 774 4957 t'csluosi
797 4904 946 4976 iuxta
973 4906 1286 4959 canonicam
1315 4909 1634 4961 sententiam
1650 4907 1977 4976 poenitentia
1994 4907 2132 4960 mul-

548 4984 744 5028 lentur.
775 4975 874 5046 Qui
910 4991 1036 5046 vero
1059 4976 1293 5030 decimas
1329 4986 1450 5046 post
1479 4975 1699 5046 crebras
1740 4978 2131 5033 admonitiones

545 5052 597 5097 cl
647 5045 1078 5118 praedicationes
1116 5048 1454 5101 sacerdotum
1477 5045 1607 5102 dare
1643 5048 1994 5118 neglexerint,
2035 5063 2132 5102 ex-

544 5115 1365 5189 t-omntunicentur.Iuramento
1390 5133 1515 5172 vero
1539 5133 1632 5173 eos
1654 5115 1951 5189 constringi
1978 5118 2131 5173 nolu-

547 5201 665 5238 nius
688 5194 909 5307 propter
941 5187 1236 5254 periculum
1272 5189 1514 5255 periurii.

616 5254 682 5307 ‘27
726 5294 738 5306 .
774 5256 846 5307 De
872 5258 1096 5307 ecclesiis
1118 5257 1412 5307 destructis.
1442 5259 1514 5307 De

616 5254 738 5307 275.
774 5256 846 5307 De
872 5258 1096 5310 ecclesiis
1118 5254 1412 5313 destructis.
1442 5259 1516 5312 De
1550 5258 1793 5314 ecclesiis
1815 5257 2127 5323 destructis,

551 5335 605 5379 ut
633 5325 864 5398 episcopi
889 5336 942 5380 et
969 5327 1119 5381 missi
1146 5327 1544 5395 inquisitionem
1579 5329 1796 5394 faciant,
1832 5335 2012 5383 utrum
2033 5344 2131 5398 per

550 5397 936 5468 melegcntiam
958 5407 1049 5451 aut
1073 5398 1538 5468 inpossibilitatem
1565 5401 1868 5456 destructae
1895 5397 2131 5456 sintht

548 5471 638 5523 ubi
675 5467 1008 5540 neglegentia
1035 5467 1251 5533 inventa
1272 5467 1455 5537 luerit,
1481 5471 1770 5542 episcopali
1804 5471 2126 5526 auctoritate

2240 1873 2462 1926 alteram
2505 1872 2774 1926 ecclesiam
2797 1871 3018 1936 dederit,
3048 1889 3078 1924 a
3105 1872 3289 1924 comite
3313 1871 3433 1925 vela
3463 1874 3626 1927 misso
3658 1887 3830 1929 nostro

2240 1942 2624 2012 distringatur,
2664 1953 2720 1996 ut
2767 1941 2997 1997 eiusdem
3053 1942 3284 1996 decimae
3318 1944 3674 2012 quantitatem
3727 1964 3830 1999 ctus

2241 2030 2341 2068 sua
2369 2013 2477 2084 lege
2493 2015 2765 2084 restituat.

2311 2083 2435 2156 επις
2479 2083 2555 2138 De
2583 2084 2686 2156 Itis,
2713 2086 2802 2154 qui
2842 2083 3245 2156 restaurationes
3281 2084 3628 2156 ecclesiarum
3671 2088 3823 2156 facere

2241 2155 2555 2226 neglegunt.
2585 2154 2919 2225 Quicumque
2953 2154 3020 2209 de
3056 2155 3216 2208 rebus
3267 2154 3680 2218 ecclesiarum,’
3712 2173 3824 2226 quas

2239 2225 2296 2280 in
2335 2225 2653 2281 beneﬁcium
2692 2226 2912 2292 habent,
2965 2226 3384 2280 restaurationes
3433 2243 3624 2282 earum
3665 2225 3828 2284 facere

2239 2296 2595 2368 neglexerint,
2640 2297 2784 2352 iuxta
2821 2296 3162 2368 auctoritatis
3201 2305 3420 2368 nostrae
3459 2299 3826 2368 capitularem,

2240 2367 2296 2422 in
2334 2382 2442 2438 quo
2469 2366 2536 2422 de
2559 2369 2812 2438 operibus
2837 2383 2900 2422 ac
2935 2367 3092 2421 nonis
3117 2377 3172 2438 et
3205 2366 3430 2438 decimis
3477 2366 3829 2425 constitutum

2239 2437 2457 2501 est,’sic
2491 2439 2557 2493 de
2592 2437 2676 2493 bis
2701 2438 3076 2509 adimpleatur,
3111 2437 3251 2492 sicut
3281 2439 3334 2491 in
3365 2437 3502 2494 libro
3530 2452 3728 2509 quarto
3750 2459 3832 2496 ca-

2239 2509 2410 2580 pitulo
2433 2511 2501 2566 38
2520 2510 2541 2541 ⁵
2573 2507 2881 2566 continetur
2911 2523 2924 2563 :
2958 2507 3034 2562 De
3065 2524 3214 2580 opere
3253 2518 3308 2580 et,
3347 2507 3729 2566 restauratione
3755 2529 3835 2566 ec-

2240 2579 2519 2636 desiarum
2558 2581 2895 2635 constitutum
2938 2588 3031 2643 est,
3079 2587 3133 2631 ut
3171 2579 3234 2632 de
3285 2579 3515 2649 frugibus
3559 2593 3741 2637 terrae
3785 2594 3832 2636 et

2239 2650 2549 2705 animalium
2575 2652 2856 2704 nutrimine
2881 2661 2928 2705 et
2949 2650 2969 2680 ⁸
2991 2650 3188 2721 cunctis
3210 2651 3433 2721 censibus
3453 2654 3678 2721 eaeeptis
3703 2655 3836 2707 Iros—

2244 2721 2534 2792 tiliensibus
2579 2722 2969 2792 persolvuntur.
3013 2719 3099 2792 De
3139 2737 3301 2792 opere
3340 2720 3405 2773 vel
3441 2719 3829 2792 resta'uratione

2237 2791 2586 2847 ecclesiarum
2616 2809 2784 2846 comes
2825 2791 2900 2845 vel
2940 2791 3206 2862 episcopus
3257 2791 3362 2862 sive
3399 2791 3522 2844 abba
3558 2809 3662 2844 una
3702 2810 3833 2846 cum

2239 2862 2398 2916 misso
2423 2872 2618 2928 nostro,
2645 2879 2796 2933 quem
2823 2863 2921 2932 ipsi
2951 2861 3048 2915 sibi
3071 2861 3137 2933 ad
3166 2861 3264 2915 hoc
3290 2861 3552 2931 elegerint,
3589 2864 3834 2917 conside-

2241 2934 2498 2987 rationem
2521 2931 2740 3004 facia'nt,
2793 2931 2850 3004 ut
2873 2931 3223 3002 unusquisque
3265 2948 3446 3004 eorum
3489 2941 3688 2985 tantum
3715 2935 3833 2988 inde

2240 3004 2461 3074 accipiat
2513 3002 2581 3058 ad
2625 3003 2942 3074 operandam
2999 3013 3045 3074 et
3087 3002 3490 3074 restaurandum
3515 3043 3531 3066 ,
3580 3014 3827 3074 quantum

2239 3073 2348 3143 ipse
2383 3073 2448 3126 de
2480 3075 2628 3129 rebus
2655 3072 2996 3128 ecclesiarum
3025 3072 3212 3126 habere
3251 3074 3605 3142 cognoscitur.
3637 3073 3831 3128 Simili-

2240 3153 2320 3196 ter
2349 3154 2396 3198 et
2433 3146 2566 3198 vassi
2593 3145 2754 3199 nostri
2791 3155 2879 3198 aut
2903 3145 2958 3198 in
3003 3159 3274 3213 commune
3311 3153 3519 3196 tantum
3556 3145 3727 3213 operis
3748 3162 3830 3198 ac-

2239 3213 2722 3286 cipiantrquantum
2767 3231 2942 3269 rerum
2979 3208 3449 3286 ecclesiaisticarum
3497 3208 3710 3286 habent,
3760 3215 3829 3268 rel

2233 3285 2590 3358 unusquisque
2609 3303 2702 3358 per
2723 3302 2777 3339 se
2798 3287 2944 3338 iuxta
2964 3285 3328 3358 quantitatem,
3349 3301 3512 3354 quam
3537 3285 3651 3358 ipse
3682 3296 3823 3358 tenet.

2234 3355 2337 3409 Aut
2377 3357 2422 3409 si
2462 3355 2727 3410 inter'eos
2775 3357 3102 3420 convenerit,
3148 3365 3204 3408 ut
3250 3371 3344 3423 pro
3397 3372 3552 3424 opere
3600 3356 3826 3423 faciendo

2235 3435 2507 3495 argentum
2548 3427 2758 3492 donent,
2807 3427 2952 3479 iuxta
3000 3425 3410 3480 aestimationem
3441 3427 3622 3494 operis
3673 3427 3726 3478 in
3754 3443 3825 3477 ar-

2234 3506 2395 3578 gcnto.
2405 3496 2734 3578 persolvant;
2765 3513 2882 3578 cum
2903 3512 3005 3566 quo
3033 3496 3206 3566 precio
3227 3505 3413 3576 .rector
3455 3496 3744 3578 pecclesiae
3766 3496 3820 3547 sd

2232 3565 2556 3636 praedictam
2579 3565 3008 3621 restaurationem
3035 3565 3297 3636 operarios
3331 3565 3634 3636 conducere
3656 3577 3703 3620 et
3725 3582 3821 3618 nta-

2235 3635 2421 3708 teriam
2462 3654 2628 3691 emere
2659 3639 2838 3708 possit.
2884 3637 2951 3691 Et
2994 3635 3290 3708 quinonas
3332 3645 3382 3689 et
3423 3635 3668 3708 decimas
3709 3639 3820 3708 dare

2236 3705 2538 3776 neglexerit,
2575 3705 2801 3778 primum
2826 3705 3033 3778 quidem
3052 3706 3173 3760 illas
3224 3722 3341 3758 cum
3375 3722 3476 3759 sua
3513 3707 3639 3778 lege
3692 3707 3825 3760 resti-

2236 3775 2372 3850 tuat,
2423 3787 2471 3831 et
2514 3775 2728 3850 insuper
2785 3775 3010 3834 bannum
3073 3785 3306 3850 nostrum
3338 3775 3635 3850 persolvat,
3674 3787 3726 3830 ut
3761 3779 3826 3850 ita

2236 3849 2518 3918 castigatus
2540 3847 2751 3916 caveat,
2785 3865 2848 3904 ne
2869 3849 3040 3919 sepius
3065 3847 3307 3902 iterando
3331 3847 3649 3915 beneﬁcium
3685 3848 3828 3900 amit-

2241 3925 2368 3971 tat.-

2304 3987 2427 4044 278.
2471 3988 2547 4044 De
2568 3989 2671 4054 ftis,
2695 3990 2783 4061 qui
2822 4004 2975 4058 agros
3013 3986 3353 4061 do_minicat_os
3391 3985 3511 4061 ideo
3539 3987 3827 4061 neglegunt,

2235 4067 2293 4112 ut
2342 4075 2508 4113 nonas
2546 4056 2732 4116 exinde
2776 4056 2880 4114 non
2915 4058 3229 4129 persolvant.
3280 4057 3351 4110 De.
3397 4056 3504 4129 bis,
3555 4056 3651 4126 qui
3682 4056 3832 4129 agros

2234 4130 2591 4204 dominicatos
2626 4126 3291 4204 proptereaneglexerunt
3323 4126 3599 4192 excolere,
3628 4138 3693 4204 ιιι
3724 4126 3832 4182 ἰιο-

2235 4217 2334 4255 nas
2358 4200 2551 4255 exinde
2577 4197 2683 4256 non
2710 4197 3034 4270 persolvant,
3063 4205 3116 4252 et
3141 4197 3342 4270 alienas
3368 4206 3550 4253 terras
3573 4197 3646 4270 ad
3675 4214 3833 4254 exco-

2237 4271 2452 4327 lendum
2494 4268 2724 4340 propter
2738 4271 2838 4328 hoc
2864 4270 3157 4340 accipiunt,
3181 4268 3428 4323 volumus
3464 4277 3526 4340 ut
3564 4269 3634 4324 de
3663 4271 3834 4340 tribus

2235 4341 2392 4396 annis
2423 4337 2818 4410 ipsam'nonam
2860 4337 2997 4396 cum'
3020 4355 3115 4394 sua
3147 4338 3262 4409 lege
3305 4337 3647 4410 persolvant.
3691 4340 3759 4396 Et
3784 4337 3829 4397 si

2235 4411 2358 4482 quis
2396 4407 2734 4480 contemptor
2762 4421 2852 4467 aut
2895 4410 3154 4482 comitum
3201 4407 3700 4482 aut’vas‘sallorum
3742 4427 3838 4465 no-

2234 4479 2470 4537 strorum
2503 4479 2723 4550 propter
2764 4483 2866 4537 hoc
2911 4481 3170 4545 extiterit,
3220 4493 3317 4552 per
3365 4479 3727 4538 ﬁdeiussores
3774 4487 3837 4540 ad

2239 4553 2503 4624 palatium
2511 4553 3080 4624 venireconpellatur.

2312 4623 2437 4678 279.
2479 4619 2548 4692 Ut
2578 4618 2926 4692 intellegatur,
2953 4622 3009 4674 in
3051 4636 3151 4691 quo
3175 4618 3313 4692 facta
3358 4619 3657 4692 inmanitas
3689 4623 3837 4692 fran-

2241 4705 2396 4766 gatur
2423 4693 2466 4745 7.
2505 4690 2764 4766 Pervenit
2787 4694 2853 4746 ad
2897 4707 3014 4766 nos,
3064 4690 3207 4761 Quod
3249 4691 3513 4766 quaedam
3565 4690 3838 4752 ecclesiae

2243 4761 2337 4818 aut
2374 4764 2700 4818 monasteria
2733 4773 2946 4819 nastras
2969 4763 2990 4793 ⁸
3018 4770 3071 4815 et
3107 4761 3583 4829 praedecessorum
3613 4773 3837 4818 nostro-

2241 4851 2360 4890 rum
2387 4834 2734 4888 inmunitates
2762 4833 3008 4886 habentia
3035 4831 3200 4886 multa
3232 4831 3560 4899 praeiudicia
3585 4841 3647 4886 et
3679 4834 3841 4890 infes-

2240 4906 2474 4960 tationes
2503 4921 2532 4958 ιι
2577 4905 2891 4974 quibusdam
2926 4903 3220 4974 patiantur,
3238 4909 3307 4974 et
3338 4916 3438 4956 nec
3475 4916 3589 4974 per
3610 4905 3839 4961 easdem

2237 4972 2787 5031 itimunitatesullatn
2824 4972 3147 5029 defensionis
3175 4972 3458 5027 tuitionem
3508 4973 3724 5030 habere
3753 4993 3844 5029 va-

2238 5047 2410 5111 leant,
2464 5053 2684 5115 propter
2735 5047 2837 5100 hoc
2887 5043 3028 5115 quod
3073 5045 3142 5098 ab
3190 5043 3392 5115 eisdem
3419 5043 3845 5115 ⁸ἰιιιιιιιιιίιιιιυιιι

2238 5112 2656 5172 temeratoribus
2684 5112 3026 5172 dicatur—non
3055 5115 3179 5184 plus
3226 5112 3564 5168 inmunitatis
3608 5119 3845 5172 nomine

2238 5187 2538 5258 complecti,
2579 5202 2756 5267 quam
2781 5185 3016 5267 claustra
3068 5184 3674 5267 inopasterii;_‘caetera
3706 5203 3846 5267 quo-

2238 5254 2377 5330 que;
2401 5254 2649 5329 quamvis
2691 5256 3011 5330 adeasdem
3060 5255 3320 5311 ecclesias
3345 5254 3448 5330 _vel
3495 5254 3845 5330 monasteria

2275 5326 2562 5393 ertineant,
2587 5336 2739 5382 extra
2775 5327 3152 5383 inmunitatem
3175 5342 3313 5381 esse.
3345 5326 3572 5396 Propter
3593 5326 3714 5383 hoc
3751 5344 3846 5382 vo-

2259 5415 2414 5454 umus
2440 5407 2602 5469 atque
2629 5398 2987 5463 decernimus,
3032 5407 3092 5453 ut
3127 5413 3316 5469 omnes
3353 5396 3701 5469 intellegant,
3733 5414 3846 5452 non

2233 5472 2406 5528 solum
2443 5468 2679 5526 claustra
2712 5469 3030 5526 monasterii
3087 5469 3174 5524 vel
3207 5468 3471 5524 ecclesiae
3495 5477 3694 5540 atque
3745 5485 3846 5526 ca-

1784 5621 2180 5681 VARIANTES
2216 5619 2619 5679 LECTIONES.

625 5758 642 5790 ⁸
670 5757 805 5813 haec
828 5753 894 5811 G.

969 5754 994 5786 ⁹
1014 5762 1068 5810 et
1093 5752 1159 5826 β.
1194 5753 1534 5826 ’.θωεηᾱπθ
1571 5752 1690 5809 Bal.
1741 5755 1765 5787 ⁸
1797 5771 2038 5812 annonas
2061 5754 2126 5812 G.
2149 5763 2208 5810 ut
2225 5771 2426 5826 semper
2459 5753 2530 5824 cf.
2556 5753 2782 5826 praefat.
2857 5754 2881 5787 ⁸
2900 5753 3186 5812 XXXVIII]
3205 5754 3272 5812 G.
3347 5756 3370 5789 ⁸
3395 5767 3517 5814 et...
3541 5758 3850 5818 hostilia:-

577 5828 703 5886 ibus
724 5825 1049 5900 interpolavit
1075 5825 1406 5885 Benedictus.
1479 5825 1499 5858 '
1527 5826 1584 5881 in
1609 5827 1844 5898 margine
1867 5828 1990 5883 huic
2015 5845 2131 5898 cap.
2157 5827 2226 5885 (ὖ.
2255 5825 2575 5896 adscriptum
2597 5841 2618 5879 :
2641 5825 2798 5884 Vtilis
2821 5827 2890 5884 de
2911 5827 3273 5886 immunitate.
3346 5828 3370 5861 '
3393 5840 3636 5886 nostram
3661 5830 3744 5888 (ἔ.
