3974 6340
79 252 178 312 737

77 362 211 418 stitia
238 357 588 416 ecclesiarum
612 361 713 416 sub
751 360 1094 416 inmunitatis
1129 358 1444 414 defensione
1471 356 1652 412 consi-

78 441 227 496 stere,
257 446 442 486 verum
469 431 632 485 etiam
659 430 852 488 domus
876 442 931 488 et
955 431 1110 486 villas
1145 439 1200 485 et
1224 437 1375 499 septa
1401 427 1651 483 villarum

76 513 119 560 et
151 503 434 574 piscatoria
463 517 621 574 manu
661 500 804 558 facta
838 512 892 558 et
930 502 1186 574 quicquid
1233 501 1394 556 fossis
1431 508 1532 574 _aut
1566 513 1654 554 se-

74 571 218 645 pébits
240 573 321 645 vel
357 576 520 630 etiam
558 573 663 645 alio
689 571 996 629 clausaruin
1033 571 1230 645 genere
1265 571 1648 645 praecingitur,

75 641 245 701 eodem
283 644 626 700 iumunitatis
665 647 883 700 nomine
925 641 1228 700 coniineri.
1277 643 1349 712 Et
1391 641 1651 712 quiequid

74 718 196 772 intra
224 714 536 768 huiusmodi
563 717 898 770 ntunimenta
939 715 1006 769 ad
1039 716 1122 768 ius
1151 711 1446 768 earundem
1477 713 1655 767 eccle-

74 788 256 842 siarum
313 799 400 839 vet
451 786 908 842 monasteriorum
963 785 1288 855 pertinentia
1332 799 1363 838 a
1414 783 1656 853 quolibet

73 856 267 912 homine
314 856 554 918 nocendi.
571 857 656 911 vel
692 854 1244 912 damnuminferendi
1292 870 1453 909 causa
1493 868 1657 923 spon-

75 941 215 981 tanea
253 925 534 981 voluntate
558 927 936 991 committitur,
979 927 1035 980 in
1064 927 1168 981 hoc
1192 925 1336 981 facto
1359 925 1657 979 inmunitas

72 998 223 1052 fracta
243 995 540 1051 Iudicatur.
564 996 719 1062 Quod
747 1013 878 1053 vero
926 998 982 1052 in
1019 1012 1181 1067 agros
1221 1005 1277 1050 et
1321 1011 1541 1067 campos
1593 1009 1659 1067 ac

73 1070 235 1138 silvas,
267 1083 417 1138 quae
439 1067 556 1122 sine
588 1067 1019 1124 laborationibus
1045 1063 1079 1099 ι’
1091 1075 1219 1138 sunt
1243 1074 1298 1120 et
1323 1063 1472 1122 nullo
1498 1063 1659 1138 modo

73 1135 363 1193 munitione
396 1137 706 1207 cinguntur,
751 1153 898 1202 casu,
937 1139 1078 1194 sicut
1105 1137 1222 1192 fieri
1255 1138 1416 1202 solet,
1459 1152 1494 1207 a
1539 1135 1660 1207 qui-

73 1209 286 1264 buslibet
330 1205 638 1265 hominibus
677 1209 894 1279 aliquod
938 1207 1436 1279 damnumfactum
1473 1205 1655 1279 fuerit,

73 1279 307 1349 quamvis
333 1279 474 1335 idem
499 1293 626 1349 ager
650 1291 744 1334 aut
767 1277 994 1350 campus
1039 1280 1123 1334 vel
1161 1277 1296 1334 silva
1324 1287 1432 1350 aut
1466 1278 1534 1350 ad

75 1346 277 1432 _clesiam
336 1350 422 1405 vel
473 1346 864 1432 monasterium
892 1346 1268 1432 praeceptum
1317 1346 1661 1431 inmanitatis

77 1423 359 1476 habentem
405 1421 695 1490 pertineat,
741 1437 850 1477 non
889 1418 1068 1476 tamen
1116 1418 1175 1475 in
1214 1420 1318 1475 hoc
1365 1418 1662 1490 inmunitas

77 1493 223 1546 fracta
251 1489 548 1546 iudicanda
573 1500 687 1558 est;
725 1500 781 1546 et
812 1491 933 1547 ideo
959 1508 1066 1546 non
1113 1498 1495 1547 sexcentornm
1535 1489 1664 1544 soli-

75 1563 244 1618 dorum
279 1563 684 1633 conpositione,
716 1564 812 1619 sed
853 1561 1149 1633 secundum
1181 1562 1374 1632 legem,
1423 1574 1566 1633 quae
1606 1559 1664 1614 in

77 1634 246 1688 eodem
274 1630 412 1688 loco
430 1642 661 1696 tenetur,
695 1634 743 1690 is
775 1632 1084 1688 multandus
1111 1642 1194 1688 est
1224 1630 1316 1701 qui
1351 1630 1664 1688 scandalum

76 1703 146 1758 vel
172 1705 432 1759 damnum
475 1705 529 1758 in
571 1705 662 1759 tali
686 1705 803 1760 loco
842 1704 1038 1760 fecisse
1077 1704 1358 1761 convictus
1399 1703 1419 1733 ²
1471 1701 1660 1756 fuerit.

137 1774 253 1830 280.
301 1774 381 1828 De
406 1776 622 1829 iustitiis
652 1775 1000 1846 generalibus.
1043 1775 1119 1830 De
1160 1774 1384 1830 iustittis
1409 1771 1668 1846 ecclesia-

81 1862 184 1900 rum
249 1846 375 1910 Dei,
437 1843 749 1912 viduarum,
809 1848 1178 1916 orphanorum
1229 1854 1284 1900 et
1340 1843 1666 1915 pupillorum

79 1917 449 1987 praecipimus,
483 1917 623 1971 utin
660 1915 890 1987 publicis
918 1917 1132 1972 iudiciis
1165 1932 1273 1972 non
1296 1915 1666 1986 despiciantur

81 1989 388 2053 clamantes,
418 1988 512 2043 sed
534 1989 711 2058 primo
753 1987 1046 2058 diligenter
1067 1987 1376 2042 audiantur.

139 2059 258 2114 281.
307 2057 387 2112 De
411 2057 728 2112 animalibus
755 2059 832 2114 vel
861 2057 981 2112 aliis
1010 2059 1177 2129 rebus,
1206 2077 1238 2112 a
1266 2058 1472 2129 quibus
1495 2072 1672 2110 eman-

82 2139 176 2182 tar.
221 2129 292 2184 Ut
319 2129 498 2183 nullus
525 2138 784 2199 conparet
800 2127 1101 2195 caballum,
1136 2127 1330 2185 bovem
1358 2137 1412 2183 et
1461 2127 1672 2181 iumen-

85 2209 186 2254 tum
207 2200 290 2255 vel
322 2201 456 2271 alia,
481 2201 585 2254 nisi
612 2201 761 2256 illum
785 2201 1060 2256 hominem
1086 2206 1397 2271 cognoscat,
1425 2199 1518 2268 qui
1543 2212 1668 2271 eum

89 2273 273 2345 vendit,
307 2281 400 2325 aut
429 2270 496 2345 de
527 2287 634 2342 quo
658 2287 796 2345 pago
822 2279 924 2336 est,
967 2272 1048 2328 vel
1078 2268 1178 2328 ubi
1196 2279 1398 2337 manet,
1426 2279 1520 2324 aut
1550 2268 1673 2339 quis

93 2350 168 2396 est
196 2344 307 2396 eius
333 2343 536 2398 senior.

159 2412 288 2485 282.7
310 2413 386 2468 De
415 2429 496 2485 eo,
539 2414 630 2485 qui
655 2414 710 2467 in
739 2414 1096 2469 testimonium
1145 2411 1474 2485 assumitu_r,_
1497 2409 1672 2485 qualis

92 2499 191 2536 esse
210 2484 406 2537 debeat.
457 2481 707 2553 Optimus
737 2486 966 2555 quisque
996 2486 1050 2539 in
1088 2499 1227 2555 pago
1266 2483 1346 2539 vel
1374 2481 1594 2539 civitate
1619 2481 1674 2555 in

91 2555 446 2610 testimonium
476 2552 785 2611 assumatur
813 2552 977 2612 etcui
1011 2552 1306 2618 isfcdutra
1333 2570 1493 2624 quem
1521 2552 1676 2608 testi-

89 2625 322 2696 moniare
353 2626 375 2657 ³
422 2627 597 2689 debet,
625 2626 833 2682 nullum
864 2628 1070 2682 crimen
1097 2626 1270 2696 possit
1297 2625 1557 2696 indicere.

151 2695 274 2751 283.
303 2697 381 2751 De
417 2697 836 2752 heribannatoris
881 2693 1133 2752 coniectd.
1178 2696 1250 2752 Ut
1300 2695 1375 2750 illi
1401 2696 1492 2765 qui
1531 2693 1680 2750 heri-

81 2765 316 2821 bannum
348 2768 558 2824 solvere
589 2769 804 2833 debent,
859 2770 1163 2825 coniectum
1195 2765 1406 2823 faciant
1437 2767 1506 2822 ad
1530 2765 1679 2821 heri-

81 2837 461 2894 bannatorem.

309 2909 386 2964 De
428 2909 620 2964 colonis
661 2919 710 2964 et
749 2909 1025 2980 ﬁscalinis.
1062 2908 1133 2965 Ut
1163 2923 1273 2980 nec
1307 2907 1533 2964 colonus
1576 2919 1680 2963 nec

78 2977 368 3032 ﬁscalinus
415 2980 606 3035 alicubi
631 2977 947 3038 traditiones
978 2980 1156 3037 facere
1177 2979 1391 3035 audeat.

323 3069 576 3158 βεβὼς
593 3072 818 3127 testibus.
849 3071 994 3128 Falsi
1019 3079 1190 3128 testes
1229 3068 1594 3142 praecipimus
1615 3076 1677 3124 ut
1700 3092 1748 3158 ο

78 3156 202 3195 non
229 3141 571 3213 recipiantur.

149 3235 280 3293 286.
315 3235 395 3291 De
421 3237 712 3293 hominibus
743 3237 813 3293 ad
847 3246 1066 3292 mortem
1090 3235 1396 3291 diiudicatis
1421 3242 1470 3288 et
1495 3242 1677 3305 postea

73 3308 152 3362 eis
183 3309 288 3362 vita
311 3325 570 3372 concessa,
599 3311 644 3364 si
675 3309 908 3364 iustitias
929 3308 1272 3379 quaesierint.
1303 3306 1379 3360 Illi
1409 3306 1677 3379 homines,

76 3379 169 3501 ‘qui
222 3388 442 3449 propter
499 3395 688 3436 eorum
752 3376 950 3450 culpas
991 3381 1060 3434 ad
1119 3386 1352 3433 mortem
1406 3376 1684 3432 diiudicati

100 3450 282 3501 uerint
327 3459 382 3501 et
423 3459 610 3501 postea
656 3451 736 3501 eis
781 3451 890 3501 vita
938 3449 1102 3501 fuerit
1151 3463 1430 3501 concessa.
1476 3448 1521 3501 si
1575 3445 1683 3501 insi

100 3445 282 3504 ireriitt
318 3445 382 3505 et
423 3459 610 3520 postea
656 3451 736 3506 eis
781 3445 890 3504 viia
938 3449 1102 3504 fuerit
1151 3463 1430 3520 concessa,
1476 3448 1538 3520 si
1575 3445 1683 3520 ipsi

76 3520 345 3575 iustitiam
373 3518 440 3576 ab
458 3521 580 3592 aliis
601 3521 968 3592 requisierint,
995 3528 1090 3592 aut
1112 3521 1180 3576 ab
1200 3520 1280 3592 eis
1299 3519 1390 3572 alii
1415 3518 1680 3592 iustitiam

77 3606 346 3659 quaerere
381 3589 776 3659 voluerintfita
822 3592 964 3646 inter
988 3591 1108 3646 illos
1144 3591 1400 3646 iudicium
1429 3589 1685 3643 termine-

81 3670 190 3716 tur.
242 3662 428 3718 Primo
455 3665 698 3719 omnium
731 3665 796 3719 de
832 3663 938 3717 illis
968 3661 1169 3726 causis,
1206 3659 1526 3730 proquibus
1548 3659 1683 3714 iudi-

75 3743 236 3810 catus
267 3733 539 3810 iuerit_ad
567 3743 820 3800 mortem,
848 3733 1050 3788 nullam
1069 3729 1249 3803 potest
1272 3729 1451 3810 faCere
1482 3730 1683 3810 repeti—

78 3805 310 3875 tionem,
367 3805 492 3875 quia
547 3820 739 3862 omnes
786 3821 876 3875 res
914 3818 1046 3860 suae
1070 3801 1685 3875 —secunduni__iudiciu_m

77 3871 421 3931 Francorum
460 3876 515 3931 in
546 3876 761 3947 publico
803 3874 1021 3931 fuerunt
1054 3882 1356 3947 revocatae.
1390 3873 1456 3925 Et
1491 3873 1538 3926 si
1588 3871 1688 3925 ali-

74 3947 209 4016 quid
257 3945 686 4015 inpostmodum,
722 3955 1010 4016 postquam
1063 3945 1112 3998 ei
1155 3945 1264 4016 vita
1291 3957 1547 3998 concessa
1581 3949 1684 4006 est,

72 4015 201 4071 eum
230 4017 440 4088 iustitia
453 4015 739 4088 adquirere
749 4015 1006 4088 potuerit,
1035 4015 1091 4088 in
1107 4030 1204 4070 sua
1231 4015 1480 4088 libertate
1505 4019 1687 4068 teneat

70 4098 126 4142 et
161 4087 423 4143 defendat
473 4083 770 4144 secundum
828 4088 1023 4158 legem.
1061 4087 1119 4140 ln
1154 4083 1546 4158 testimonium
1577 4099 1686 4137 non

69 4159 432 4228 suscipiatur,
493 4174 595 4214 nec
642 4159 786 4214 inter
819 4154 1074 4214 scabinos
1105 4155 1173 4210 ad
1219 4156 1411 4228 legem
1438 4154 1687 4228 iudicau-

69 4230 200 4284 dam
231 4225 508 4285 teneatur.
543 4230 611 4284 Et
638 4231 684 4284 si
720 4230 788 4284 ad
814 4237 1219 4284 sacramentum
1248 4226 1454 4296 aliquid
1479 4225 1688 4279 iudica-

68 4312 190 4356 tum
225 4299 563 4371 fueritquod
586 4302 767 4356 iurare
813 4300 1023 4371 debeat,
1075 4299 1121 4371 si
1156 4297 1352 4366 aliquis
1395 4297 1571 4371 ipsum
1599 4310 1688 4350 sa-

66 4367 652 4427 cramentum'falsum
683 4372 865 4427 dicere
897 4369 1149 4434 voluerit,
1191 4367 1506 4423 contendat.

605 246 760 307 COD.
800 243 1151 304 DlPLOM.—-
1175 240 1538 300 BENEDICTI
1572 240 2094 302 CAPITULABIUM
2121 240 2521 302 COLLECTIO.
2563 245 2694 303 LIB.
2731 244 2775 302 Ι.

3218 244 3326 306 758

1677 368 1726 427 Α
1753 357 1894 413 binis
1928 356 2011 412 vel
2045 357 2216 414 vassis
2241 359 2521 424 comitum,
2552 359 2655 414 nisi
2685 358 2777 429 qui
2822 373 3040 414 causam
3075 374 3226 416 suam
3255 363 3350 418 ad-

1755 429 1970 499 quirere
2007 430 2202 484 debent
2233 439 2325 485 aut
2362 432 2707 499 respondere.

1823 499 1949 575 2S9.
1977 500 2056 554 De
2081 500 2294 575 testibus
2333 503 2401 555 ad
2434 502 2790 575 testimonium
2815 500 3098 575 dicendum
3124 503 3352 575 qualiter

1752 571 2118 625 adhibeantur.
2178 571 2244 627 Ut
2296 581 2462 628 testes
2523 577 2591 627 ad
2644 571 3013 627 testimonium
3064 571 3351 629 dicendum

1751 642 1994 712 praemio
2028 657 2136 696 non
2168 643 2558 699 conducantur.
2599 642 2666 696 Et
2690 650 2748 696 ut
2776 642 2955 697 nullus
2987 645 3351 700 testimonium

1753 713 1898 768 dicat
1921 719 2014 766 aut
2041 722 2434 768 sacramentum
2465 715 2624 778 iuret,
2663 714 2765 768 nisi
2794 714 3023 768 ieiunus.
3061 715 3130 769 Et
3175 726 3234 770 ut
3271 725 3350 771 te-

1754 791 1884 847 stes,
1917 784 2232 852 priusquam
2264 785 2459 849 iurent,
2499 785 2785 854 separatim
2826 785 3200 851 discutiantur,
3225 788 3354 854 quid

1756 854 2134 979 gicleretvelint
2184 855 2252 910 de
2297 854 2390 909 illa
2422 870 2500 921 re,
2533 856 2677 910 unde
2709 855 3079 911 testimonium
3127 854 3354 912 reddere

1791 939 1822 979 e
1863 939 1930 978 en
1963 963 1976 977 .

1791 939 1976 979 enent.

1825 993 1960 1068 290.
1981 993 2056 1048 De
2076 995 2278 1068 iustitia
2296 994 2570 1068 cuiuslibet
2593 1013 2624 1049 a
2649 995 2792 1050 nullo
2810 996 3036 1068 quolibet
3053 997 3350 1054 dilatanda.

1758 1063 2030 1140 Ut_nullus
2055 1066 2281 1140 quilibet
2313 1066 2736 1140 missushnoster
2764 1063 2938 1140 neque
2966 1085 3156 1140 comes
3180 1086 3355 1140 neque

1758 1136 1916 1191 iudex
1943 1145 2037 1210 aut
2061 1136 2315 1210 scabinus
2343 1137 2631 1210 cuiuslibet
2657 1136 2916 1193 iustitiam
2945 1139 3171 1193 dilatare
3199 1136 3357 1210 prac-

1759 1215 1954 1271 sumat,
1990 1208 2035 1262 si
2083 1207 2264 1262 statim
2302 1208 2591 1278 adimpleta
2622 1211 2860 1278 potuerit
2890 1225 3009 1265 esse
3059 1207 3355 1266 secundum

1759 1278 2197 1351 rectitudinem,_
2231 1293 2406 1351 neque
2459 1280 2698 1351 praemia
2744 1294 2844 1351 pro
2892 1281 2994 1336 hoc
3041 1297 3072 1334 a
3119 1281 3360 1351 quolibet

1760 1349 1978 1430 homine
2001 1363 2100 1419 per
2131 1349 2352 1420 aliquod
2387 1349 2665 1420 ingenium
2704 1350 2905 1405 malum
2933 1349 3246 1422 praesumat
3267 1368 3357 1408 ac-

1761 1433 1962 1488 crpere.

1832 1489 1957 1546 291.
1996 1489 2075 1544 De
2096 1490 2315 1545 nimium
2343 1488 2663 1560 blasphemis
2691 1492 2713 1522 ⁸
2744 1490 3057 1547 latronibus.
3096 1492 3171 1548 De
3197 1493 3362 1550 latro-

1767 1561 1957 1634 nibus,
2005 1563 2097 1631 qui
2147 1576 2396 1634 magnam
2433 1561 2633 1616 habent
2668 1561 3080 1632 blasphemiam,
3117 1565 3362 1634 quicum-

1765 1647 1872 1702 que
1892 1632 2126 1708 aliquem
2151 1648 2217 1686 ex
2249 1633 2342 1708 _his
2371 1634 2892 1701 compraehenderit,
2928 1632 3152 1690 nullum
3171 1636 3363 1708 damp-

1697 1727 1744 1788 Β
1770 1704 2119 1788 riuuifxinde
2139 1704 2406 1788 patiatur.

1841 1773 1968 1828 292.
2011 1773 2346 1845 υεΑεεδιὶὸιιδ
2384 1773 2452 1826 ad
2497 1789 2606 1826 rem
2652 1773 2936 1845 quamlibet
2981 1777 3366 1833 discutiendam

1770 1844 2042 1919 eligendis.
2061 1843 2147 1919 _Ut
2180 1845 2630 1919 quandocumque
2655 1843 2819 1919 testes
2841 1847 3042 1919 adgrem
3069 1849 3368 1919 quamlibet

1773 1915 2164 1997 discutiendam
2197 1916 2490 1997 quaerendi
2525 1925 2687 1996 atque
2708 1916 2948 1997 elegendi
2973 1915 3118 1997 sunt,
3147 1937 3176 1974 a
3200 1921 3367 1997 misso

1771 1993 1960 2041 nostro
1993 1996 2048 2041 et
2091 1987 2310 2060 comite,
2365 1987 2420 2042 in
2461 1987 2615 2060 cuius
2662 1987 2964 2060 ministerio
3011 1991 3076 2045 de
3109 2006 3167 2045 re
3197 1991 3368 2060 quali-

1772 2072 2011 2131 cumque
2040 2058 2304 2131 agendum
2337 2066 2442 2131 est,
2474 2057 2608 2111 tales
2633 2057 2918 2131 eligantur,
2948 2060 3136 2131 quales
3176 2057 3368 2131 optimi

1773 2127 1828 2182 in
1854 2128 1969 2197 ipso
2001 2143 2140 2198 pago
2171 2129 2399 2200 inveniri
2428 2137 2672 2197 possunt.
2709 2127 2776 2184 Et
2803 2145 2908 2183 non
2947 2127 3106 2186 liceat
3133 2127 3369 2200 litigato-

1773 2199 1926 2254 ribus
1950 2214 2048 2269 per
2071 2199 2311 2268 praemia
2343 2198 2508 2255 falsos
2541 2206 2708 2255 testes
2735 2201 3024 2267 adducere,
3059 2203 3200 2258 sicut
3224 2198 3362 2258 acte-

1775 2285 1878 2324 nus
1915 2269 2031 2325 lieri
2071 2271 2295 2324 solebat.

1845 2340 1971 2396 293.
2013 2340 2090 2395 De
2114 2340 2306 2414 placito
2335 2341 2638 2414 centenarii.
2671 2340 2741 2398 Ut
2765 2341 2944 2398 nullus
2971 2343 3132 2400 homo
3162 2343 3217 2399 in
3254 2344 3374 2414 pla-

1775 2411 1883 2467 cito
1917 2411 2430 2485 centenariigneque
2459 2413 2527 2467 ad
2561 2421 2810 2485 mortem,
2835 2429 3008 2485 neque
3043 2416 3110 2470 ad
3149 2411 3371 2470 liberta-

1775 2490 1884 2537 tem
1937 2499 2089 2538 suam
2138 2483 2508 2548 amittendam,
2557 2492 2653 2537 aut
2700 2484 2767 2537 ad
2811 2499 2898 2540 res
2922 2483 3239 2541 'ri'ddendas
3288 2485 3375 2541 vel

1777 2554 2045 2622 mancipia
2069 2553 2368 2618 iudicetur;
2396 2554 2488 2607 sed
2513 2553 2614 2608 ista
2636 2563 2728 2609 aut
2752 2554 2804 2608 in
2830 2558 3134 2624 praesentia
3159 2557 3377 2614 comitis

1776 2625 1862 2681 vel
1894 2625 2181 2681 missorum
2209 2633 2516 2679 nostrorum
2553 2625 2875 2680 iudicentur.

1847 2695 1974 2778 29f.
2013 2697 2091 2778 pe
2116 2695 2340 2778 placitis
2383 2713 2415 2748 a
2445 2696 2618 2778 missis
2647 2697 2923 2778 dominicis
2964 2697 3238 2778 comitibus
3282 2714 3379 2754 no-

1778 2774 1890 2821 tum
1919 2766 2192 2836 faciendis.
2237 2766 2304 2822 Ut
2346 2768 2716 2836 unusquisque
2745 2769 3032 2822 missorum
3071 2777 3378 2824 nostrorum

1780 2836 2060 2910 iniplaeito
2101 2852 2200 2892 suo
2258 2846 2444 2910 notum
2491 2836 2986 2910 faciatﬂcomitihus
3027 2840 3118 2910 qui
3164 2841 3230 2894 ad
3261 2841 3380 2896 eius

1779 2909 2114 2963 missaticum
2143 2907 2429 2977 pertinent,
2461 2916 2520 2979 ut
2548 2909 2601 2962 in
2628 2909 2733 2964 illis
2766 2907 3263 2979 mensibus—quibus
3291 2911 3381 2966 ille

1780 2979 2104 3050 legationem
2126 2994 2277 3033 suam
2308 2995 2413 3034 non
2461 2978 2609 3044 facit,
2661 2981 2983 3036 conveniant
3020 2978 3162 3035 inter
3187 2997 3263 3044 se,
3321 2989 3377 3036 et

1782 3050 2089 3105 communia
2138 3050 2335 3118 placita
2384 3050 2608 3115 faciant,
2649 3059 2757 3104 tam
2790 3051 2857 3105 ad
2889 3053 3126 3106 latrones
3153 3052 3377 3107 distrin-

1781 3121 2200 3192 gendostquam
2229 3121 2297 3192 ad
2319 3131 2564 3192 caeteras
2590 3122 2823 3177 iustitias
2848 3121 3138 3178 faciendas.

1852 3191 1978 3247 295.
2005 3191 2080 3245 De
2102 3191 2356 3244 uxoribus
2378 3191 2759 3261 defunctorum,
2787 3209 2944 3262 quam
2972 3201 3173 3261 partem
3199 3192 3382 3248 conla-

1783 3262 2070 3334 borationis
2115 3272 2228 3332 post
2273 3262 2495 3334 obitum‘
2520 3265 2828 3317 maritorum
2866 3265 3098 3334 accipere
3137 3264 3376 3318 debeant.

1785 3333 2048 3389 Volumus
2079 3331 2139 3386 ut
2169 3347 2371 3388 uxores
2400 3331 2776 3388 defunctorum
2824 3343 2939 3402 post
2970 3331 3175 3389 abitum
3214 3336 3381 3389 mari-

1785 3413 1964 3459 torum
1995 3404 2206 3459 tertiam
2234 3411 2437 3473 partem
2459 3404 2917 3460 conlaborationis
2963 3420 3114 3474 quam
3142 3406 3299 3460 simul
3327 3406 3382 3460 in

1785 3475 2048 3531 beneficio
2071 3475 2578 3538 conlaboraverunt,
2602 3475 2887 3544 accipiant.
2916 3475 2981 3528 Et
2999 3479 3062 3530 de
3086 3476 3170 3530 his
3196 3479 3378 3543 rebus,

1787 3561 1922 3616 quas
1954 3547 2018 3610 is,
2049 3547 2140 3616 qui
2166 3545 2296 3600 illud
2331 3546 2648 3601 beneficium
2679 3547 2883 3610 habuit,
2913 3547 3128 3601 aliunde
3156 3547 3385 3602 adduxit

1785 3619 1870 3672 vel
1898 3617 2230 3687 comparavit
2270 3616 2351 3671 vel
2385 3616 2435 3671 ei
2467 3619 2535 3671 ab
2583 3618 2775 3673 amicis
2803 3618 2915 3673 suis
2937 3617 3183 3673 conlatae
3235 3627 3381 3686 sunt,

1789 3687 1887 3743 has
1925 3689 2169 3744 volumus
2202 3695 2309 3742 tam
2347 3689 2413 3741 ad
2457 3689 2731 3756 orphanos
2771 3688 3169 3756 defunctorum,
3217 3705 3383 3760 quam

1789 3760 1855 3814 ad
1889 3773 2086 3814 uxores
2109 3774 2296 3813 eorum
2343 3760 2645 3827 pervenire.

1859 3829 1983 3885 296.
2024 3830 2102 3884 De
2138 3830 2288 3899 falsis
2321 3829 2536 3883 testibus
2569 3831 2953 3885 convincendis.
3000 3829 3058 3884 Si
3101 3830 3223 3899 quis
3259 3847 3380 3886 cum

1788 3897 1962 3955 altero
1992 3900 2058 3954 de
2105 3897 2342 3970 qualibet
2382 3915 2542 3953 causa
2575 3901 2975 3956 contentionem
3025 3897 3276 3955 habuerit
3327 3912 3385 3956 et

1791 3979 1956 4026 testes
1979 3979 2166 4025 contra
2191 3987 2314 4025 eum
2351 3985 2447 4038 per
2495 3971 2749 4025 iudicium
2782 3971 3026 4040 producti
3055 3970 3278 4036 fuerint,
3334 3971 3381 4026 si

1789 4041 1880 4096 ille
1901 4041 2066 4096 falsos
2101 4057 2197 4097 eos
2241 4055 2361 4095 esse
2396 4042 2719 4109 suspicatur,
2749 4042 2905 4096 liceat
2943 4043 2992 4097 ei
3018 4041 3154 4096 alios
3191 4050 3378 4106 testes,

1791 4128 1928 4182 quos
1949 4112 2198 4166 meliores
2221 4112 2475 4181 potuerit,
2509 4122 2697 4167 contra
2719 4128 2813 4167 eos
2835 4126 3126 4182 opponere,
3153 4120 3213 4166 ut
3234 4127 3384 4167 vera-

1792 4184 1936 4238 cium
1975 4183 2283 4238 testimonio
2315 4182 2569 4237 falsorum
2605 4185 2822 4238 testium
2854 4183 3183 4253 perversitas
3224 4199 3383 4253 supe-

1793 4264 1962 4308 retur.
2004 4253 2159 4322 Quod
2209 4255 2255 4308 si
2303 4254 2493 4308 ambae
2544 4255 2764 4308 testium
2811 4262 2989 4324 partes
3021 4254 3094 4308 ita
3143 4256 3285 4310 inter
3324 4271 3383 4311 se

1793 4325 2164 4390 dissenserint,
2209 4335 2270 4379 ut
2314 4324 2622 4379 nullatenus
2671 4340 2777 4379 una
2820 4341 2948 4395 pars
2991 4325 3146 4380 alteri
3192 4326 3384 4381 cedere

1793 4396 1942 4462 velit,
1974 4397 2247 4468 eligantur
2268 4397 2374 4452 duo
2399 4411 2465 4451 ex
2497 4397 2647 4468 ipsis,
2685 4397 2736 4452 id
2767 4405 2850 4451 est
2876 4413 2942 4452 ex
2965 4405 3193 4466 utraque
3232 4406 3388 4466 parte

141 4464 283 4538 287.
312 4463 675 4538 ‘Deliominc,
703 4463 810 4538 _cui
831 4472 946 4538 post
993 4461 1279 4538 iudicium“
1303 4460 1408 4538 vita
1439 4473 1676 4538 concessa

1794 4460 1952 4532 unus,
1987 4460 2079 4538 qui
2128 4485 2250 4523 cum
2288 4469 2455 4523 scutis
2493 4460 2547 4522 et
2581 4466 2812 4522 fustibus
2855 4469 2908 4523 in
2963 4460 3155 4536 campo
3201 4460 3387 4522 decer-

61 4546 144 4588 est
173 4577 190 4599 ,
229 4535 280 4588 si
306 4533 564 4588 iustitiam
587 4534 801 4589 reddere
831 4529 1092 4588 'noluerit.
1131 4530 1189 4585 Si
1214 4530 1374 4586 alicui
1404 4537 1528 4599 post
1557 4529 1694 4584 iudi-

65 4609 228 4660 cium
258 4605 607 4660 scahinoruni
637 4604 802 4660 fuerit
841 4605 949 4659 vita
989 4617 1266 4666 concessa,
1313 4609 1368 4656 et
1397 4601 1694 4670 inpostmo—

64 4676 210 4730 dum
257 4677 439 4744 aliqua
477 4676 617 4731 mala
645 4675 1138 4746 perpetraverit;et
1167 4672 1442 4746 iustitiam
1469 4671 1694 4746 ieddere

60 4741 610 4823 nolueritjdieendo
640 4741 785 4818 quod
822 4753 1072 4802 mortuus
1097 4744 1170 4799 sit
1194 4752 1249 4799 et
1283 4743 1404 4798 ideo
1429 4741 1693 4823 iustitiam

59 4822 317 4892 reililcre
355 4832 462 4892 non
497 4812 728 4892 debeat,
747 4825 1011 4872 statutum
1036 4824 1139 4892 est,
1173 4823 1235 4869 ut
1265 4813 1514 4892 superius
1537 4812 1696 4892 indi-.-

58 4891 229 4943 rium
268 4889 558 4953 sustineat,
585 4882 732 4960 quod
769 4897 930 4960 antea
971 4887 1245 4960 sustinere
1284 4882 1488 4960 debuit.
1535 4882 1604 4960 Et
1648 4882 1696 4938 si

57 4962 292 5040 aliquis
322 4960 586 5041 adversus
601 4953 741 5041 'eurn
769 4959 948 5041 aliqua
983 4958 1124 5041 mala
1151 4955 1362 5041 fecerit,
1397 4953 1693 5041 secundum

59 5024 387 5100 aequitatis
413 5031 658 5085 ordinem
691 5024 963 5085 licentiam
1003 5031 1201 5084 haheat
1244 5042 1399 5082 suam
1437 5024 1701 5100 iustitiam

57 5096 410 5171 requirendi
443 5101 509 5156 de
542 5101 723 5156 causis
745 5101 1094 5171 perpetratis,
1126 5107 1417 5171 postquam
1463 5096 1532 5150 ad
1558 5110 1704 5149 mor-

57 5168 188 5244 fetvft
256 5171 528 5244 iudicatus
551 5181 655 5227 est.
684 5168 763 5226 De
780 5168 1088 5244 praeteritis
1111 5168 1347 5234 maneat,
1373 5168 1515 5229 sicut
1537 5180 1702 5237 supra

57 5242 395 5298 iudicatum
416 5243 538 5297 fuit.

316 5335 601 5409 Deliberis
626 5337 946 5409 hominibus,
973 5336 1064 5409 qui
1079 5335 1158 5409 _ad
1184 5333 1406 5409 mullum
1427 5333 1599 5409 uenire
1623 5348 1708 5409 co:

48 5407 250 5479 gendi
295 5407 545 5479 suntaUt
590 5408 770 5464 nullus
795 5403 939 5464 alius
985 5403 1050 5463 de
1074 5406 1264 5463 liberis
1301 5405 1611 5479 hominibus
1635 5403 1704 5457 ad

41 5476 357 5551 (uacuum
382 5477 466 5533 vel
492 5479 561 5535 ad
582 5480 804 5535 mallum
828 5479 1016 5536 venire
1049 5487 1296 5548 cogatur,
1321 5476 1564 5546 exceptis
1588 5491 1703 5531 sca-

1776 4541 1934 4604 ‘tent,
1963 4551 2085 4594 utra
2121 4555 2247 4609 pars
2285 4539 2571 4593 falsitatem
2599 4548 2692 4592 aut
2717 4539 2998 4594 veritatem
3026 4555 3124 4593 suo
3148 4539 3388 4592 testimo-

1799 4610 1890 4665 nio
1915 4618 2190 4680 sequatur.
2233 4611 2300 4665 Et
2325 4609 2594 4679 campioni
2617 4609 2710 4679 qui
2740 4609 2914 4664 victus
2940 4609 3120 4674 fuerit,
3167 4616 3388 4678 propter

1798 4681 2118 4750 periurium,
2145 4683 2289 4754 quod
2311 4691 2436 4735 ante
2457 4695 2689 4754 pugnam
2719 4681 3011 4754 commisit,
3042 4680 3230 4754 deutra
3274 4695 3388 4732 ma-

1799 4768 1903 4832 nus
1920 4750 2268 4832 “amputetur;
2301 4752 2499 4832 caeteri
2525 4767 2654 4806 vero
2697 4751 2938 4805 eiusdem
2967 4750 3156 4832 .partis
3202 4756 3387 4831 testes,

1800 4824 1890 4892 qui
1915 4821 2037 4876 falsi
2070 4823 2436 4892 apparuerint,
2467 4837 2662 4876 manus
2710 4837 2838 4876 suas
2886 4821 3189 4884 redimant;
3237 4821 3392 4892 cuius

1800 4891 2210 4963 compositionis
2245 4895 2381 4948 duae
2413 4903 2596 4962 partes
2641 4893 2712 4957 ei,
2761 4901 2949 4947 contra
2999 4907 3162 4963 quem
3206 4891 3391 4944 testati

1801 4961 1946 5027 sunt}
1980 4965 2193 5028 dentur,
2230 4966 2389 5019 tertia
2416 4961 2519 5033 pro
2551 4963 2701 5019 frcdo
2742 4963 2998 5017 solvatur.
3034 4961 3105 5018 Et
3153 4962 3206 5016 in
3238 4976 3392 5033 secu-

1803 5036 1903 5090 lari
1945 5035 2160 5104 quidem
2191 5051 2350 5090 causa
2378 5032 2748 5090 haiuscemodi
2779 5035 2996 5088 testium
3028 5032 3389 5104 diversitasin

1804 5102 1996 5177 campo
2028 5107 2408 5175 conprobetur.
2453 5106 2510 5160 ln
2548 5105 2932 5177 ecclesiasﬁcis
2972 5115 3154 5159 autem
3189 5102 3388 5177 causis,

1805 5179 1897 5234 ubi
1926 5174 1993 5232 de
2030 5174 2144 5232 una
2160 5189 2312 5246 parte
2339 5177 2598 5241 seculare,
2651 5176 2719 5232 de
2743 5177 2911 5230 altera
2943 5189 3072 5230 vero
3109 5174 3394 5246 ecclesiasf

1809 5251 1976 5306 ticum
2019 5243 2294 5319 negotium
2341 5258 2442 5314 est,
2489 5249 2628 5303 idem
2670 5249 2862 5319 modus
2910 5248 3248 5319 observetur.
3290 5243 3392 5298 libi

1807 5337 1939 5378 vero
1960 5338 2027 5376 ex
2051 5317 2278 5391 utraque
2301 5329 2452 5390 parte
2485 5318 2911 5391 ecclesiasticum
2938 5317 3122 5391 fuerit,
3155 5325 3396 5391 rectores

1809 5397 2102 5451 earundem
2145 5388 2492 5466 ecclesiarum
2535 5391 2581 5444 si
2729 5388 3071 5466 familiariter
3097 5389 3394 5466 _paciIiCai-e

1807 5469 1994 5534 velint,
2023 5466 2294 5522 licentiam
2323 5463 2578 5519 habeant.
2625 5461 2682 5516 Si
2717 5468 2897 5515 autem
2929 5461 2994 5516 de
3019 5459 3394 5524 huiuscemodi

1337 5650 1734 5709 VARIANTES
1768 5643 2172 5705 LECTIONES.

155 5793 182 5826 ⁸
210 5791 603 5850 'aborautibus
632 5789 752 5846 Bal.
832 5791 852 5822 '
875 5790 1197 5846 conuinctus
1235 5784 1302 5842 G.
1373 5784 1394 5816 ³
1427 5783 1799 5840 utstimcuiare
1831 5796 1970 5838 corr.
2003 5771 2366 5834 testimoniari
2409 5768 2474 5828 ϐ.
2551 5771 2572 5802 ⁸
2614 5768 2946 5841 plasphentis
2968 5768 3027 5834 «Ο
3052 5785 3220 5834 com.
