3974 6340
204 320 319 378 ’145

710 319 863 379 COD.
879 315 1278 377 'DlPLOM.‘--
1298 313 1662 374 BENEDICTI
1681 311 2197 376 CAPITULARIUM
2235 314 2637 378 COLLECTIO.
2662 350 2733 362 —
2757 318 2886 377 LIB.
2912 320 2956 379 1.

3370 328 3467 391 7η

202 430 823 520 deveniantﬁimiliter'
846 441 902 489 et
934 434 1000 489 de
1040 432 1499 520 presbiteris,qui
1522 434 1588 489 de
1610 434 1786 520 eccle-
1812 442 1864 500 Λ
1983 435 2519 520 autemmalcfeceris,
2547 437 2708 520 time;
2741 455 2844 520 non
2868 440 3008 520 enim
3035 442 3333 520 sineeasim
3358 452 3461 520 θέα,

199 506 411 586 siarutn
451 504 655 586 _rehus,_
714 504 911 586 quibus
931 513 1224 586 praesunt,
1276 504 1593 586 praedia-eo
1627 507 1788 561 modo

198 583 418 640 emunt,
446 572 751 631 faciendum
781 572 1099 640 statuimus,
1125 572 1380 645 quoniam
1412 575 1612 631 multos
1635 591 1787 646 pres-

195 647 506 703 biterorum
542 646 826 701 occasione
856 646 1038 701 taliter
1066 656 1370 715 emptarum
1394 659 1580 701 rerum
1612 647 1788 702 eccle-

195 719 337 782 sias,
361 716 558 786 quibus
585 726 841 786 praesunt
858 717 1207 786 ,‘expoliasse
1243 723 1298 770 et
1326 731 1357 769 a
1383 731 1487 786 suo
1543 717 1788 773 ministe-

195 788 287 844 rio
328 785 516 842 multis
572 785 746 842 modis
780 785 1112 844 exorbitasse
1142 795 1197 841 et
1246 800 1305 842 se
1342 785 1555 843 diabolo
1581 788 1788 844 manci-

192 873 362 929 passe
416 865 472 929 et
528 858 632 913 hac
668 858 955 929 occasione
992 856 1192 929 multos
1234 855 1496 929 iaicorum
1520 857 1591 929 in
1630 873 1787 914 scan-

194 927 385 1010 dalum
424 927 820 1000 dampnationis
877 937 933 984 et
968 927 1287 998 perditionis
1344 928 1620 997 promisse
1657 945 1787 985 oon-

269 1013 465 1054 rimus.

187 1012 598 1149 Ρεέἒηὲἷηὸαοᾴ
627 1065 864 1149 nonnulli
900 1065 1241 1149 episcopilsibi
1276 1066 1532 1149 subiectos
1567 1067 1787 1149 canoni-

190 1154 288 1195 cos
352 1139 648 1193 monachos
674 1147 723 1192 et
752 1136 1191 1209 isanctimoniales
1242 1136 1532 1209 neglegant.
1582 1139 1783 1196 Didici-

188 1223 325 1263 mus
354 1224 507 1273 sane,
543 1208 827 1263 nonnullos
847 1208 1128 1278 episcopos
1173 1207 1229 1262 in
1263 1207 1626 1278 gubernandis
1653 1226 1784 1265 con—

188 1279 607 1349 gregationibus
669 1279 773 1335 sibi
829 1278 1087 1349 subiectis
1108 1318 1149 1349 ,ᾗ
1196 1278 1472 1334 canonicis
1532 1280 1784 1337 videlicet

188 1347 485 1405 monachis
516 1357 573 1405 et
595 1347 1111 1420 sanctimonialium,
1136 1347 1399 1420 hactenus
1421 1351 1574 1407 valde
1601 1351 1783 1420 negle-

187 1426 390 1489 gentes
408 1420 652 1476 extitisse
681 1428 737 1476 et
764 1420 833 1475 ob
865 1421 917 1475 id
947 1419 1144 1475 multos
1175 1419 1228 1473 in
1273 1419 1356 1474 sui
1391 1419 1783 1477 detractionem

188 1500 248 1563 et
274 1500 650 1561 contemptum
672 1504 1016 1563 provocasse,
1039 1491 1113 1544 ita
1139 1500 1197 1563 ut
1224 1490 1467 1563 nonnulli
1497 1492 1590 1547 alii
1621 1507 1782 1563 prae-

188 1561 293 1616 lati
333 1560 633 1633 ineorum‘
670 1560 1334 1633 parrochiis__constituti,
1392 1576 1579 1618 eorum
1617 1560 1782 1633 prava

187 1632 445 1703 exempla
469 1631 640 1687 secuti
674 1630 804 1704 suas
849 1630 1098 1686 similiter
1127 1633 1573 1704 congregationes
1601 1630 1783 1704 negle-

188 1701 383 1759 xerint
408 1721 421 1756 :
447 1718 583 1773 quos
605 1712 661 1758 et
684 1701 926 1758 fraterno
957 1709 1014 1758 et
1038 1701 1281 1773 synodali
1304 1701 1574 1773 conventu
1596 1701 1782 1760 admo-

190 1775 407 1852 nendos
454 1772 966 1852 esse-decrevimus
1006 1772 1313 1852 necessario
1354 1772 1371 1803 ί
1395 1814 1412 1839 ,
1468 1785 1528 1829 ut
1566 1775 1651 1852 ab_
1677 1774 1781 1830 hac
1811 1793 1857 1852 Β

188 1844 539 1915 neglegentia
597 1843 850 1913 deinceps
909 1858 968 1899 se
1010 1843 1317 1915 _cohibeant
1361 1853 1417 1899 et
1453 1845 1685 1901 caeteris
1720 1860 1780 1901 se

190 1913 489 1972 imitabiles
522 1916 845 1985 praebeant;
888 1928 956 1969 ne
999 1913 1139 1970 forte
1188 1923 1410 1984 propter
1445 1915 1659 1971 illorum
1699 1915 1783 1971 in-

192 1987 417 2058 curiam
447 1996 502 2041 et
539 1986 751 2041 divinae
782 1985 1058 2041 servitutis
1091 1992 1512 2058 contemptuset
1538 1987 1781 2058 pericula

191 2057 521 2128 proveniant
568 2058 871 2128 animarum
917 2065 972 2110 et
1023 2056 1249 2128 auribus
1284 2056 1637 2128 excellentiae
1685 2073 1782 2128 ιιοέ

191 2126 346 2183 strae
370 2127 617 2182 molestia
659 2127 936 2198 iugeratur
971 2134 1026 2182 et
1066 2126 1384 2182 sacerd0tali
1420 2127 1781 2184 mediocritati

192 2199 249 2253 in
285 2198 458 2254 sacris
491 2198 847 2253 conventibus
891 2198 1093 2254 tedium
1142 2204 1198 2251 et
1249 2199 1597 2267 opprobrium
1645 2198 1783 2254 infe-

193 2279 371 2324 ratur.

264 2340 394 2395 529.
431 2337 511 2411 De
542 2339 834 2411 episcopis,
877 2337 1149 2411 abbatibus
1184 2346 1235 2411 et
1272 2337 1649 2411 sacerdotibus,
1691 2339 1781 2411 qui

190 2411 410 2483 propria
447 2408 580 2483 loca
602 2408 921 2481 relinquunt.
967 2408 1340 2483 Conperimus,
1378 2410 1638 2478 quosdam
1670 2408 1784 2480 epi-

194 2480 394 2550 scopos
412 2488 467 2536 et
491 2480 715 2536 abbates
752 2480 913 2550 atque
938 2482 1247 2535 sacerdotes
1272 2495 1377 2533 non
1411 2495 1569 2535 causa
1596 2496 1783 2536 neces-

195 2552 376 2607 sitatis
405 2558 499 2605 aut
525 2550 808 2623 utilitatis,
833 2552 929 2607 sed
952 2551 1134 2623 potius
1158 2550 1420 2623 avaritiae
1449 2559 1505 2605 et
1531 2552 1783 2621 propriae

195 2621 595 2685 delectationis,
618 2622 931 2691 saepissime
953 2620 1171 2691 propria
1199 2620 1438 2676 civitatis
1491 2620 1781 2679 suae’sede

194 2694 279 2748 vel
305 2692 621 2763 monasterii
653 2701 805 2763 septa
835 2700 927 2747 aut
959 2692 1221 2763 ecclesiae
1249 2692 1499 2763 propriae
1522 2693 1781 2763 derelicta

194 2765 451 2834 cleroque
487 2760 731 2833 neglecto
772 2763 1065 2834 remotiora
1110 2762 1227 2819 loca
1275 2760 1643 2834 frequentare.
1678 2762 1782 2818 Pro

196 2850 305 2905 qua
340 2833 404 2889 re
432 2843 488 2890 et
526 2833 1013 2905 destitutio‘divini
1051 2834 1234 2889 cultus
1263 2841 1318 2888 et
1339 2833 1687 2905 praedicatio
1724 2835 1782 2889 in

237 2905 454 2960 lebibus
478 2913 531 2960 et
555 2920 685 2960 cura
715 2903 1079 2974 subiectorum
1106 2902 1448 2974 postponitur
1471 2914 1525 2959 et
1544 2904 1782 2974 hospita;

238 2920 454 2960 tempus
478 2920 531 2960 et
555 2920 685 2960 cura
715 2920 1079 2960 subiectorum
1106 2920 1448 2974 postponitur
1471 2920 1525 2959 et
1544 2920 1782 2974 nospita"

194 2920 675 3056 litasnegiegitur.
719 2974 877 3056 Quod
902 2990 971 3056 ne
1008 2973 1234 3056 ulterius
1256 2988 1609 3056 aquoquam
1663 2976 1782 3056 sine

206 3043 522 3117 inevitabili
540 3046 849 3117 necessitate
873 3053 965 3100 aut
989 3045 1169 3116 aliqua
1212 3043 1446 3100 utilitate
1470 3043 1617 3110 ‘ﬁat,
1662 3045 1781 3117 pari

212 3130 480 3170 consensu
509 3115 820 3172 inhibemus.

280 3185 405 3241 530.
446 3185 521 3239 De
556 3187 805 3241 laicorum
831 3185 1052 3242 clericis.
1099 3185 1179 3241 De
1234 3184 1446 3242 clericis
1495 3183 1777 3251 laicorum,

204 3255 351 3328 unde
379 3254 619 3328 nonnulli
649 3272 836 3328 eorum
868 3258 1054 3328 quaeri
1083 3257 1351 3328 videntur,
1392 3272 1457 3311 eo
1492 3258 1634 3328 quod
1662 3258 1782 3325 qui-

199 3326 324 3381 dam
349 3326 586 3396 episcopi
610 3327 678 3381 ad
700 3326 1102 3396 eorum‘preces
1127 3327 1301 3382 nolint
1320 3328 1373 3382 in
1401 3326 1645 3382 ecclesiis
1669 3328 1783 3383 suis

197 3410 314 3459 eos,
337 3412 461 3452 cum
489 3397 649 3453 utiles
679 3399 807 3464 sint,
832 3396 1103 3461 ordinare,
1146 3398 1322 3453 visum
1368 3398 1524 3452 nobis
1567 3396 1690 3466 fuit,
1724 3406 1784 3453 ut

197 3467 253 3521 in
285 3467 533 3537 utrisque
556 3468 803 3537 partibus
851 3483 955 3537 pax
1012 3477 1068 3523 et
1104 3468 1390 3524 concordia
1441 3478 1685 3523 servetur
1724 3480 1781 3524 et

198 3551 323 3610 cum
355 3538 591 3610 caritate
618 3539 918 3610 etratione
967 3538 1131 3610 utiles
1167 3548 1222 3593 et
1268 3538 1445 3610 idonei
1495 3538 1781 3610 eligantur.

199 3607 267 3679 Et
320 3608 368 3662 si
423 3608 593 3679 laicus
639 3607 890 3664 idoneum
928 3609 1225 3679 utilemque
1273 3609 1530 3664 clericum
1574 3607 1787 3679 optule-

197 3678 313 3742 rit,
377 3678 527 3733 nulla
585 3679 825 3748 qualibet
885 3678 1170 3737 occasione
1231 3679 1299 3734 ab
1352 3678 1627 3749 episcopo
1668 3681 1786 3735 sine

198 3756 351 3803 certa
420 3749 633 3805 ratione
698 3749 1005 3819 repellatur.
1065 3750 1134 3804 Et
1194 3751 1238 3805 si
1304 3749 1608 3805 reiciendus
1659 3760 1781 3818 est,

198 3826 426 3943 ιρι-(ἴυζε
452 3819 767 3875 seandalum
804 3821 1079 3876 vitandum
1110 3820 1344 3876 evidenti
1376 3820 1589 3877 ratione
1611 3821 1785 3875 mani-

221 3905 287 3943 es
312 3906 341 3943 e
408 3906 453 3943 r.
1288 3900 1293 3907 '

221 3898 453 3945 estetur.
517 3943 521 3946 ,
1288 3900 1293 3907 ’

272 3960 402 4032 551.
443 3960 524 4032 De
556 3960 825 4032 monachis
861 3969 910 4015 et
954 3960 1251 4032 presbiteris
1291 3962 1396 4015 sive
1438 3957 1670 4032 clericis,
1696 3960 1786 4032 qui

202 4031 407 4101 passim
436 4029 696 4100 palatium
741 4029 963 4101 adeunt.
1007 4030 1253 4097 Placuit,
1310 4040 1370 4085 ut
1424 4031 1675 4101 monachi
1708 4029 1787 4085 'et

204 4100 528 4171 presbiteri,
578 4114 785 4156 necnon
832 4100 1032 4165 clerici,
1068 4102 1159 4171 qui
1202 4100 1501 4171 postposita
1526 4101 1786 4156 canonica

205 4171 536 4226 auctoritate
559 4171 758 4242 passim
792 4172 1051 4242 palatium
1079 4173 1278 4227 adeunt
1310 4181 1363 4226 et
1388 4171 1586 4225 nostris
1617 4171 1787 4226 sacris

206 4242 434 4311 auribus
458 4241 954 4311 inportunissimam
985 4242 1287 4297 molestiam
1316 4242 1572 4305 inferunt,
1598 4249 1659 4295 ut
1678 4255 1786 4295 non

208 4313 316 4382 hoc
366 4310 546 4367 facere
590 4321 964 4382 praesumant;
1000 4313 1252 4382 quoniam
1306 4313 1361 4366 in
1419 4310 1786 4382 huiuscemodi

156 4404 165 4409 -
204 4381 354 4438 facto
401 4390 457 4438 et
505 4380 660 4452 vigor
699 4380 1098 4439 ecclesiasticus
1139 4381 1540 4452 contempnitur
1565 4392 1620 4437 et
1660 4380 1788 4452 reli-

203 4455 295 4524 gio
341 4450 692 4508 sacerdotalis
722 4460 777 4507 et
828 4454 1097 4524 professio
1128 4450 1428 4507 monastica
1482 4452 1640 4507 vilior
1672 4450 1787 4505 etii.

204 4526 370 4579 citur.

274 4593 407 4650 352.
448 4591 518 4665 Ut
541 4609 650 4665 non
681 4594 748 4648 sit
774 4594 1047 4665 sanguinis
1073 4593 1477 4665 christianorum
1504 4593 1784 4665 temeraria

202 4665 427 4734 eﬂ‘usio,
456 4663 717 4719 Volumus
744 4663 905 4734 atque
926 4664 1286 4733 praecipimus
1319 4672 1503 4718 nostra
1550 4663 1785 4734 auctori-

204 4743 323 4789 tate
367 4733 675 4789 aduuntiari
711 4733 990 4798 omnibus,
1045 4735 1209 4788 immo
1270 4742 1327 4788 et
1356 4749 1388 4787 a
1416 4733 1785 4789 sacerdotibus

202 4804 536 4873 praedicari,
556 4818 625 4859 ne
639 4810 746 4858 tam
777 4805 1025 4859 temerari
1036 4822 1061 4857 -λ
1076 4804 1493 4859 christianorum
1509 4803 1786 4873 sanguinis

204 4872 403 4930 clfusio
431 4875 485 4929 in
514 4888 677 4944 regno
700 4885 886 4929 nostro
915 4876 934 4905 ’
973 4876 1087 4929 lieri
1144 4874 1372 4939 sinatur,
1419 4885 1632 4944 semper
1656 4872 1785 4944 illud

203 4943 747 5013 adtendentes,quod
783 4944 1041 5000 Dominus
1071 4953 1192 5014 post
1231 4944 1492 4998 diluvium
1527 4943 1666 4997 dixit
1706 4943 1787 4997 fa-

206 5015 358 5070 mulo
380 5031 479 5070 suo
504 5014 617 5070 Noe
642 5029 657 5068 :
682 5013 759 5069 De
787 5032 949 5069 manu
972 5013 1198 5068 hominis
1231 5024 1277 5067 et
1304 5014 1370 5068 de
1396 5030 1557 5068 manu
1591 5014 1686 5067 viri
1737 5021 1786 5066 et

204 5087 395 5156 fratris
421 5086 534 5140 eius
559 5087 817 5155 requiram
843 5085 1075 5156 animam
1101 5086 1233 5156 eius.
1285 5083 1611 5156 Quicumque
1634 5154 1641 5156 _
1655 5084 1791 5156 emt-

204 5150 347 5238 iierit
377 5150 666 5238 humanum
699 5155 1061 5238 sanguinem,_
1085 5154 1336 5238 fundeiur
1369 5150 1583 5238 san-guis
1625 5150 1788 5238 illius.

205 5222 817 5307 ﬁdjmaginemlquippe'
836 5224 932 5278 Dei
958 5222 1127 5307 factus
1156 5235 1230 5307 esi
1252 5222 1522 5307 Itomo':_Et
1548 5224 1600 5277 in
1617 5222 1749 5307 lege
1775 5237 1791 5276 :

209 5294 317 5364 Qui
342 5294 587 5364 occiderit
600 5294 878 5361 hominem,
903 5304 1066 5349 morte
1091 5297 1368 5349 moriatur.
1389 5294 1460 5350 Et
1479 5294 1753 5364 apostolus
1777 5307 1793 5347 :

210 5358 358 5437 13am
382 5358 641 5437 principes
663 5380 767 5437 non
792 5358 911 5419 sunt
940 5365 1117 5418 timori
1148 5364 1267 5437 boni
1296 5366 1484 5437 aperis,
1511 5358 1610 5418 sed
1640 5363 1785 5437 mali.

221 5433 312 5488 Vis
328 5433 516 5504 autem
538 5433 642 5489 non
661 5435 840 5504 timere
854 5443 1154 5504 potestatem
1168 5435 1193 5487 ἵ
1215 5433 1421 5488 Bonum
1444 5434 1549 5503 fac,
1564 5445 1612 5488 et
1629 5435 1792 5488 habe-

207 5504 289 5559 bis
316 5502 532 5560 laudem
557 5520 623 5559 ex
645 5502 772 5569 illa;
799 5502 895 5558 Dei
920 5505 1058 5559 enim
1078 5504 1315 5559 minister
1335 5514 1409 5558 est
1437 5502 1531 5558 tibi
1552 5506 1609 5558 in
1633 5506 1787 5558 bono.

1889 506 2249 580 diumportat.
2283 506 2381 580 Dei
2410 510 2548 580 enim
2565 509 2817 580 minister
2853 521 2927 565 est
2959 511 2998 575 ³,
3040 513 3228 570 vindex
3253 519 3309 573 in
3330 506 3469 580 iram

1886 577 1936 659 ei
1959 575 2268 659 qui'malum
2293 578 2523 659 qgjtzpe
2543 578 2633 659 ilio
2652 580 2796 659 enim
2811 582 3316 659 specialitcrdivina
3340 575 3458 651 aui;

1886 646 2077 702 toritas
2106 647 2233 719 dicit
2256 666 2269 702 :
2298 646 2546 703 Gladium
2569 648 2666 704 Dei
2686 646 2859 719 portat
2889 652 2960 706 ad
2988 654 3270 713 vindictam
3298 646 3465 719 malo-

1887 668 2077 702 soritas
2106 668 2233 703 arcu
2256 668 2269 702 :
2298 668 2546 703 utaaium
2569 668 2664 704 uer
2721 668 2859 705 ortat
2889 668 2957 706 aa
2988 668 3270 713 vindictam
3298 668 3463 719 malo-

1887 733 2026 783 rum,
2051 731 2159 773 non
2181 718 2247 801 de
2266 719 2644 801 quolibetalio.
2669 668 3005 801 Igcontrario
3020 738 3152 780 vero
3168 730 3463 801 nescimus,

1886 802 1992 872 qua
2012 789 2299 872 pernoxia“
2321 788 2628 872 inventione
2648 806 2679 845 a
2701 791 2975 872 nonnuliis
3005 807 3322 872 usurpatum
3358 788 3461 872 est,

1884 867 1946 913 ut
1971 858 2048 922 hi,
2071 859 2166 939 qui
2189 858 2337 939 nuiio
2351 860 2648 939 ministerio
2667 860 2881 939 publico
2898 858 3213 939 fulciuntur,
3238 858 3463 939 propter

1884 942 1982 1005 sua
2019 928 2142 1005 odia
2167 937 2227 1005 et
2250 929 2644 1005 diversissimas
2665 928 2986 1005 :voluntates
3014 928 3280 1005 pessimis
3309 928 3464 999 ίᾶδᾷζ

1882 998 2055 1086 bitum
2078 1000 2181 1086 sibi
2209 1008 2470 1086 usurpeiit
2488 1001 2543 1054 in
2556 1000 2906 1086 vindicandis.
2937 998 3201 1086 proximis
3225 1010 3358 1067 etin
3382 998 3466 1069 in-

1881 1067 2208 1153 terﬁcicndis
2223 1067 2537 1153 hominibus
2550 1067 3222 1153 vindictae‘min'isterium;
3250 1091 3306 1137 et
3321 1067 3466 1153 quod

1882 1152 1977 1193 rex
2005 1139 2196 1218 saltem
2222 1140 2277 1195 in
2309 1156 2416 1218 uno
2448 1155 2707 1218 esercere
2754 1139 3260 1218 debueratpropter
3289 1139 3465 1210 te'n-o:

1883 1224 1999 1301 {9'9
2012 1210 2335 1301 Επεηοτιξιην
2361 1211 2465 1301 ipsi
2484 1211 2827 1301 imevdemet
2849 1213 2904 1268 ίη
2924 1210 3465 1301 ξηυηίεξξρρενρειηπο

1882 1294 1989 1353 non
2012 1289 2260 1353 metuunt
2279 1289 2503 1353 propter
2531 1282 2711 1338 odium
2730 1322 2746 1348 ,
2774 1291 2829 1353 et
2848 1291 3039 1353 putant
3068 1282 3167 1344 sibi
3200 1282 3362 1348 licere
3390 1282 3460 1351 ob

1882 1349 2300 1424 inimicitiarum
2333 1349 2615 1424 vindictas,
2665 1352 2809 1424 quod
2833 1349 3025 1410 nolunt
3067 1367 3129 1413 ut
3171 1375 3267 1416 rex
3295 1349 3463 1422 faciat

1879 1428 2101 1491 propter
2121 1422 2217 1477 Dei
2253 1422 2567 1477 vindictam.

2119 1492 2195 1569 _De
2232 1492 2505 1569 abbatibus
2566 1492 2836 1569 canonicis
2870 1502 2920 1548 et
2973 1498 3321 1569 regularibus,
3382 1505 3465 1561 vel

1880 1561 2176 1641 abbatissis.
2239 1561 2564 1641 Abbatibus_
2595 1564 2869 1641 canonicis
2923 1574 2978 1621 et
3032 1561 3371 1641 regularibus
3409 1585 3468 1632 et

1881 1631 2187 1711 abbatissis,
2224 1648 2363 1711 quae
2394 1634 2895 1711 sanctimoniaiibus
2914 1631 3166 1711 praeesse
3190 1631 3461 1711 videntur,

1883 1702 1996 1789 sive
2024 1703 2198 1789 laicis,
2222 1702 2668 1788 quimonasteria
2694 1702 2935 1789 habenf,’
2951 1710 3173 1789 omnino
3196 1702 3464 1789 praecipi:-

1884 1788 2024 1847 mus,
2053 1782 2116 1828 ut
2144 1776 2210 1830 de
2233 1774 2364 1847 ipsis
2387 1790 2637 1847 magnam
2665 1791 2851 1832 curam
2879 1778 3133 1846 habeant,
3157 1774 3213 1837 ei
3235 1774 3469 1846 caeteris

1881 1843 2083 1899 bonum
2106 1843 2413 1915 exemplum
2427 1843 2741 1921 praebeant,
2759 1848 3100 1921 et_religiose,
3121 1843 3267 1908 sicut
3288 1843 3462 1921 decet,

1881 1923 2290 1991 conversentur,
2326 1925 2382 1972 et
2405 1918 2549 1991 quod
2588 1917 3010 1991 uniuscuiusque
3036 1920 3362 1991 professioni
3387 1917 3469 1984 in;

1880 1986 2206 2063 conveniens
2262 1995 2346 2043 est
2397 1995 2451 2042 et
2476 1987 2538 2063 _iu
2565 1988 2734 2063 sacris
2792 1986 3091 2063 canohibus
3119 1995 3463 2063 prohibetur,

1882 2056 2107 2137 omnino
2122 2064 2366 2122 caveant,
2401 2065 2456 2112 et
2476 2056 2592 2113 loca
2617 2058 2720 2137 sibi
2747 2073 2782 2137 a_
2804 2060 2959 2115 nobis
2980 2056 3202 2137 propier
3224 2056 3463 2137 aliquam

1880 2128 2261 2207 necessitatem
2302 2127 2848 2207 concessa_deperire
2893 2140 2948 2186 et
2981 2127 3188 2207 desimi
3244 2127 3467 2207 propter

1881 2196 2272 2271 neglegentiam
2301 2196 2754 2271 nondimittant,
2789 2209 2844 2254 et
2873 2196 3462 2271 congregationes'sibi

1880 2267 2200 2345 commissas
2222 2269 2335 2324 sive
2358 2269 2676 2345 spiritaliter
2696 2270 2813 2325 sive
2837 2267 3207 2345 temporaliter
3232 2284 3462 2345 paterno

1880 2335 2076 2393 ali’ectn
2089 2335 2597 2411 gubernare—eisque
2608 2335 3206 2411 necessariastipendia
3232 2335 3463 2403 admini-

1881 2417 2058 2484 sirare
2084 2425 2191 2484 non
2218 2409 2526 2484 neglegant,
2546 2426 2616 2466 ne
2650 2409 2787 2484 forte
2820 2409 3040 2482 pr0ptei'
3082 2414 3317 2484 aliquam
3348 2418 3466 2475 ino-

1879 2478 2023 2559 piam
2051 2487 2105 2537 et
2129 2478 2312 2559 divina
2338 2478 2526 2559 .o'tlicia
2555 2478 2936 2559 neglegantur:
2959 2490 3014 2536 et
3048 2478 3198 2559 ipsae
3233 2501 3461 2559 congre‘

1880 2549 2126 2617 gationes
2139 2550 2504 2626 inrcligiosius
2516 2549 2700 2626 vivere
2720 2549 3111 2626 conpellantur.
3128 2554 3198 2611 Et
3220 2559 3310 2626 qui
3328 2549 3465 2616 Haec

1881 2634 2044 2698 agere
2068 2620 2425 2698 neglexerint,
2454 2622 2628 2678 sciant
2650 2636 2708 2677 se
2723 2637 2788 2676 ea
2805 2620 2912 2678 illis
2932 2622 3148 2680 auferre
3170 2620 3465 2698 et'religio-

1882 2689 2119 2746 si‘oribus
2139 2689 2288 2746 dare.
3243 2717 3246 2721 ν

1952 2761 2078 2839 ᾕόὁ.
2096 2760 2191 2839 _Ut
2213 2760 2657 2839 capellae_a_bsqu_e
2683 2762 2830 2839 iussu
2862 2762 2968 2817 sive
2989 2764 3245 2839 permissu
3267 2768 3467 2839 proprii

1881 2832 2108 2907 episcopi
2146 2847 2252 2907 non
2271 2832 2422 2907 fiant.
2446 2832 2662 2907 Placuit
2679 2833 2854 2896 nobis,
2876 2842 2969 2907 _ut,
2990 2832 3140 2907 'sicut
3166 2837 3234 2890 ab
3256 2832 3466 2907 episco-

1880 2901 1966 3023 pis
2010 2901 2067 2956 et
2114 2902 2337 2971 reliquis
2376 2904 2751 2958 sacerdotibus
2784 2917 2849 2959 ac
2876 2903 2971 2958 Dei
3000 2905 3172 2963 servis
3202 2901 3464 2964 admoniti

1908 2972 2115 3023 nimus.
2158 2987 2261 3023 nec
2294 2974 2532 3023 capellae
2561 2974 2618 3023 in
2645 2973 2843 3023 nal'atio
2872 2984 3060 3023 nostro
3094 2976 3176 3023 vel
3216 2977 3382 3023 aliubi
3420 2979 3462 3023 ι,

1908 2972 2115 3046 “nimus,
2158 2987 2261 3046 nec
2294 2974 2532 3046 capellae
2561 2974 2618 3029 in
2645 2973 2847 3046 palatio
2871 2984 3060 3046 nostro
3094 2976 3176 3031 vel
3216 2977 3385 3033 aliubi
3420 2979 3465 3046 -‘,

1883 3042 2001 3114 sine
2022 3043 2288 3114 permissu
2323 3042 2407 3097 vel
2446 3044 2594 3098 iussu
2616 3042 2872 3114 episcopi,
2907 3044 2963 3098 in
2987 3046 3142 3100 cuius
3176 3055 3260 3101 est
3279 3042 3470 3114 parm-'-

1885 3111 2007 3166 chia
2025 3111 2181 3167 ﬁant.
2219 3113 2287 3183 Et
2312 3121 2373 3168 ut
2401 3128 2590 3169 omnes
2614 3111 2711 3183 per
2735 3111 2852 3170 dies
2878 3114 3181 3171 dominicos
3203 3111 3296 3172 vel
3314 3117 3469 3174 festi-

1886 3182 2418 3257 vitates_praeclaras
2452 3182 2629 3239 sacra’
2653 3184 2980 3240 eucharistia
3019 3187 3463 3257 communicent,

1886 3198 2083 3238 vitates
2110 3198 2418 3309 praeclaras
2452 3198 2607 3239 sacra
2653 3198 2980 3240 eucnansua
3030 3198 3463 3257 communicent,

1885 3252 1988 3308 nisi
2015 3253 2108 3337 qui
2149 3270 2216 3338 us
2234 3254 2507 3338 abstinere
2522 3264 2869 3338 praeceptum
2888 3263 2992 3309 est.
3017 3255 3470 3338 Etutobservatio

1885 3324 2131 3380 omnium
2165 3325 2376 3397 dierum
2398 3324 2792 3397 dominicortitn
2815 3340 2846 3379 a
2866 3339 3028 3397 mane
3054 3341 3224 3397 usque
3254 3331 3322 3385 ad
3348 3345 3470 3385 ves-

1884 3407 2072 3519 Eccam
2094 3396 2390 3451 secundum
2409 3396 2725 3452 canonicam
2747 3395 3125 3452 auctoritatem
3137 3395 3470 3457 abomnibus

1926 3480 1956 3518 a
1988 3503 2003 3518 .

1926 3473 2003 3519 at.

1954 3534 2099 3609 535.Δ
2120 3533 2191 3590 Ut
2227 3551 2424 3609 omnes,
2463 3536 2554 3608 qui
2590 3535 2646 3609 in
2669 3534 2775 3609 ﬁde
2800 3535 3057 3609 catholica
3078 3539 3302 3609 suspecti
3325 3549 3467 3609 sunt,

1883 3603 1942 3682 in
1976 3606 2278 3682 gestimonio
2299 3603 2568 3682 _humano_
2601 3603 2748 3682 dubii
2790 3607 3101 3682 habeantur.
3141 3603 3340 3682 omnes
3377 3603 3470 3682 qui

1886 3673 1942 3728 in
1968 3675 2073 3747 lide
2111 3676 2314 3731 Christi
2344 3678 2428 3731 vel
2462 3677 2728 3733 catholica
2764 3679 3001 3747 suspecti
3029 3688 3186 3744 sunt,
3226 3680 3281 3735 in
3311 3673 3466 3737 tesli-

1885 3746 2070 3801 monio
2131 3747 2370 3802 humano
2428 3747 2608 3824 dubii_
2636 3746 2959 3824 habeantur.
2990 3748 3296 3824 Alntirmari
3340 3767 3471 3824 ergo

1884 3824 2100 3886 Oportet
2122 3831 2308 3871 eorum
2335 3817 2724 3883 testimonium,
2758 3818 2850 3887 qui
2887 3818 2941 3872 in
2982 3817 3087 3874 ﬁde
3114 3818 3234 3875 falsi
3265 3817 3467 3878 docen-

1885 3893 2004 3968 tur;
2045 3900 2149 3968 nec
2192 3888 2273 3941 eis
2323 3901 2445 3943 esse
2497 3888 2855 3954 credendum,
2912 3888 3005 3957 qui
3030 3890 3275 3945 veritatis
3304 3891 3471 3948 ﬁdem

1884 3966 2160 4024 ignorant.

1954 4024 2078 4098 3.56.
2116 4025 2187 4081 Ut
2211 4027 2392 4098 siquis
2412 4026 2679 4098 ministros
2707 4024 2960 4098 ecclesiae
2982 4026 3329 4094 iniuriaverit,
3370 4031 3470 4086 hoc

1885 4095 2160 4167 tripliciter
2183 4095 2460 4166 conponat.
2504 4096 2562 4151 Si
2585 4096 2707 4167 quis
2760 4095 3039 4167 ministros
3088 4098 3368 4163 ecclesiae,
3413 4102 3470 4157 id

1884 4165 1985 4237 est
2007 4165 2415 4237 subdiaconum,
2443 4165 2722 4231 lectorem,
2770 4165 3115 4230 exorcistam,
3150 4169 3465 4237 acolithum,

1884 4236 2165 4317 ostiarium
2196 4236 2539 4317 iniuriaverit
2553 4244 2648 4291 aut
2677 4237 3009 4317 percusserit
3033 4237 3118 4292 vel
3142 4236 3466 4311 plagaverit,

1886 4315 2153 4381 conponat
2198 4306 2310 4381 hoc
2324 4306 2629 4381 tripliciter,
2655 4304 2796 4362 sirm
2824 4304 2999 4381 solent
3028 4304 3332 4378 conponEre
3374 4304 3472 4381 pa}

1887 4387 2072 4453 rentes
2099 4377 2237 4453 eius.
2277 4376 2498 4453 Diaconi
2522 4391 2672 4442 vero,
2701 4377 3016 4453 presbiteri
3045 4376 3207 4453 atque
3232 4376 3462 4453 episcopi

1890 4447 2086 4530 iniuria
2116 4447 2173 4530 in
2196 4448 2554 4530 quadruplum
2590 4456 2945 4530 conponetur.
2981 4447 3329 4530 Reliquorum
3374 4447 3468 4509 aa.

1813 4509 1867 4569 D
1891 4527 1999 4572 tem
2023 4509 2342 4591 clerico-rum
2384 4509 2578 4574 iniuria
2625 4509 2961 4591 conponatur
3004 4509 3146 4575 sicui
3185 4531 3470 4591 parentum

1889 4603 2097 4663 eorum.
2118 4588 2511 4663 Monachorum
2531 4594 2766 4663 quoque,
2793 4588 2884 4659 qui
2907 4588 3202 4645 secundum
3229 4594 3473 4663 regulam

1890 4658 1990 4713 in"
2013 4659 2341 4741 monasterio
2372 4658 2577 4741 vivunt,
2604 4658 3164 4741 iniuriajconpo-natur
3178 4658 3471 4741 secundum

1891 4728 2257 4801 genealogiam
2283 4744 2454 4801 suam,
2482 4739 2543 4785 ut
2563 4729 2865 4786 reverentia
2887 4728 2961 4785 sit
2984 4730 3095 4783 Deo
3116 4737 3171 4785 et
3210 4731 3471 4788 ecclesiae

1893 4800 1947 4855 et
1970 4814 2076 4870 pax
2102 4801 2201 4870 eis,
2226 4800 2319 4870 qui
2345 4800 2421 4855 illi
2443 4801 2772 4856 deserviunt.
3040 4816 3057 4829 ·
3400 4854 3401 4857 η

2036 4870 2087 4922 7.
2106 4940 2109 4941 ν
2128 4868 2197 4923 Ut
2221 4868 2268 4924 si
2290 4871 2407 4941 quis
2445 4880 2735 4941 contumax
2765 4870 3102 4941 reveremiam
3132 4870 3474 4926 ecclesiarum

1895 4955 1997 4993 non
2021 4940 2194 5011 habet,
2222 4938 2419 4995 solidos
2441 4938 2547 4994 500
2573 4949 2853 5011 conponat.
2895 4940 2953 4995 Si
2990 4942 3113 5011 quis
3151 4942 3311 4996 homo
3337 4956 3473 4996 con-

1896 5018 2085 5081 tumax
2106 5010 2193 5064 vel
2236 5012 2499 5081 superbus
2524 5010 2785 5081 timorem,
2829 5010 2925 5065 Dei
2970 5010 3054 5066 vel
3112 5013 3472 5067 reverentiam

1892 5079 2241 5151 ecclesiarum
2266 5079 2374 5135 non
2396 5080 2666 5151 habuerit,
2682 5089 2737 5135 et
2762 5080 3057 5151 fugientem
3081 5097 3296 5137 servum
3317 5097 3473 5143 suum

1893 5150 1978 5222 vel
2007 5164 2169 5222 quem
2199 5149 2220 5181 ⁶
2246 5159 2563 5222 persecutus
2597 5148 2765 5222 fuerit
2792 5148 2860 5207 de
2896 5150 3125 5207 ecclesia
3150 5152 3234 5207 vel
3264 5153 3329 5207 de
3349 5167 3475 5222 por-

1897 5221 2009 5276 ticu
2032 5219 2169 5286 eius
2214 5219 2312 5291 per
2338 5221 2445 5276 vim
2472 5221 2826 5287 abstraxerit,
2858 5231 2914 5276 et
2939 5222 3049 5276 Deo
3080 5219 3475 5279 honorem—non

1899 5290 2147 5364 dederit,
2165 5290 2433 5364 conponat
2457 5294 2523 5347 ad
2561 5292 2731 5361 ipsam
2769 5291 3191 5364 ecclesiamgpro
3230 5294 3477 5364 neglecto

1893 5377 1990 5418 suo
2016 5361 2215 5417 solidos
2236 5363 2577 5433 quingentos,
2604 5372 2657 5433 et
2677 5377 2776 5431 pro
2799 5362 2950 5418 fredo
2971 5364 3039 5417 ad
3057 5361 3244 5419 iiscum
3277 5361 3476 5419 solidos

1895 5433 2173 5488 ducentos.
2206 5433 2322 5502 Ipse
2345 5432 2470 5487 vero
2504 5432 2718 5502 publica
2766 5433 3096 5502 poenitentia
3150 5434 3298 5489 iuxta
3338 5435 3477 5490 iudi-

1894 5504 2038 5559 cium
2063 5503 2302 5573 episcopi
2324 5503 2598 5567 multetur,
2618 5511 2679 5557 ut
2695 5503 2766 5558 sit
2789 5504 2963 5560 honor
2979 5503 3075 5560 Dei
3095 5512 3150 5559 et
3172 5506 3476 5562 reverentia

1434 5615 1844 5675 VARIANTES'
1858 5614 2259 5673 LECTIONES.

289 5723 319 5783 ⁸.
351 5722 1017 5797 necessariumﬁuximus
1049 5724 1171 5797 Bal.
1242 5726 1264 5757 ⁸
1297 5723 1661 5797 caelorumAG.
1697 5795 1711 5797 _
1736 5725 1757 5757 ³
1785 5726 1929 5797 deest
1965 5723 2032 5780 G.
2105 5726 2129 5757 ⁸
2162 5740 2214 5780 a.
2252 5726 2456 5797 absque
2481 5725 2573 5782 illa
2596 5736 2783 5783 nostra
2811 5726 2931 5782 Bal.
2979 5730 3034 5783 in
3062 5728 3128 5784 ϐ.
3171 5730 3301 5788 haec
3325 5734 3475 5792 verba

193 5802 482 5877 ,πραηεεα
511 5803 654 5849 sunt.
731 5794 924 5850 [deest
950 5795 1017 5851 ϐ.

619 5885 892 5951 ΡΑτιοι..
928 5885 1185 5953 XCVII.

1114 5796 1136 5828 ⁶
1159 5796 1458 5867 quemlibet
1481 5810 1534 5868 p.
1560 5794 1600 5851 ῐ.
1630 5795 1716 5852 vel
1742 5797 1808 5853 de
1828 5795 1952 5853 Bal.

2809 5890 2888 5960 2b
