3974 6340
478 425 583 488 731

1364 413 1426 474 Β.
1467 415 1714 476 CAROLI
1756 414 1972 475 MAGNI
2007 411 2161 474 OPP.
2200 414 2380 472 PARS
2415 416 2458 474 1.
2499 411 2742 474 SECTIO
2777 415 2846 483 Li

3669 415 3787 475 752

478 549 650 607 dicit:
684 560 704 595 ι
740 535 1142 607 Monasterium
1166 539 1348 588 autem
1390 533 1465 586 ita
1506 533 1666 607 debet
1707 531 1980 596 constitui,
2007 537 2069 586 ut
2095 535 2146 594 Α
2170 532 2456 607 custodum
2480 530 2738 599 sulliciat;
2769 539 2825 587 et
2843 531 2986 588 facta
3007 530 3299 590 donatione
3320 531 3402 588 sic
3431 531 3666 588 domum
3691 547 3788 590 ae-

466 604 662 678 omnia
711 607 1018 668 necessaria
1059 604 1199 660 infra
1256 604 1643 678 monasterium
1685 611 2062 678 exerceantur,

475 674 546 746 uti
576 703 684 743 non
717 687 788 739 sit
821 678 1118 735 necessitas
1154 675 1434 731 monachis
1465 674 1550 730 vel
1590 675 1804 730 clericis
1838 674 2067 746 vagandi

475 763 652 827 foras,
683 755 807 827 quia
825 750 1061 827 omnino
1085 762 1192 801 non
1224 747 1439 816 expedit
1471 746 1755 800 animabus
1783 759 1992 827 eorum:
2042 763 2062 798 ι

547 816 673 885 37‘.
700 816 790 879 'De
815 819 1170 890 hospitalitate
1205 827 1252 872 et
1279 833 1406 871 cura
1435 832 1742 890 pauperum.
1762 816 1854 890 _Ut
1877 817 1944 871 de
1972 816 2069 870 ho-

476 899 769 972 spitalitate
801 900 856 947 et
886 887 1016 972 cura
1049 902 1346 972 pauperum
1385 887 1656 972 memores
1688 887 1824 972 sitis,
1852 894 1907 942 et
1938 900 2068 972 pro:

475 957 599 1042 p'ter
621 967 764 1042 quod
795 979 882 1019 res
905 957 1304 1042 ecclesiasticae
1341 973 1373 1012 a
1407 958 1656 1042 ﬁdelibus
1680 957 1893 1042 oblatae
1918 957 2070 1042 et‘ab

476 1028 707 1097 Ecclesia
746 1028 1001 1102 receptae
1015 1031 1143 1085 sint.
1174 1031 1340 1102 Eteo
1372 1029 1531 1084 modo
1553 1029 1681 1102 illas
1709 1028 2066 1102 distribuatis,

476 1120 537 1166 ut
569 1113 639 1166 ab
669 1109 790 1173 illo,
824 1099 911 1160 cui
951 1103 1018 1157 de
1049 1103 1135 1157 his
1168 1099 1734 1173 rationerp__reddituri
1766 1099 1935 1173 estis,
1963 1112 2072 1152 non

479 1155 910 1239 damna-tionem,
933 1155 1027 1230 sed
1051 1155 1260 1227 aeterni
1287 1155 1464 1242 gaudii
1493 1169 1799 1224 mercedem
1824 1155 2071 1238 accipere

477 1266 821 1307 mereamlm.

553 1321 681 1377 375.
721 1319 792 1374 Ut
819 1315 1143 1372 adiutorium
1179 1329 1212 1367 a
1233 1328 1352 1384 rege
1379 1309 1698 1384 inpendatur
1717 1309 1820 1375 his,
1851 1309 1942 1381 qui
1969 1310 2071 1384 mi-

479 1393 752 1447 nisterium
772 1386 1179 1444 ecclesiasticum
1200 1381 1502 1452 adimplent.
1531 1381 1789 1436 Volumus
1815 1396 1910 1435 vos
1935 1381 2075 1452 scire

478 1463 812 1519 voluntatem
853 1466 1114 1518 nostram,
1139 1455 1282 1523 quod
1309 1451 1406 1508 nes
1434 1452 1609 1523 parati
1641 1467 1830 1523 sumus
1851 1466 1948 1523 vos
1975 1451 2074 1505 ad-

482 1534 687 1598 iuvare,
727 1522 1321 1598 ubicumquegnecesse
1354 1522 1456 1598 est,
1501 1530 1558 1578 ut
1597 1522 1958 1598 ministerium
1990 1535 2080 1574 ve-

482 1614 655 1658 strum
675 1593 982 1668 adimplere
995 1596 1240 1668 valeatis.
1267 1593 1548 1663 Simulque
1576 1607 1673 1648 vos
1690 1593 2074 1668 admonemus,

483 1682 543 1728 ut
586 1662 1218 1742 propterfhumilitatem
1268 1662 1521 1742 nostrain
1560 1670 1615 1742 e_t
1657 1662 2076 1742 oboedientiam,

483 1733 908 1814 qua'miinonitis
950 1738 1144 1814 vestris
1183 1743 1404 1814 propter
1431 1735 1527 1788 Dei
1565 1735 1816 1788 timorem
1855 1733 2080 1814 exhibe—

483 1803 625 1876 mus,
664 1813 924 1867 honorem
971 1809 1124 1864 nobis
1162 1803 1201 1862 εἰ
1221 1803 1330 1861 Deo
1365 1819 1685 1860 concessum
1723 1803 2076 1876 conservetis,

483 1872 626 1941 sicut
661 1890 1034 1937 antecessores
1071 1878 1237 1933 vestri
1283 1877 1485 1931 nostris
1528 1875 1961 1930 antecessoribus
2001 1872 2078 1929 fe—
2109 1899 2160 1960 Β

489 1962 703 2011 cerunt.

557 2026 682 2080 376.
711 2021 782 2077 Ut
811 2020 987 2077 nullus
1009 2021 1280 2090 episcopus
1308 2016 1385 2072 vel
1410 2016 1569 2070 abbas
1579 2031 1689 2142 (per
1710 2015 1947 2087 praemia
1973 2015 2084 2070 suis

560 2095 786 2142 minibus
805 2091 1054 2142 beneﬁcia
1073 2090 1158 2142 det
1182 2089 1256 2142 vel
1279 2088 1509 2142 auferat.
1530 2087 1576 2140 A
1617 2102 1899 2142 monemus
1918 2087 2084 2141 etiam

486 2095 786 2150 hominibus
805 2087 1054 2160 beneﬁcia
1073 2090 1158 2144 det
1182 2087 1256 2143 uel
1279 2088 1509 2158 auferat.
1530 2087 1899 2160 Admonemus
1912 2087 2084 2160 etiam

485 2168 770 2236 episcopos
792 2170 847 2218 et
872 2157 1118 2236 abbates,
1149 2167 1208 2213 ut
1228 2173 1326 2228 per
1350 2157 1593 2236 praemia
1616 2157 1878 2236 beneﬁcia
1910 2158 2086 2212 homi-

487 2228 646 2292 nibus
672 2228 785 2290 suis
813 2248 913 2288 nec
943 2231 1194 2286 aul‘erant
1221 2245 1322 2284 nec
1345 2228 1566 2292 donent,
1604 2228 1731 2297 quia
1759 2228 1961 2283 multae
1991 2243 2080 2282 re-

486 2307 841 2364 clamationes
879 2312 934 2358 et
977 2299 1263 2362 nuaerelae
1315 2301 1380 2354 de
1424 2299 1527 2354 hac
1568 2313 1732 2354 causa
1775 2299 1842 2354 ad
1870 2306 2084 2354 nostras

488 2393 652 2432 aures
679 2377 856 2431 solent
879 2373 1184 2443 pervenire.

559 2448 686 2504 377.
739 2445 808 2500 Ut
837 2439 1128 2499 consiliarii
1178 2441 1311 2512 regis
1358 2457 1550 2512 munus
1586 2456 1691 2512 non
1725 2439 2085 2512 accipiantﬂob

485 2519 796 2588 beneﬁcium
835 2515 955 2568 aliis
1003 2510 1410 2588 impetrandum.
1458 2510 1822 2588 Utnullusde
1843 2511 2090 2588 consilia-

488 2590 586 2643 riis
613 2582 813 2643 nostris
837 2591 1057 2654 propter
1078 2582 1404 2654 beneﬁcium
1431 2582 1655 2637 cuilibet
1680 2596 1711 2654 a
1737 2582 2088 2654 nobisuimpe-

489 2659 746 2712 trandum
773 2650 998 2710 munera
1028 2653 1274 2722 accipiat,
1317 2652 1445 2723 quia
1483 2667 1584 2706 nos
1618 2650 1868 2706 volumus
1897 2651 1971 2705 illi
2000 2653 2087 2707 be-

486 2729 744 2783 neﬁcium
769 2727 916 2789 dare,
942 2725 1036 2794 qui
1071 2724 1225 2794 nobis
1249 2724 1384 2777 bene
1410 2723 1680 2794 servierit.

558 2798 687 2853 378.
731 2795 801 2850 Ut
827 2791 1066 2855 clericus,
1097 2791 1172 2848 vel
1203 2794 1511 2858 monachus,
1546 2791 1622 2846 vel
1647 2792 2082 2859 sanctimonialis,

487 2886 595 2924 non
619 2875 894 2922 accusetur
923 2865 990 2918 ad
1020 2863 1274 2918 iudicium
1298 2863 1463 2918 civile.
1511 2863 1678 2918 Nemo
1715 2865 1909 2918 audeat
1937 2865 2092 2918 cleri-

487 2955 615 2996 cum
639 2947 733 2992 aut
759 2937 1084 2991 monachum
1117 2936 1199 2988 vel
1224 2935 1694 2990 sanctimonialem
1727 2933 1983 2988 feminam
2020 2934 2089 2990 ad

489 3009 647 3066 civile
682 3009 939 3063 iudicium
972 3021 1249 3069 accusare,
1289 3003 1380 3060 sed
1419 3005 1486 3060 ad
1521 3007 1852 3074 episcopum.
1882 3005 1949 3059 Et
1977 3006 2090 3075 ipse

487 3095 558 3136 ex
594 3081 710 3152 lege
744 3079 826 3134 vel
861 3078 1162 3152 canonibus
1191 3084 1614 3152 consentaneam
1649 3085 1720 3152 etA
1742 3077 2093 3152 iustamﬂsen-

489 3147 716 3206 tentiam
752 3149 1009 3221 proferat.
1064 3148 1210 3203 Haec
1247 3147 1726 3221 omnesepiscopj
1765 3147 2089 3221 custodiant,

489 3231 545 3278 et
577 3218 768 3277 omnes
789 3220 974 3275 ﬁdeles
1003 3227 1222 3275 sanctae
1246 3219 1339 3274 Dei
1367 3218 1648 3275 ecclesiae.
1688 3219 1754 3272 Et
1777 3219 1947 3273 nostri
1973 3235 2093 3288 pro-

488 3293 793 3349 vinciarum
818 3293 1096 3360 praesides
1124 3299 1418 3358 procurent
1449 3305 1897 3360 quorumeunque
1924 3289 2086 3345 cleri-

492 3379 680 3419 corum
709 3362 792 3417 vel
821 3359 1209 3417 monachorum
1243 3368 1298 3414 et
1327 3359 1817 3414 sanctimonialium
1859 3359 1981 3414 lites
2009 3362 2090 3416 di-

489 3436 711 3489 rimere.
764 3433 821 3487 Si
863 3433 986 3500 quis
1029 3433 1172 3486 hanc
1213 3431 1651 3485 constitutionem
1705 3431 1991 3484 violaverit
2033 3433 2088 3487 in

493 3506 820 3587 magistratu
839 3503 1068 3587 positus,
1096 3501 1575 3587 decetnOIibrarum
1609 3501 1730 3587 auri
1752 3515 1924 3582 poena
1953 3503 2091 3556 mul-

493 3572 732 3640 tabitur;
774 3573 819 3628 si
855 3579 1140 3628 exsecqu
1161 3579 1264 3636 est,
1295 3572 1348 3626 in
1381 3572 1587 3626 catenis
1619 3572 1972 3627 ecclesiarum
2005 3589 2091 3628 re-

493 3639 748 3700 cludatur
770 3658 974 3713 poenas
1002 3643 1252 3706 luiturus,
1277 3649 1332 3696 et
1357 3639 1590 3697 ollicium
1609 3643 1820 3713 perdat.

569 3715 696 3770 379.
728 3714 806 3767 De
830 3714 1086 3767 monacho
1111 3713 1198 3783 qui
1225 3713 1601 3766 monasterium
1630 3730 1784 3768 suum
1809 3713 2087 3770 dimiserit.

494 3784 554 3839 Si
602 3785 901 3840 monachus
944 3784 1333 3838 monasterium
1377 3799 1533 3838 suum
1570 3783 1864 3848 dimiserit,
1910 3787 2090 3842 omnia

496 3857 637 3910 bona
674 3857 862 3926 ipsius,
901 3862 956 3910 et
995 3870 1133 3924 quae
1169 3854 1226 3926 in
1263 3855 1650 3909 monasterium
1692 3855 1994 3911 introduxit
2037 3866 2092 3913 et

495 3943 634 3996 quae
661 3924 769 3982 non
804 3927 1120 3991 introduxit,
1153 3924 1393 3980 dominio
1421 3927 1732 3997 monasterii
1762 3927 1871 3980 sint
1897 3936 1952 3981 et
1977 3929 2092 3997 ipse

493 3995 672 4054 cilicio
707 3998 972 4068 praesidis
1009 3997 1213 4052 servire
1245 4005 1497 4068 cogatur.
1525 3995 1582 4051 Si
1619 4013 1748 4051 vero
1791 3995 2091 4056 monachus

497 4069 565 4136 ad
602 4064 746 4124 aliud
782 4068 1172 4124 monasterium
1205 4064 1547 4138 migraverit,
1585 4069 1942 4123 substantiam
1973 4070 2090 4126 eius

493 4139 646 4208 prius
679 4141 1070 4194 monasterium
1099 4140 1402 4208 possideat,
1441 4148 1495 4193 ct
1527 4140 1582 4193 in
1619 4139 1725 4192 alio
1760 4141 2090 4198 monasterio

496 4209 611 4278 ipse
635 4227 741 4266 non
767 4211 1076 4279 recipiatur.

567 4280 691 4352 380.
735 4281 812 4334 De
845 4297 988 4335 servo
1019 4281 1072 4333 in
1098 4281 1413 4334 monasterio
1449 4291 1669 4352 recepto.
1702 4281 1760 4337 Si
1788 4281 1983 4352 aliquis
2009 4283 2091 4337 in-

496 4351 742 4421 cognitus
770 4351 822 4404 in
851 4353 1240 4405 monasterium
1272 4352 1476 4421 ingredi
1507 4351 1755 4418 voluerit,
1781 4351 1905 4407 ante
1929 4353 2091 4408 trien-

497 4420 648 4474 nium
682 4422 932 4476 monachi
967 4422 1181 4476 habitus
1212 4422 1261 4476 ei
1297 4420 1399 4474 nun
1443 4431 1730 4491 prcstetur.
1773 4424 1838 4476 Et
1874 4424 1918 4478 si
1949 4425 2089 4480 intra

495 4498 608 4545 tres
629 4505 801 4564 annos
832 4501 924 4546 aut
954 4508 1143 4547 servus
1167 4492 1251 4547 vel
1291 4492 1515 4547 libertus
1545 4493 1628 4547 vel
1661 4494 1880 4548 colonus
1917 4511 2087 4564 quae-

495 4571 686 4634 ratur,
715 4562 936 4619 domino
978 4578 1076 4618 suo
1119 4565 1373 4634 reddatur
1416 4581 1540 4618 cum
1563 4565 1816 4619 omnibus
1841 4562 1980 4634 quae
2015 4574 2090 4620 at-

2172 603 2373 659 dillcet.

2240 674 2365 747 585.
2395 673 2474 730 De
2495 690 2576 739 eo,
2602 674 2694 747 qui
2718 674 2775 729 in
2793 672 2960 747 _domo
2985 691 3086 730 sua
3108 675 3402 747 oratorium
3433 674 3646 747 fecerit.
3676 672 3784 742 Qui

2172 744 2228 800 in
2274 746 2433 801 domo
2477 761 2574 800 sua
2602 744 2901 801 eratorium
2939 746 3205 808 habuerit,
3240 762 3401 802 orare
3435 744 3522 801 ibi
3569 753 3781 815 potest.

2173 816 2377 900 Tamen
2400 831 2508 871 non
2543 817 3143 900 audeat_in.eo_.saerlas
3185 816 3365 900 facere
3411 817 3619 900 missas
3664 817 3785 872 sine

2171 888 2452 970 permissu.
2481 887 2720 970 episcopi
2747 887 2850 943 loci
2880 887 3043 969 illius.
3072 886 3225 955 Quod
3257 889 3303 944 si
3337 887 3556 970 fecerit,
3585 888 3788 970 domus

2174 957 2318 1039 illius
2339 959 2456 1013 ﬁscn
2485 959 2695 1039 mribus
2720 959 2737 990 ί
2764 957 3330 1039 _addtcatur.__C_om_e_s
3375 967 3431 1013 et
3466 974 3630 1039 missr
3667 973 3788 1039 eius

2175 1029 2267 1098 qui
2295 1031 2399 1084 hoc
2430 1029 2684 1100 cognovit
2724 1036 2781 1084 et
2810 1044 2918 1100 non
2940 1029 3236 1100 prohibuit,
3265 1029 3402 1084 libra
3430 1029 3555 1083 auri
3587 1030 3787 1084 multa-

2175 1100 2324 1154 bitur
2347 1107 2402 1154 et
2427 1099 2774 1169 ab’episcopo
2810 1099 2914 1155 loci
2955 1099 3101 1154 illius
3141 1100 3465 1156 canonicam
3510 1100 3787 1170 suscipiat

2177 1171 2792 1226 excommunicationem
2816 1171 2899 1225 vel
2923 1170 3316 1227 exclusionem.

2248 1261 2371 1318 584.
2411 1261 2490 1316 De
2527 1261 2776 1317 electione
2807 1262 3122 1317 abbatissae.
3155 1261 3446 1318 Abbatissa
3477 1260 3725 1332 eligatur
3754 1277 3786 1316 a

2178 1341 2373 1388 cuncta
2399 1333 2818 1404 congregatione
2861 1347 2970 1388 non
3019 1334 3316 1390 secundum
3365 1332 3647 1396 ordinem,
3693 1333 3786 1388 sed

2180 1419 2340 1474 quam
2392 1404 2632 1458 melioris
2673 1403 2942 1474 opinionis
2989 1419 3112 1460 esse
3147 1404 3456 1459 constiterit
3506 1412 3568 1458 et
3623 1419 3782 1473 quam

2180 1473 2436 1530 meliores
2491 1474 2901 1546 elegerinttEt
2944 1475 3049 1546 qui
3104 1489 3224 1530 eam
3288 1475 3510 1546 eligunt,
3579 1489 3782 1544 propo-

2181 1555 2314 1600 nant
2353 1545 2557 1600 sanctis
2582 1545 2895 1615 euangeliis,
2925 1545 3168 1602 dicentes
3203 1545 3507 1615 quodnon
3557 1555 3785 1615 propter

2183 1616 2452 1671 amicitias
2499 1616 2584 1672 vel
2619 1617 2848 1686 gratiam
2900 1617 3210 1680 humanam,
3252 1616 3348 1671 sed
3386 1616 3636 1672 scientes
3668 1632 3781 1670 eam

2183 1686 2290 1741 ﬁde
2332 1695 2535 1741 rectam
2581 1695 2635 1741 et
2674 1687 2784 1741 vita
2815 1695 3026 1741 castam
3075 1696 3131 1744 et
3176 1687 3664 1742 administratione
3705 1688 3781 1741 di-

2186 1772 2348 1828 gnam
2395 1759 2462 1811 ad
2499 1771 2826 1827 omnemque
2878 1765 3078 1812 statum
3125 1758 3444 1814 monasterii
3471 1757 3694 1813 utilem.
3723 1758 3780 1811 Et

2189 1827 2320 1882 tunc
2370 1827 2722 1884 conﬁrmetur
2777 1829 2844 1883 ab
2901 1829 3173 1899 episcopo,
3233 1830 3321 1885 cui
3388 1830 3779 1884 monasterium

2191 1899 2494 1954 subiectum
2520 1907 2623 1954 est.

2258 1969 2382 2025 385.
2411 1969 2490 2041 De
2505 1969 2808 2041 rdiaconissa
2837 1967 2914 2024 vel
2954 1969 3065 2025 Deo
3106 1971 3309 2025 devota.
3341 1967 3399 2025 Si
3431 1971 3560 2041 quis
3590 1986 3778 2041 rapue-

2188 2041 2261 2096 rit
2287 2041 2368 2094 vel
2417 2040 2789 2096 sollicitaverit
2828 2041 2913 2096 vel
2937 2042 3240 2111 corruperit
3290 2040 3606 2112 religibsam
3637 2040 3781 2096 femi-

2188 2127 2333 2174 nam,
2365 2112 2504 2166 bona
2541 2112 2824 2168 amborum
2877 2113 3106 2168 ecclesia
3134 2113 3396 2175 vindicet,
3433 2113 3490 2166 in
3522 2129 3631 2182 qua
3667 2114 3781 2166 talis

2188 2183 2384 2237 mulier
2429 2183 2720 2253 habitavit;
2751 2183 2854 2252 ipsi
2895 2191 3073 2238 tamen
3112 2184 3327 2252 capitali
3366 2184 3616 2253 periculo
3643 2185 3782 2237 subi-

2188 2254 2423 2308 ciantur.
2463 2252 2616 2319 Quod
2669 2253 2715 2308 si
2765 2253 2900 2310 haec
2935 2255 3129 2309 mulier
3174 2270 3281 2309 non
3311 2252 3612 2319 censensit,
3662 2270 3777 2310 cum

2189 2325 2303 2378 suis
2333 2325 2495 2378 rebus
2537 2325 2852 2380 monasterii
2881 2326 3118 2381 cautioni
3163 2327 3182 2356 ²
3233 2325 3498 2379 tradatur.
3553 2325 3611 2380 Si
3658 2339 3779 2379 vero

2190 2395 2392 2450 liberos
2426 2396 2608 2460 habet,
2646 2410 2771 2465 pars
2833 2396 3075 2467 legitima
3123 2397 3202 2451 eis
3256 2408 3589 2451 reservetur.
3626 2395 3774 2462 Quod

2191 2467 2236 2520 si
2277 2467 2419 2520 intra
2459 2481 2659 2522 annum
2697 2475 2820 2536 post
2871 2467 2892 2498 ³
2947 2467 3223 2537 cognitum
3263 2467 3372 2520 tale
3409 2468 3583 2522 scelus
3619 2484 3648 2520 a
3689 2481 3772 2520 re-

2191 2537 2398 2606 ligiosis
2432 2537 2567 2593 locis
2605 2554 2712 2593 non
2747 2539 3070 2602 vindicetur,
3114 2537 3424 2593 comesloci
3463 2538 3600 2593 illius
3639 2539 3770 2592 haec

2192 2617 2381 2664 nostro
2443 2609 2573 2665 ﬁsco
2637 2609 2868 2665 addicat.
2933 2609 2992 2663 Si
3051 2624 3178 2664 vero
3242 2623 3424 2665 comes
3469 2608 3770 2678 provinciae

2194 2679 2487 2734 vindictam
2524 2680 2619 2734 tali
2656 2680 2872 2736 crimini
2911 2679 3188 2748 imponere
3223 2679 3521 2749 neglexerit,
3560 2679 3761 2732 honore

2194 2758 2410 2873 canent,
2459 2760 2513 2806 et
2547 2751 2680 2807 duas
2720 2752 2886 2806 libras
2921 2753 3039 2807 auri
3080 2752 3195 2806 ﬁsci
3232 2752 3428 2805 viribus
3477 2749 3596 2804 dare
3626 2762 3754 2802 con—

2197 2835 2262 2873 De
2306 2830 2448 2873 atur.

2195 2830 2448 2890 pellatur.

2267 2893 2390 2948 586.
2433 2893 2511 2948 De
2558 2894 2878 2950 restituendo
2939 2893 3280 2949 monasterio.
3337 2890 3542 2947 Nemini
3586 2903 3765 2960 regum

2197 2973 2290 3018 aut
2310 2967 2564 3034 cuiquam
2592 2966 2871 3021 hominum
2905 2966 2959 3019 in
3007 2965 3285 3035 pr0prium
3320 2963 3480 3019 liceat
3508 2971 3768 3016 monaste—

2197 3036 2337 3089 rium
2377 3036 2592 3090 tradere
2639 3037 2724 3090 vel
2760 3045 3096 3092 eommutare
3140 3035 3223 3088 vel
3269 3048 3605 3104 quocumque
3634 3047 3772 3085 com—

2197 3113 2381 3162 mento
2410 3108 2662 3163 vendere.
2688 3108 2800 3162 l-loc
2827 3108 2990 3162 etiam
3019 3107 3198 3162 divina
3223 3117 3277 3160 et
3304 3105 3598 3176 apostolica
3623 3111 3774 3176 atque

2197 3178 2458 3233 canonica
2495 3180 2595 3234 sub
2646 3179 3006 3233 anathematis
3041 3192 3214 3248 poena
3259 3175 3439 3232 sanxit
3467 3175 3770 3248 auctoritas.

2119 3264 2166 3328 ο
2199 3249 2352 3328 Quod
2365 3251 2408 3304 si
2438 3248 2639 3328 factum
2664 3250 2845 3314 fuerit,
2862 3265 2971 3328 non
2981 3246 3202 3328 valebit,
3222 3249 3315 3302 sed
3341 3249 3408 3328 is,
3433 3247 3529 3316 qui
3556 3246 3768 3328 accepit,

2192 3321 2427 3397 pretium
2451 3322 2716 3397 _amittat;
2746 3330 2799 3376 et
2821 3321 2910 3397 qui
2940 3320 3208 3397 distraxit,
3248 3319 3486 3389 pretium
3523 3318 3666 3386 quod
3704 3331 3775 3397 ac-

2193 3393 2339 3462 cepit
2370 3392 2423 3446 in
2450 3392 2568 3462 ipso
2610 3392 2940 3448 monasterio
2967 3391 3180 3445 amittat
3221 3400 3276 3445 et
3313 3404 3421 3462 una
3461 3403 3586 3462 cum
3615 3391 3773 3462 pretio

2193 3459 2583 3534 monasterium
2601 3464 2810 3532 perdat,
2839 3469 2893 3518 et
2910 3463 3088 3531 ipsum
3121 3461 3513 3516 monasterium
3538 3460 3596 3513 in
3619 3459 3776 3528 pristi~

2193 3549 2325 3588 num
2349 3533 2673 3588 relormetur
2707 3542 2931 3588 statum.

2265 3626 2389 3682 587.
2420 3625 2497 3679 De
2523 3625 2896 3696 litigatoribus.
2911 3626 2970 3680 ln
2992 3624 3320 3689 civitatibus,
3339 3624 3393 3679 in
3417 3623 3622 3696 quibus
3639 3635 3774 3692 prae-

2195 3697 2340 3752 sides
2364 3694 2642 3766 praesunt,
2663 3697 2764 3765 ipsi
2791 3697 3012 3752 audiant
3037 3711 3354 3766 eausasseu
3372 3704 3426 3750 et
3452 3694 3772 3750 defensores.

2194 3768 2297 3835 Qui
2336 3765 2517 3822 autem
2557 3767 2869 3838 episcopum
2924 3767 3008 3820 vel
3067 3765 3376 3838 sacerdotes
3414 3774 3512 3838 aut
3567 3766 3775 3838 clericos

2195 3837 2434 3895 iudicare
2465 3839 2565 3893 sibi
2604 3837 2910 3903 maluerint,
2956 3839 3061 3894 hoc
3104 3853 3319 3908 quoque
3344 3837 3464 3892 ﬁeri
3488 3851 3599 3890 non
3631 3837 3650 3867 ⁸
3671 3851 3775 3906 per-

2195 3910 2482 3964 mittimus.

2265 3981 2389 4036 588.
2415 3979 2493 4036 De
2529 3979 2768 4036 scenicis.
2811 3978 2867 4035 Si
2910 3979 3032 4049 quis
3069 3994 3138 4035 ex
3167 3978 3400 4035 scenicis
3446 3986 3664 4049 vestem
3705 3991 3777 4032 sa-

2194 4051 2522 4107 cerdotalem
2585 4059 2679 4105 aut
2731 4048 3087 4106 monasticam
3145 4050 3229 4106 vel
3281 4048 3528 4105 mulieris
3571 4048 3773 4107 religio-

2193 4134 2287 4198 sae
2339 4121 2424 4177 vel
2463 4122 2844 4198 qualicunque
2909 4120 3318 4198 ecclesiastico
3350 4128 3496 4198 statu
3555 4119 3775 4198 similem

2193 4192 2413 4316 inminutus
2456 4188 2639 4259 fuerit,
2678 4188 2945 4262 corporali
2996 4207 3202 4262 poenae
3239 4192 3500 4248 subsistat
3535 4201 3594 4245 et
3634 4188 3778 4244 exilio

2218 4279 2300 4316 rat
2319 4279 2349 4316 a
2379 4280 2462 4316 ur.

2192 4271 2462 4318 tradatur.

2263 4335 2389 4390 589.
2417 4334 2506 4407 _De
2549 4336 2958 4407 praescriptiqte
2982 4334 3336 4407 quadraginta
3368 4347 3662 4407 annorum.
3711 4326 3780 4384 Ne

2263 4353 2389 4390 069.
2432 4353 2506 4388 ue
2549 4353 2855 4407 praescripti
2929 4353 3336 4407 equaaragtma
3372 4353 3662 4386 annorum.
3714 4353 3779 4384 ne

2193 4404 2376 4461 decem
2475 4405 2608 4488 anni
2648 4420 2833 4488 neque.
2862 4353 3064 4488 xceni
3113 4405 3196 4460 vel
3260 4403 3481 4488 triginta
3520 4415 3779 4488 annprurn

2189 4476 2546 4551 praescriptio
2600 4472 2867 4547 religiosis
2903 4477 3152 4551 domibus
3189 4472 3514 4545 opponatur,
3551 4475 3653 4551 sed
3678 4472 3778 4551 sola

2193 4547 2548 4618 quadraginta
2599 4546 2862 4602 annbrum
2917 4547 3224 4618 curricula;
3264 4555 3318 4618 et
3356 4561 3464 4600 non
3505 4546 3698 4618 solum
3733 4546 3781 4594 in

494 4615 636 4697 tulit,
661 4615 999 4708 adesses
1016 4615 1330 4708 acapna
1358 4615 1978 4708 iussisseisramia
2015 4615 2083 4690 ἷιᾶι

2200 4615 2637 4708 stiteris—rebus,
2692 4619 2787 4674 sed
2834 4618 2998 4674 etiam
3051 4619 3107 4674 in
3156 4617 3349 4687 legatis
3397 4625 3451 4671 et
3514 4615 3778 4670 heredita-

490 4710 578 4758 tra
621 4705 912 4759 triennium
954 4705 1245 4773 requisitus
1294 4720 1400 4758 non
1448 4704 1626 4769 fuerit,
1675 4713 1859 4774 postea
1901 4708 2086 4776 quaeri

491 4790 601 4844 non
651 4783 846 4844 potest,
877 4776 970 4831 sed
1025 4783 1231 4830 tantum
1277 4791 1363 4838 ea,
1412 4791 1551 4844 quae
1600 4777 1653 4830 in
1699 4779 2087 4833 monasterium

490 4843 739 4912 adduiit,
765 4847 1016 4902 dominus
1053 4846 1194 4900 servi
1217 4843 1460 4913 recipiat.

562 4915 690 4972 381-.
731 4917 811 4972 De
857 4917 1128 4970 monachis
1166 4914 1316 4969 laicis
1353 4917 1528 4986 factis.
1576 4914 1634 4970 Si
1679 4925 1862 4972 autem
1902 4933 2087 4974 mona-

490 4987 628 5042 chus
655 4987 826 5043 laicus
856 4987 1033 5042 factus
1056 4986 1237 5058 fuerit,
1252 4987 1466 5058 _lIonore
1495 4995 1549 5041 et
1577 4987 1792 5058 cingulo
1824 4989 2086 5058 spolietur

492 5064 548 5110 et
581 5073 671 5114 res
701 5059 818 5114 eius
844 5057 1172 5113 monasterio
1201 5056 1522 5112 adiciantur.
1556 5056 1710 5124 Quod
1743 5059 1787 5116 si
1826 5056 2085 5116 monasti-

494 5144 615 5182 cam
647 5130 813 5183 vitam
842 5129 1139 5198 reliquerit,
1163 5142 1384 5197 praeses
1413 5129 1724 5198 provinciae
1743 5145 1867 5185 eum
1904 5139 2085 5186 teneat

430 5236 431 5240 η
493 5206 549 5252 et
573 5201 753 5254 curiae
778 5215 907 5255 suae
928 5206 1301 5255 connumeret.

567 5269 692 5323 382.
722 5269 799 5324 De
819 5270 1035 5326 ecclesia
1063 5269 1412 5339 aediﬁcanda.
1440 5268 1608 5325 Nemo
1629 5271 1950 5327 aecclesiam
1974 5272 2084 5327 edi-

495 5338 641 5404 ﬁcet,
676 5348 963 5410 antequam
1003 5338 1236 5396 civitatis
1269 5342 1552 5410 episcopus
1583 5342 1764 5396 veniat
1796 5350 1851 5396 et
1882 5343 2080 5398 ibidem

495 5424 714 5484 crucem
732 5410 866 5484 ligat,
882 5413 1113 5484 publice.
1137 5413 1205 5484 Et
1227 5420 1351 5467 ante
1380 5412 1665 5484 praeﬂniat
1685 5414 1778 5484 qui
1798 5414 2084 5469 aediﬁcare

496 5479 631 5545 vult,
654 5479 794 5550 quid
804 5483 873 5536 ad
883 5479 1183 5537 luminaria
1209 5491 1265 5538 et
1289 5484 1357 5538 ad
1381 5479 1688 5538 custodiam
1702 5479 1780 5538 'et
1816 5484 2082 5554 stipendia

2193 4689 2358 4744 tibus.

2263 4760 2386 4830 390.
2434 4758 2504 4812 Ut
2548 4777 2698 4814 nemo
2747 4759 2939 4814 audeat
2984 4759 3283 4830 episcopum
3323 4766 3414 4812 aut
3463 4757 3781 4830 sacerdotem

2192 4829 2269 4884 uel
2289 4829 2536 4902 clericum
2559 4831 2698 4901 apud
2726 4830 2958 4902 publicos
2978 4826 3176 4884 iudices
3202 4826 3781 4902 accusare._Sanc._itum

2190 4909 2294 4965 est,
2317 4909 2376 4955 ut
2405 4897 2908 4970 nullus'episeopum
2935 4909 3028 4954 aut
3054 4901 3391 4956 sacerdotem
3414 4897 3499 4953 vel
3529 4897 3780 4970 clericum

2191 4964 2331 5054 apud
2358 4972 2565 5026 iudices
2586 4964 2833 5042 publicos
2863 4985 3124 5026 accusare
3159 4975 3492 5040 praesumat,
3525 4967 3625 5023 sed
3652 4964 3782 5037 apud

2191 5056 2494 5111 episcopos.

2262 5057 2497 5168 ODSe
2515 5112 2812 5167 absentibus
2837 5130 2940 5167 non
2970 5111 3292 5166 iudicandis.
3346 5110 3640 5165 Decretum
3684 5115 3779 5169 est,

2189 5191 2251 5238 ut
2275 5183 2533 5238 adversus
2559 5186 2808 5238 absentes
2855 5199 2963 5237 non
2989 5183 3276 5238 iudicetur.
3303 5180 3457 5248 Quod
3503 5181 3551 5235 si
3583 5179 3781 5234 factum

2189 5254 2371 5318 fuerit,
2399 5255 2606 5323 prolata
2637 5255 2906 5309 sententia
2931 5270 3036 5309 non
3063 5253 3282 5307 valebit.

2257 5345 2382 5400 392.
2421 5344 2504 5398 Ne
2543 5344 2682 5398 ullus
2716 5345 2960 5400 sacerdos
3013 5345 3294 5410 iudicetur,
3347 5343 3450 5396 nisi
3487 5347 3780 5412 praesentes

2186 5415 2291 5490 s_int
2326 5417 2487 5487 ipsius
2534 5426 2884 5490 accusatores,
2933 5415 3173 5490 idemque
3221 5413 3459 5490 legitimi.
3504 5413 3550 5466 Α
3596 5418 3782 5490 sancta

2191 5484 2435 5540 Romana
2485 5495 2539 5541 et
2587 5484 2881 5556 apostolica
2928 5484 3158 5542 eccleSia
3201 5484 3334 5540 olim
3371 5492 3642 5538 statutum
3701 5485 3783 5535 est

1714 5641 2113 5700 VARIANTES
2149 5643 2557 5702 LECTIONES.

577 5779 592 5808 ¹
614 5777 824 5833 uiribus
843 5775 914 5860 G.
986 5780 1008 5808 ²
1021 5780 1335 5860 monasterii
1363 5781 1603 5860 cautioni
1619 5798 1652 5834 a
1667 5777 2018 5860 primamanu
2043 5777 2246 5860 G.;_sed
2265 5783 2490 5860 scriptor
2510 5784 2620 5855 ipse
2644 5782 2977 5843 monasterio
2998 5783 3231 5844 cautiori
3252 5783 3502 5843 correxit.
3575 5782 3600 5816 ⁸
3615 5795 3793 5860 pur.

502 5862 585 5916 ter
618 5859 987 5922 corr.pproter
1015 5849 1080 5905 ϐ.
1158 5851 1179 5881 ⁸
1203 5853 1343 5906 deest
1370 5853 1423 5906 in
1455 5849 1691 5906 Iuliano.

1773 5850 1795 5881 '
1822 5849 1938 5906 Nex
1965 5867 2106 5912 corr.
2134 5853 2215 5914 Ne
2237 5869 2333 5910 sex
2358 5849 2424 5910 ϐ.
