3974 6340
157 328 267 382 761

657 327 806 383 COD.
846 325 1116 381 DlPLOM.
1150 319 1228 375 ‘-.-
1264 322 1621 379 BENEDICTI
1657 319 2172 378 CAPITULARIUM
2211 323 2614 383 COLLECTIO.
2654 357 2726 368 —
2754 325 2882 382 LIB.
2912 326 2970 383 ll.

3339 332 3443 388 τω

157 445 294 512 quis
328 443 463 517 liber
489 443 757 517 ancillam
778 443 832 517 in
875 441 1274 517 matrimonium
1303 439 1606 517 acceperit,
1641 453 1750 493 non
1778 443 1830 500 Α
1855 436 2119 517 detractio
2148 440 2502 517 sacerdotum
2545 441 2612 517 ad
2634 441 2931 517 _Christum
2982 441 3246 512 pertinet.
3286 443 3439 500 cuius

157 511 334 569 liabet
388 513 661 567 licentiam
709 513 979 566 dimittere
1023 527 1164 577 eam,
1217 513 1261 566 si
1303 511 1450 581 prius
1483 525 1749 566 consensu

155 587 458 639 amborum
488 583 754 639 coniuncti
783 596 925 637 sunt.

243 657 315 717 1'6
382 653 460 708 De
489 651 775 722 raptoribus
797 662 848 704 et
868 653 1032 724 raptis
1059 651 1347 724 virginibus
1370 651 1447 704 vel
1473 651 1658 724 viduis.
1692 650 1750 706 Si

93 777 102 784 ,
158 726 293 794 quis
323 719 819 794 alterius'sponsam
846 719 1105 794 virginem
1138 719 1236 794 :aut
1265 721 1499 794 viduam‘
1526 719 1748 794 necdum

156 791 553 860 desponsatam
568 791 896 861 rapueritvel
912 791 1117 846 furatus
1130 791 1309 852 fuerit,
1329 791 1549 860 placuit,
1567 799 1624 844 ut
1636 791 1750 844 sive

158 881 292 918 eam
325 875 512 932 postea
542 864 880 932 sponsaverit
905 863 1016 916 sive
1055 861 1320 916 dotaverit
1353 877 1448 916 seu
1473 877 1601 925 non,
1635 861 1749 914 sive

156 950 293 988 cum
331 941 614 1003 parentum
643 933 756 1003 eius
786 933 1056 988 voluntate
1081 946 1404 1001 quocunque
1441 938 1749 1003 commento

157 1000 348 1070 ipsani
395 1005 643 1072 accipere
671 1002 752 1057 vel
785 1011 969 1058 tenere
995 1000 1564 1072 potuerit,_numqnam
1605 1000 1748 1054 illam

156 1069 399 1128 uxorem
449 1069 674 1134 haheat;
727 1073 817 1126 sed
865 1073 1064 1140 raptori
1103 1081 1198 1126 aut
1241 1070 1343 1125 furi
1374 1069 1648 1125 auferatur
1695 1078 1749 1124 et

157 1145 434 1210 proximis
463 1143 574 1197 suis
599 1142 703 1195 alio
744 1143 861 1197 viro
886 1151 1130 1211 tempore
1169 1157 1430 1208 congruo,
1474 1141 1517 1194 si
1549 1142 1663 1208 ipsa
1693 1139 1748 1195 in

160 1215 272 1267 hoc
298 1215 498 1267 malum
525 1227 630 1266 non
651 1212 1002 1276 conSenserit,
1018 1221 1247 1278 nuptura
1264 1211 1574 1281 legibusque
1591 1225 1748 1265 acce-

159 1295 335 1350 ptura
365 1283 637 1336 reddatur.
683 1283 888 1349 Haptor
924 1297 1055 1336 vero
1084 1283 1196 1336 sive
1226 1281 1310 1335 fur
1345 1295 1639 1350 omnesque
1668 1281 1747 1335 eis

158 1355 576 1408 consentientes
617 1352 822 1420 publica
873 1353 1204 1421 poenitentia
1253 1353 1398 1406 iuxta
1429 1351 1747 1421 canonicam

157 1424 552 1501 auctoritatem
581 1420 886 1501 multentur
905 1430 958 1476 et
1005 1423 1262 1501 proximis
1302 1421 1460 1486 illius,
1481 1420 1747 1501 quicquid

160 1495 373 1547 iniuste
426 1493 477 1546 in
525 1502 630 1545 tam
677 1492 906 1546 nefando
936 1491 1140 1548 scelere
1183 1500 1428 1563 egerunt,
1466 1491 1747 1563 indtriplo

158 1574 502 1630 componant
521 1571 576 1616 et
600 1577 1028 1630 unamquamque
1051 1578 1162 1616 rem
1190 1561 1440 1617 semotim
1465 1561 1669 1630 legibus
1692 1561 1746 1614 iti

161 1633 336 1698 triplo
367 1633 670 1687 restituant.
708 1633 820 1702 Ipsa
854 1647 1083 1700 namque
1111 1636 1263 1701 quae'"
1293 1633 1498 1700 rapitur
1521 1671 1535 1689 .
1583 1632 1627 1687 si
1654 1639 1748 1684 aut

161 1705 349 1772 primo
394 1713 488 1756 aut
542 1701 877 1772 postmodum
931 1711 1038 1756 tam
1085 1703 1288 1756 nefario
1342 1702 1529 1756 sceleri
1578 1702 1748 1772 libens

161 1771 553 1836 cons-merit,
585 1787 870 1839 numquam
920 1780 1107 1842 postea
1153 1778 1335 1833 nubat,
1396 1772 1486 1826 sed
1537 1771 1748 1841 publica

164 1843 512 1913 poenitentia
555 1842 912 1913 multeturet
943 1842 1042 1897 sub
1081 1843 1168 1896 tali
1209 1843 1450 1913 custodia
1497 1850 1748 1913 ponatur,

165 1911 228 1967 ut
258 1915 310 1966 ei
349 1913 650 1967 nullatenus
672 1911 928 1966 luxuriari
958 1928 1079 1967 cum
1105 1928 1375 1982 quoquam
1402 1912 1578 1968 liceat.
1609 1911 1755 1965 Tali-

167 1994 253 2037 ter
273 1984 422 2036 enim
456 1991 750 2038 memorata
783 1981 980 2052 flagitia
1019 1981 1328 2051 puniantur,
1357 1991 1416 2036 ut
1442 1997 1631 2037 omnes
1659 1997 1755 2036 co-

163 2063 453 2122 gnosmnt,
482 2053 758 2122 'quoniam
809 2068 907 2106 nec
951 2053 1116 2107 seculi
1166 2053 1311 2122 leges
1361 2062 1468 2107 tam
1508 2052 1754 2109 nefandis

165 2124 646 2178 coniunctionibus
687 2123 1030 2178 consentiant
1059 2138 1158 2178 nec
1186 2125 1324 2178 sacri
1355 2139 1595 2178 canones
1622 2137 1754 2178 con-

163 2194 348 2247 silium
380 2195 546 2248 ullum
578 2193 902 2262 praebeant;
946 2193 1042 2248 sed
1086 2194 1219 2249 tales
1267 2195 1433 2249 seculi
1476 2193 1623 2262 leges
1662 2208 1755 2262 co-

165 2261 598 2333 operatoresque
639 2279 830 2318 eorum
884 2264 1060 2331 capite
1108 2263 1254 2318 feriri
1300 2265 1656 2334 praecipiunt.
1690 2261 1758 2317 Et

165 2336 309 2390 sacri
334 2349 569 2389 canones
598 2333 790 2402 spiritu
822 2336 910 2388 Dei
934 2335 1134 2389 conditi
1159 2351 1264 2390 non
1289 2333 1462 2390 solum
1488 2333 1752 2403 raptores,

169 2406 266 2458 sed
298 2406 460 2458 etiam
481 2419 669 2459 omnes
692 2419 880 2460 eorum
909 2414 1296 2473 cooperatores
1323 2407 1508 2474 eisque
1527 2420 1756 2462 consen-

169 2476 374 2529 tientes
421 2475 767 2530 anathemate
811 2474 1046 2541 feriunt;
1087 2477 1230 2530 sicut
1272 2478 1325 2531 in
1368 2476 1759 2532 Calcidonense

169 2547 427 2610 concilio,
459 2552 511 2600 in
549 2561 656 2617 quo
684 2546 789 2601 650
819 2555 1000 2614 patres
1047 2547 1362 2615 adfuerunt,
1405 2547 1640 2617 capitulo
1666 2546 1756 2612 28,

174 2617 380 2671 :uuctis
419 2616 716 2680 legentibus
743 2624 906 2684 patet.

244 2686 455 2760 97.70;
480 2687 579 2750 Itis,
610 2686 695 2758 qui
725 2687 936 2757 rapinas
980 2688 1377 2760 infrairegnum
1426 2690 1646 2760 faciunt.
1702 2689 1759 2745 Si

173 2758 299 2826 quis
351 2756 485 2828 infra
542 2756 1057 2828 regimini-apiriam
1122 2756 1308 2814 fecerit
1358 2756 1450 2814 aut
1509 2761 1757 2828 cuiquam

180 2836 371 2899 nostro
408 2826 548 2899 fideli
580 2828 802 2899 eiusque
826 2826 1029 2899 homini
1057 2831 1256 2899 aliquid
1295 2831 1348 2884 vi
1372 2826 1672 2896 abstulerit,
1707 2831 1759 2886 in

180 2897 347 2964 triplo
369 2897 454 2953 cui
483 2897 674 2968 aliquid
695 2897 990 2962 abstulerit,
1017 2897 1224 2968 legibus
1249 2909 1569 2969 componat;
1594 2909 1650 2954 et
1679 2902 1760 2955 in-

185 2982 354 3042 super
401 2969 627 3042 hamum
672 2977 934 3042 tiostrum,
980 2969 1031 3024 id
1071 2980 1154 3026 est
1203 2974 1477 3042 sexaginta
1532 2971 1756 3037 solidos,

191 3037 351 3107 nobis
381 3037 661 3107 persolvat.
687 3033 1032 3094 Postmodum
1066 3056 1194 3097 vero
1219 3033 1362 3096 ante,
1375 3057 1474 3097 nos
1507 3057 1537 3096 a
1563 3033 1762 3096 comite

192 3106 506 3180 adducatur,
530 3118 585 3161 ut
605 3107 654 3162 in
676 3108 955 3180 bastonico
977 3123 1241 3174 retrusus,
1261 3127 1427 3180 usque
1449 3113 1574 3168 dum
1599 3111 1754 3166 nobis

188 3159 702 3252 ριιρξέιὶιτίῐξῇὀέξέιῐιὲ
715 3159 1754 3252 inlisa};gi‘gaiiaaa‘mﬁrraéat:
1784 3159 1830 3221 C

183 3246 453 3316 publicam
497 3247 620 3303 inde
654 3257 778 3316 agat
826 3246 1209 3319 poenitentiam
1264 3253 1407 3307 iuxta
1452 3260 1760 3308 sanctorum

177 3332 449 3372 canonum
479 3320 850 3386 sanctionem;
893 3320 937 3374 si
976 3336 1106 3376 vero
1146 3325 1379 3388 occulte,
1418 3322 1761 3379 sacerdotum

177 3389 406 3441 consilio
434 3405 500 3464 ex
531 3389 635 3444 hoc
663 3397 786 3464 agat
816 3391 1200 3464 poenitentiam
1240 3410 1256 3447 :
1298 3394 1551 3464 quoniam
1574 3402 1759 3461 rapto-

176 3472 288 3533 res,
334 3468 394 3512 ut
423 3460 500 3512 ait
547 3457 847 3533 apostolus,
894 3461 992 3516 nisi
1024 3477 1204 3533 veram
1235 3457 1443 3533 egerint
1482 3457 1764 3533 poeniten-

177 3531 333 3600 tiam,
378 3527 599 3598 regnum
653 3527 750 3584 Dei
798 3545 905 3585 non
955 3527 1325 3600 possidebunt.
1373 3527 1499 3600 Qui,
1528 3549 1659 3589 vero
1696 3535 1763 3589 de

175 3599 743 3678 rebusrecclesiarum
791 3599 989 3670 aliquid
1037 3603 1346 3678 abstulerit,
1386 3599 1600 3678 gravius
1640 3603 1764 3678 inde

172 3668 465 3736 iudicetur,
514 3671 640 3742 quia
671 3668 945 3726 sacrarum
976 3687 1157 3728 rerum
1185 3668 1411 3729 ablatio,
1425 3674 1762 3742 sacrilegium

172 3747 283 3810 est,
312 3747 366 3810 et
393 3741 690 3809 sacrilegus
717 3749 960 3810 vocatur,
989 3742 1080 3810 qui
1109 3758 1177 3798 ex
1201 3745 1281 3798 eis
1307 3744 1507 3810 aliquid
1527 3741 1764 3800 autabs-

175 3809 364 3862 tulerit
397 3819 492 3885 aut
536 3810 797 3885 rapuerit.
828 3809 1062 3885 Infantes
1088 3829 1304 3885 quoque
1335 3809 1468 3870 tales
1499 3829 1762 3883 personae

175 3893 354 3957 usque
397 3880 463 3957 ad
493 3880 918 3957 satisfactionem
951 3880 1233 3952 ecclesiae,
1263 3899 1425 3957 quam
1465 3880 1758 3953 laeserunt,

171 3961 304 4006 Sunt
330 3949 633 4007 habendae.

246 4018 341 4096 9S.
388 4023 463 4096 De
491 4021 848 4096 sacerdotibus
860 4031 909 4096 et
935 4025 1096 4080 lenitis
1122 4033 1272 4096 atque
1300 4025 1564 4096 monachis
1599 4026 1762 4081 inter-

171 4092 332 4162 lectis
376 4092 452 4146 vel
490 4091 784 4164 debilitatis.
817 4092 873 4164 Si
901 4097 1022 4164 quis
1049 4091 1388 4152 sacerdotem
1418 4097 1502 4151 vel
1543 4095 1763 4151 levitam

173 4172 275 4216 aut
323 4163 646 4217 monachum
694 4162 1025 4220 interfecerit
1075 4166 1158 4220 vel
1205 4165 1585 4231 debilitaverit,
1615 4166 1763 4220 iuxta

171 4241 384 4306 statuta
432 4232 667 4302 priorum
695 4232 1051 4306 capitulorum
1091 4250 1232 4305 quae
1262 4237 1364 4306 legi
1395 4235 1603 4290 Salicae
1640 4244 1766 4306 sunt

171 4303 391 4367 addita,
421 4311 710 4375 componat
728 4319 749 4375 ;_
793 4315 847 4356 et
892 4303 1127 4375 insuper,
1155 4303 1387 4361 banntim
1417 4314 1684 4373 nostrum,
1711 4305 1765 4361 id

172 4382 283 4436 est,
320 4373 596 4440 sexaginta
619 4373 836 4438 solidos,
865 4373 1310 4443 nobis'persolvat
1338 4386 1394 4432 et
1420 4391 1570 4430 arma
1596 4376 1763 4430 relin-

172 4453 317 4512 quat
339 4451 499 4512 atque
522 4443 573 4512 in
605 4446 934 4500 monasterio
958 4445 1148 4501 diebus
1167 4447 1310 4503 vitae
1325 4462 1458 4502 suae
1477 4447 1576 4500 sub
1597 4445 1763 4501 ardua

1853 508 1976 579 vice
2003 508 2270 579 legatione
2293 511 2344 563 in
2371 511 2595 566 ecclesia
2628 512 2940 579 funguntur.

1925 577 2046 634 100.
2081 577 2167 652 _De
2185 581 2429 652 religiosa
2452 582 2660 636 muliere
2681 577 2913 652 decepta,
2945 581 2999 634 id
3027 592 3122 646 est,
3157 593 3292 637 veste
3323 600 3440 638 mtt-

1853 657 1982 721 tgita,
2011 649 2090 703 vel
2115 651 2414 720 religionem
2445 655 2690 717 rrofessa.
2721 652 2776 705 Si
2799 649 2917 721 quis
2947 653 3187 720 rapuerit
3213 661 3304 708 aut
3325 655 3436 709 sol-

1852 719 2138 775 licitaverit
2165 719 2244 775 vel
2277 723 2579 787 corruperit
2626 719 2930 790 religiosam
2983 721 3258 786 feminam,
3295 725 3435 780 bona

1850 789 2127 844 amborum
2157 790 2385 845 ecclesia
2405 791 2666 856 vendicet,
2699 789 2750 846 in
2778 807 2882 858 qua
2910 792 3034 846 talis
3060 793 3252 848 mulier
3279 794 3438 849 habi-

1853 861 2003 931 tavit,
2039 861 2138 928 ipsi
2165 871 2346 931 tamen
2381 861 2595 929 capitali
2625 861 2860 930 periculo
2887 862 3247 918 subiciantur.
3281 863 3437 931 Quod

1850 930 1895 982 si
1930 932 2031 984 hoc
2066 930 2257 984 mulier
2300 947 2406 985 non
2435 932 2742 996 consentit,
2773 947 2893 986 cum
2923 933 3037 986 suis
3066 932 3226 988 rebus
3252 930 3442 989 mena-

1849 1000 1994 1055 sterii
2025 1000 2316 1056 ditionibus
2341 1003 2600 1072 tradatur.
2633 1001 2690 1056 Si
2719 1017 2844 1056 vero
2869 1017 3054 1057 comes
3086 1003 3252 1072 ipsius
3292 1004 3434 1072 pagi,

1852 1085 1955 1123 una
1986 1085 2106 1123 cum
2135 1071 2360 1126 consilio
2383 1071 2463 1125 sui
2487 1072 2745 1141 episcopi,
2772 1072 2823 1126 in
2841 1073 2994 1128 cuius
3023 1071 3306 1141 parrochia
3329 1074 3440 1131 tale

1849 1142 2024 1194 scelus
2051 1143 2394 1195 commissum
2422 1149 2525 1203 est,
2559 1142 2662 1197 hoc
2686 1142 2962 1198 vindicare
2986 1143 3315 1209 neglexerit,
3338 1144 3437 1198 ho-

1849 1224 1983 1283 nore
2007 1219 2188 1283 careat
2222 1221 2284 1283 et
2312 1212 2583 1283 cingulum
2614 1212 2825 1266 amittat
2851 1221 3016 1283 atque
3047 1213 3262 1282 publica
3304 1228 3439 1283 poe-

1849 1280 2073 1352 nitentia
2110 1281 2404 1352 multetur,
2438 1291 2494 1336 et
2523 1281 2739 1352 insuper
2773 1280 3076 1350 wirgildum
3121 1299 3276 1338 suum
3305 1280 3441 1339 '1isci

1850 1349 2056 1405 iuribus
2089 1351 2217 1402 dare
2242 1352 2616 1419 compellatur.

1921 1421 2042 1494 ιω.
2071 1419 2145 1494 De
2164 1419 2480 1494 blasphemia
2497 1424 2553 1475 in
2576 1420 2763 1494 Deum.
2782 1421 2839 1477 Si
2861 1423 2982 1492 quis
3006 1423 3250 1494 quolibet
3276 1422 3440 1494 modo

1849 1490 2255 1562 blasphemiam
2286 1491 2337 1545 in
2391 1491 2556 1545 Deum
2595 1490 2896 1558 iactaverit,
2939 1490 3316 1562 ah'episcopo
3352 1493 3441 1548 vel

1848 1562 2046 1632 comite
2099 1562 2214 1630 pagi
2247 1561 2414 1630 ipsius
2441 1563 2646 1616 carceri
2695 1579 2864 1632 usque
2901 1562 2967 1616 ad
3013 1561 3437 1619 satisfactionem

1851 1631 2092 1702 tradatur
2118 1640 2174 1686 et
2195 1631 2406 1700 publica
2439 1631 3074 1700 poenitentiamultetur,
3108 1633 3285 1689 donec
3313 1649 3438 1702 pre-

1849 1701 2000 1757 cibus
2043 1701 2242 1770 proprii
2289 1703 2525 1772 episc0pi
2579 1704 2791 1772 publice
2833 1704 3215 1760 reconcilietur
3263 1701 3442 1760 cocle-

1783 1796 1828 1855 B
1851 1773 2072 1855 maeque
2100 1772 2306 1855 gremio
2333 1773 2596 1855 canonice
2627 1774 2902 1830 reddatur.

1927 1841 2050 1914 ιω.
2083 1841 2172 1914 _De
2216 1843 2316 1908 Itis,
2346 1845 2433 1914 qui
2475 1844 2531 1896 in
2558 1844 2709 1898 domo
2746 1862 2839 1899 sua
2889 1846 3176 1900 oratorium
3206 1844 3441 1914 fecerint.

1855 1911 1955 1978 Qui
1985 1912 2038 1966 in
2065 1911 2226 1966 domo
2265 1911 2369 1968 sua
2392 1914 2690 1968 oratorium
2719 1915 2992 1978 habuerit,
3041 1911 3216 1969 orare'
3244 1914 3444 1968 ibidem

1856 1993 2054 2052 potest.
2081 1981 2269 2037 Missas
2291 1993 2470 2037 tamen
2499 1985 2548 2036 in
2577 1999 2644 2039 eo
2679 1985 2960 2040 celebrare
2988 2000 3093 2039 non
3122 1983 3320 2038 audeat
3343 1998 3444 2038 nec

1854 2066 2017 2120 agere
2065 2053 2314 2120 cuiquam
2345 2053 2622 2122 permittat
2661 2056 2776 2108 sine
2807 2057 3070 2123 permissu
3105 2055 3191 2106 vel
3219 2053 3444 2108 dedica-

1857 2123 2003 2194 tione
2032 2123 2270 2194 episcopi
2300 2123 2420 2194 loci
2455 2124 2619 2178 illius.
2655 2123 2811 2191 Quod
2840 2126 2931 2194 qui
2963 2128 2983 2156 ³
3011 2124 3221 2188 fecerit,
3246 2123 3442 2194 domus

1857 2193 1996 2247 illius
2045 2193 2155 2248 tisci
2190 2193 2396 2248 iuribus
2421 2193 2716 2248 addicatur.
2765 2193 2965 2251 Comes
3002 2208 3156 2254 vero,
3201 2193 3294 2262 qui
3343 2193 3446 2248 hoc

1857 2263 2112 2337 cognovit
2139 2272 2195 2337 et
2235 2280 2340 2318 non
2372 2262 2684 2333 prohibuit,.
2703 2265 2913 2336 publica
2941 2263 3277 2337 poenitentia
3301 2262 3443 2317 mul-

1857 2342 2003 2389 tetur
2031 2333 2113 2388 vel
2148 2335 2352 2389 honore
2383 2337 2642 2402 privetur.

1931 2404 2052 2458 105.
2094 2403 2174 2457 De
2213 2404 2491 2475 privilegiis
2535 2405 2866 2459 ecclesiarum
2894 2412 2944 2459 et
2987 2405 3290 2460 clericorum
3337 2420 3446 2475 non

1857 2475 2262 2537 εονηιηιμεηάὶε.
2325 2473 2409 2529 ω’
2437 2475 2714 2544 privilegia
2761 2491 2898 2545 quae
2946 2476 3192 2531 ecclesiis
3233 2483 3291 2530 et
3331 2474 3444 2529 cle-

1860 2545 1986 2600 ricis
2026 2547 2094 2599 ab
2138 2545 2574 2601 antecessoribus
2618 2548 2818 2601 nostris
2866 2547 2953 2602 vel
2997 2545 3154 2601 nobis
3184 2558 3446 2601 concessa

1859 2626 2005 2677 sunt,
2037 2631 2250 2685 semper
2273 2629 2521 2670 maneant
2555 2616 2887 2685 incorrupta.

1935 2685 2058 2742 104.
2100 2684 2500 2757 Neiepiscorum
2528 2686 2605 2740 vel
2635 2684 2951 2757 reliquorum
3000 2685 3448 2757 clericorum__ttita

1864 2759 2110 2811 turbetur.
2154 2756 2322 2812 Nullis
2351 2757 2460 2809 vita
2493 2755 2797 2823 praesulum
2829 2758 3080 2811 turbetur
3106 2755 3442 2818 excessibus,

1860 2829 1987 2895 quia
2014 2827 2167 2881 valde
2195 2827 2470 2895 indignum
2497 2838 2600 2891 ρει,
2627 2834 2685 2880 ut
2712 2827 2803 2896 qui
2828 2826 3006 2883 throni
3039 2827 3132 2880 Dei
3166 2835 3450 2896 vocantur,

1863 2901 2043 2967 aliqua
2069 2898 2308 2951 motione
2329 2897 2611 2951 turbentur
2627 2895 2931 2964 autiinique
2954 2905 3273 2951 tractentur.
3303 2895 3455 2967 Unde

1864 2965 1968 3024 est,
1998 2968 2123 3022 illud
2157 2986 2169 3020 :
2207 2968 2308 3032 Qui
2345 2983 2431 3022 vos
2460 2969 2668 3038 tangit,
2717 2969 2883 3038 tangit
2936 2968 2955 2998 ³
3013 2967 3265 3036 pupillam
3313 2965 3452 3038 oculi

1863 3040 1983 3093 mei.
2041 3043 2105 3091 lit
2145 3038 2270 3093 illud
2298 3057 2309 3090 :
2368 3037 2468 3103 Qui
2498 3037 2587 3108 eos
2614 3039 2777 3103 audit,
2814 3037 2916 3108 me
2939 3039 3127 3101 audit;
3157 3047 3205 3092 et
3245 3037 3334 3108 qui
3362 3051 3450 3090 vos

1865 3109 2079 3176 spernit.
2124 3125 2205 3162 me
2245 3109 2460 3176 spernit.
2497 3107 2564 3162 Et
2606 3124 2836 3163 rursus:
2880 3106 2982 3172 Qui
3021 3106 3454 3162 scandaltsaverit

1863 3196 2022 3232 unum
2063 3179 2124 3232 de
2177 3179 2380 3248 pusillis
2414 3179 2545 3243 istis,
2587 3179 2772 3232 melius
2801 3187 2879 3231 est
2916 3179 2994 3232 illi
3023 3187 3078 3230 ut
3106 3177 3450 3248 suspendatur

1863 3250 2001 3304 mola
2039 3249 2272 3303 asinaria
2301 3251 2356 3303 in
2384 3249 2517 3304 collo
2541 3250 2675 3316 eius,
2701 3257 2751 3303 et
2779 3249 3111 3321 demergatur
3146 3249 3202 3303 in
3231 3250 3452 3319 profun-

1861 3321 1984 3373 dum
2008 3321 2194 3382 maris;
2225 3321 2452 3388 reliqua.

1935 3388 2055 3444 105.
2103 3389 2175 3444 De
2199 3391 2401 3444 clericis
2428 3389 2506 3444 vel
2530 3389 2908 3462 sacerdotibus,
2929 3391 3016 3462 qui
3043 3392 3310 3462 accipiunt
3338 3403 3451 3462 __ee-

1862 3463 2046 3516 clesias
2072 3462 2182 3515 sine
2209 3462 2418 3516 licentia
2455 3461 2680 3530 episcopi
2706 3462 2810 3529 sui,
2833 3461 2910 3514 vel
2943 3459 3031 3514 Vde
3054 3459 3183 3530 una,
3201 3460 3270 3514 ad
3293 3459 3454 3513 aliam

1865 3538 2151 3602 transeunt.
2187 3531 2254 3586 Ut
2283 3547 2442 3586 nemo
2485 3529 2737 3602 accipiat
2767 3531 3050 3588 ecclesiam
3105 3529 3244 3586 infra
3275 3544 3456 3602 parre:

1863 3601 2037 3673 chiam
2062 3603 2178 3655 sine
2206 3617 2473 3657 consensu
2505 3597 2744 3673 episcopi
2773 3603 2892 3670 sui,
2948 3616 3048 3657 nec
3104 3603 3174 3659 de
3228 3597 3336 3656 una
3389 3597 3456 3654 ad

1864 3671 2022 3726 aliain
2056 3680 2315 3726 transeat.

1936 3741 2058 3795 106.
2106 3741 2179 3794 De
2224 3742 2429 3796 incestis
2457 3752 2506 3796 et
2531 3743 2864 3806 criminosis,
2919 3761 2981 3796 ac
3027 3743 3093 3797 de
3141 3741 3365 3808 infirmis
3411 3747 3462 3808 et

1863 3811 2239 3883 paenitentibus
2268 3822 2420 3883 atque
2465 3813 2529 3864 de
2576 3813 2766 3866 ieiunio
2795 3823 3014 3883 quatuor
3041 3807 3348 3882 temporum.
3386 3807 3456 3864 Ut

1863 3883 1932 3938 de
1960 3883 2175 3936 incestis
2195 3891 2250 3935 ct
2277 3883 2582 3936 criminosis
2609 3897 2855 3950 magnam
2879 3898 3065 3938 curam
3103 3885 3339 3936 habeant
3363 3895 3456 3933 sa-

1864 3953 2134 4015 cerdotes,
2163 3967 2231 4006 ne
2253 3953 2304 4004 in
2331 3952 2441 4005 suis
2473 3961 2702 4020 pereant
2725 3952 3018 4006 sceleribus
3037 3961 3092 4006 et
3121 3953 3335 4020 animae
3357 3964 3444 4020 eo-

1864 4037 1982 4076 rum
2009 4037 2040 4076 a
2069 4021 2314 4076 districto
2342 4018 2519 4075 iudice
2558 4020 2772 4076 Christo
2799 4024 2879 4077 eis
2902 4022 3266 4089 requirantur.
3298 4018 3460 4074 Simi-

1865 4091 1988 4146 liter
2009 4093 2073 4145 de
2098 4091 2322 4145 infirmis
2361 4105 2426 4145 ac
2455 4091 2872 4157 poenitentibus,
2900 4101 2956 4144 ut
3005 4092 3301 4146 morientes
3341 4089 3458 4141 sine

1865 4161 2304 4216 reconciliatione
2335 4171 2390 4215 et
2421 4161 2617 4216 viatico
2664 4176 2770 4215 non
2799 4160 3071 4216 deficiant.
3126 4159 3191 4214 Et
3237 4168 3299 4213 ut
3327 4172 3462 4226 qua-

1864 4241 2314 4356 (tluor‘temporum
2344 4230 2540 4286 ieiunia
2595 4247 2626 4284 a
2665 4230 2913 4287 fidelibus
2960 4231 3244 4302 diligenter
3285 4235 3462 4284 custo-

1904 4319 1985 4356 ian
2018 4317 2096 4354 ur.

1904 4311 2096 4356 tantur.

1940 4372 2060 4427 107.
2109 4369 2177 4426 Ut
2207 4371 2431 4441 episcopi
2456 4371 2651 4426 iudices
2694 4373 2922 4441 publicos
2951 4382 3230 4437 moneant,
3285 4379 3340 4424 ut
3385 4369 3462 4423 rei

1867 4441 2160 4496 carceribus
2185 4445 2370 4496 reclusi
2401 4443 2664 4496 nativitate
2689 4441 2918 4509 Domini,
2966 4444 3159 4511 pascha
3206 4452 3255 4496 et
3283 4451 3464 4512 pente-

174 4511 522 4585 poeniteiitia
543 4511 657 4585 Deo
676 4514 894 4585 serviat,
927 4530 1187 4585 nusquam
1217 4517 1554 4585 postmodum
1577 4516 1763 4571 seculo
1793 4519 1842 4580 Ι)
1869 4522 2007 4567 coste
2037 4513 2388 4585 absoloantur,
2421 4523 2471 4566 et
2497 4515 2682 4585 missas
2720 4515 2824 4568 illis
2853 4515 3070 4568 audiant
3096 4511 3364 4567 diebus’ac
3389 4527 3465 4562 re-

173 4585 270 4708 τοι
326 4583 661 4639 secularibus
701 4583 1070 4654 militaturus,
1122 4583 1298 4656 neque
1343 4588 1497 4644 uxori
1547 4587 1766 4657 copula-

203 4669 362 4708 “rus.

203 4672 236 4706 ll
245 4669 362 4708 rus.

255 4743 360 4820 99._
394 4743 472 4798 De
498 4745 596 4820 liis,
619 4745 712 4820 qui
734 4746 972 4820 episeopo
995 4748 1218 4820 aliquam
1243 4749 1489 4820 iniuriam
1508 4747 1585 4802 vel
1613 4748 1770 4820 delia-

175 4817 528 4890 ngorationem
559 4815 791 4890 [ecerinL
828 4815 1040 4890 Siquis
1078 4815 1594 4890 episcopoaliquam
1636 4817 1772 4890 iniu-

176 4888 326 4940 riam
377 4894 469 4939 aut
515 4886 766 4940 iniustam
808 4885 1285 4945 dehonoralionem
1326 4885 1531 4950 fecerit,
1565 4888 1633 4944 de
1665 4888 1768 4942 vita

175 4963 504 5025 coruponat,
531 4966 586 5010 et
608 4957 786 5010 omnia
816 4971 955 5025 quae
985 4959 1184 5014 habere
1214 4961 1278 5014 vi-
1297 4975 1358 5013 us
1388 4959 1565 5021 fuerit,
1598 4957 1770 5013 eccle-

175 5028 304 5080 siae
347 5027 432 5098 cui
461 5039 714 5098 praeesse
742 5025 1038 5082 dinoscitur
1086 5030 1429 5098 integerrime
1470 5028 1768 5094 sociantur,

178 5108 240 5151 et
277 5095 437 5168 nobis
466 5095 537 5150 in
572 5095 748 5168 triplo
777 5099 984 5152 bannus
1017 5095 1223 5166 noster,
1272 5101 1322 5154 id
1362 5108 1444 5154 est
1491 5099 1770 5168 sexaginta

178 5167 375 5239 solidi,
405 5167 811 5234 persolvantur;
843 5177 935 5222 aut
966 5171 1076 5239 ipse
1108 5172 1158 5224 in
1187 5170 1409 5226 servitio
1432 5169 1560 5224 fisco
1586 5167 1772 5223 nostro

181 5237 496 5311 serviturus
523 5251 738 5311 semper
773 5237 1048 5311 societur,
1091 5245 1388 5311 usquedum
1417 5255 1476 5292 se
1510 5240 1774 5294 redimere

181 5311 238 5360 in
265 5305 438 5378 triplo
463 5309 610 5362 iuxta
637 5309 934 5376 wirgildum
958 5326 1112 5365 suum
1140 5305 1394 5378 potuerit.
1422 5312 1618 5366 Sancta
1642 5324 1772 5365 vero

181 5376 447 5448 ecclesia
477 5379 529 5430 in
578 5380 946 5435 sacerdotibus
994 5376 1206 5436 constat
1234 5383 1274 5435 ¹.
1326 5379 1532 5436 Idcirco
1581 5394 1771 5448 magna

183 5463 368 5522 poena
390 5447 669 5522 ‘plectendi
692 5459 859 5522 sunt,
893 5451 991 5522 qui
1019 5452 1287 5522 episcopis
1319 5451 1400 5506 vel
1431 5451 1653 5519 reliquis
1676 5447 1772 5506 sa-

183 5518 508 5577 cerdotibus
545 5518 794 5576 iniuriam
819 5521 907 5578 vel
928 5518 1312 5579 contumeliam
1355 5518 1618 5588 fecerint;
1651 5536 1774 5576 nam

1876 4585 1994 4654 fecti
2015 4584 2162 4653 ﬁant.
2198 4583 2526 4654 Utepiscopi
2557 4583 2758 4654 iudices
2788 4585 3031 4654 publicos
3052 4589 3460 4654 commoueant,

1877 4649 1936 4707 iit
1966 4649 2024 4708 in,
2053 4656 2168 4708 dies
2195 4649 2598 4718 celeberrimos,
2631 4653 2735 4708 hoc
2786 4649 2868 4708 est
2896 4654 3230 4708 nativitatem
3257 4649 3461 4704 domini

1875 4726 2046 4779 nostri
2095 4723 2213 4778 Iesu
2242 4723 2441 4778 Christi
2496 4732 2551 4776 et
2603 4733 2844 4778 sanctam
2893 4724 3346 4778 resurrectionem
3396 4732 3460 4770 ac

1877 4803 2244 4863 pentecosten,
2274 4795 2600 4865 quicumque
2627 4793 2910 4865 miserrimi
2967 4793 3194 4847 vinculis
3218 4791 3466 4865 detinen-

1875 4859 1988 4944 tur,
2009 4865 2241 4944 rrlaxari
2261 4859 2527 4944 debeant,
2553 4872 2608 4944 et
2634 4873 2853 4944 propter
2879 4864 3058 4944 ipsam
3099 4859 3463 4944 reverentiam

1876 4935 2081 4989 domini
2107 4934 2276 5003 nostri
2305 4933 2422 4989 Iesu
2447 4930 2649 4988 Christi
2673 4930 2771 5003 ipsi
2807 4930 3041 4987 debeant
3067 4930 3460 5003 absolutionem

1874 5006 2189 5075 promereri.
2221 5002 2284 5057 Et
2324 5005 2482 5059 iudex
2509 5005 2554 5059 si
2585 4998 2853 5072 pastorem
2901 5011 3332 5075 commouente-m
3356 4998 3465 5075 de-

1876 5068 2134 5142 spexerit,
2157 5075 2414 5144 quamdiu
2459 5075 2562 5130 loci
2586 5068 2726 5129 illius
2754 5075 3011 5145 episcopo
3060 5087 3234 5127 visum
3262 5068 3462 5134 fuerit,

1875 5147 1942 5200 ab
1965 5145 2224 5200 ecclesiae
2256 5145 2528 5200 liminibus
2553 5153 2818 5200 arceatur.

1950 5237 2070 5292 108.
2115 5237 2194 5292 De
2218 5240 2496 5303 monacho,
2533 5239 2618 5305 qni
2655 5239 3023 5292 monasterium
3053 5253 3201 5290 suum
3251 5236 3463 5290 dimise-

1877 5311 1962 5366 rit.
2005 5309 2060 5364 Si
2093 5311 2388 5364 monachus
2431 5310 2814 5364 monasterium
2843 5324 2998 5362 suum
3037 5307 3319 5370 dimiserit,
3351 5320 3468 5361 om-

1883 5382 1968 5436 nia
2000 5382 2139 5435 bona
2171 5381 2357 5449 ipsius,
2387 5389 2442 5436 et
2464 5395 2604 5449 quae
2631 5379 2682 5432 in
2711 5380 3042 5434 monasterio
3090 5378 3386 5449 introduxit
3412 5385 3469 5430 et

1880 5467 2020 5522 quae
2049 5467 2157 5522 non
2189 5447 2503 5518 introduxit,
2531 5449 2751 5506 dominii
2769 5451 3081 5522 monasterii
3107 5451 3234 5510 sint,
3253 5457 3323 5522 et
3353 5447 3470 5522 ipse

1882 5514 2061 5578 oﬂicio
2090 5521 2204 5578 fisci
2233 5522 2437 5580 servire
2487 5514 2730 5592 cogatur.
2786 5520 2846 5576 Si
2892 5535 3024 5577 vero
3052 5520 3352 5577 monachus
3374 5514 3471 5574 ἰὰ

1427 5655 1822 5718 VARIANTES
1856 5659 2262 5720 LECTIONES.

269 5798 290 5834 ⁸
314 5795 457 5859 Cod.
477 5796 748 5858 Theodos.
773 5795 1004 5858 Constit.
1027 5796 1318 5858 Theodosii
1346 5810 1402 5857 et
1428 5794 1793 5859 Valentiniani
1821 5815 1872 5861 c.
1897 5799 1984 5861 90.
2013 5798 2373 5866 PuudooPiut
2395 5811 2484 5877 ep.
2504 5797 2562 5860 Β.
2637 5795 2659 5834 ⁸
2686 5794 2732 5857 tl
2760 5794 2880 5860 Bal.
2956 5792 2979 5832 '
2998 5792 3157 5872 qua!
3174 5789 3244 5862 (io
