3974 6340
557 308 660 374 7¹ῗ9

1472 312 1531 366 Β.
1573 312 1823 368 CAROLI
1862 309 2074 367 MAGNI
2111 307 2260 366 OPP.
2304 306 2480 363 PARS
2517 307 2556 364 i.
2598 309 2838 366 SECTIO
2874 311 2914 366 l.

3725 317 3820 377 780

630 437 756 496 9.79.
793 440 861 493 (:‘t
885 438 1096 508 antiqua
1126 434 1322 496 telouea
1355 441 1420 508 et
1464 435 1598 486 iusta
1643 433 1920 508 enigantur
1949 449 2002 508 _a_
2039 448 2130 484 ne-
2167 434 2207 489 A
2237 430 2471 508 legitime
2499 430 2838 508 exigebatur,
2865 429 3203 508 volumusut
3243 429 3394 508 inde
3417 424 3675 489 solvatur
3712 437 3820 494 sive

559 511 916 580 gotiatoribus,
949 501 1079 580 mira
1106 521 1223 558 vero
1265 513 1311 580 e_t
1349 505 1540 580 iniusta
1568 501 1906 572 repellantur.
1946 501 2134 580 Placet

558 571 716 636 inibis
744 583 834 641 ita,
872 588 926 630 nt
954 578 1171 644 antiqua
1208 582 1261 627 et
1291 573 1426 627 iusta
1473 571 1684 626 telonea
1721 587 1750 625 a
1778 571 2136 644 negotiatori-

558 653 662 706 bus
694 640 1112 717 exigantur‘tam
1139 645 1206 698 de
1237 644 1699 717 pontilius,_qttam
1731 641 1879 717 etde
1907 640 2132 717 navigiis

557 738 652 776 seu
686 710 956 772 meucalis.
987 714 1132 769 Nova
1160 710 1289 767 vero
1323 715 1435 766 sive
1466 712 1682 774 iniusta,
1715 713 1801 763 ubi
1854 711 1934 764 vel
1982 710 2133 762 funes

562 790 851 846 tenduntur
881 785 966 840 vel
1011 799 1131 838 cum
1188 783 1408 838 navibus
1453 782 1552 836 sub
1579 781 1832 850 pontibus
1881 782 2136 850 transitur

557 876 650 912 seu
677 859 757 911 his
779 856 991 918 similia,
1021 855 1074 908 in
1102 855 1295 924 quibus
1324 852 1523 924 nullum
1545 849 1864 924 adiutorium
1895 849 2135 924 iteranti-

558 931 656 981 bus
683 934 1005 995 prarstatur,
1036 932 1095 978 ut
1121 921 1226 978 non
1253 921 2013 995 exigantur.Similatenetiam
2039 933 2136 973 nec

560 996 629 1052 de
673 991 755 1052 bis
785 997 873 1061 qui
898 997 1014 1049 sine
1051 993 1354 1062 negotiandi
1383 1007 1544 1047 causa
1575 991 1932 1062 substantiam
1982 1003 2134 1062 suam

558 1068 626 1119 de
657 1083 758 1120 una
786 1058 946 1120 domo
974 1080 1068 1120 sua
1097 1058 1162 1118 ad
1196 1065 1354 1116 aliam
1410 1071 1498 1114 aut
1535 1061 1600 1113 ad
1639 1060 1894 1130 palatium
1941 1067 2047 1130 aut
2083 1058 2134 1112 in

561 1137 860 1191 exercitum
891 1137 1111 1188 ducunt.
1137 1133 1191 1187 Si
1231 1131 1358 1203 quid
1399 1147 1527 1203 vero
1569 1128 1730 1185 fuerit
1761 1130 1900 1203 unde
1927 1128 2136 1203 dubite-

564 1215 670 1272 tur,
703 1206 769 1260 ad
795 1198 1316 1275 placitumnostrum
1339 1243 1354 1266 ,
1379 1201 1522 1269 quod
1570 1217 1690 1256 cum
1728 1199 1904 1254 missis
1940 1198 2137 1252 nostris

564 1277 627 1330 itu
641 1274 806 1330 bituri
823 1291 1031 1340 sumus,
1050 1274 1430 1338 interrogetur.
1717 1278 1722 1285 '

634 1345 761 1400 :80.
807 1345 884 1399 De
912 1337 1023 1415 fugi
1045 1344 1135 1415 iris
1171 1337 1370 1415 clericis
1398 1350 1447 1415 et
1477 1341 1629 1415 laicis
1654 1338 1784 1394 illud
1827 1337 2137 1415 servandum

562 1424 658 1480 est,
682 1416 817 1484 quod
846 1407 1470 1484 in'ca'pitttlaridominico
1495 1413 1803 1484 continetur.
1840 1408 1914 1484 De
1957 1407 2138 1484 fngiti-

561 1477 652 1540 vis'
672 1477 882 1540 clericis
902 1477 1014 1538 sive
1043 1484 1212 1548 Inicis,
1237 1481 1323 1534 vel
1351 1484 1512 1535 etiam
1546 1480 1757 1536 feminis
1788 1519 1806 1545 ,
1847 1480 1984 1532 sicut
2033 1477 2136 1531 iam

563 1559 615 1610 in
642 1556 747 1609 alio
777 1553 1057 1621 capitulari
1081 1564 1262 1606 nostro
1287 1552 1674 1618 praecepimus.
1699 1551 1770 1603 ita
1801 1557 2064 1621 servetur.

631 1625 758 1681 9.8L
813 1617 885 1677 De
915 1623 993 1676 Itis
1017 1624 1118 1691 .qui
1147 1623 1213 1675 ad
1247 1617 1335 1673 Dei
1366 1617 1623 1674 servitia»:
1655 1623 1828 1691 volunt
1847 1617 2138 1691 “accedere,

561 1705 615 1748 ut
644 1696 831 1762 absque
855 1687 1063 1747 licentia
1091 1691 1254 1763 regali
1298 1708 1397 1744 non
1425 1691 1479 1763 id
1507 1708 1574 1761 ag
1610 1700 1698 1763 nt,
1725 1687 1987 1763 qni_liberi
2029 1689 2140 1741 exi-

562 1777 723 1820 stunt.
750 1758 933 1816 Liberi
973 1758 1216 1816 homines
1236 1801 1254 1826 ,
1283 1763 1374 1828 qui
1404 1761 1468 1814 ad
1505 1758 1781 1814 servitium
1814 1758 1905 1811 Dei
1928 1773 1996 1828 se
2026 1767 2135 1810 tra.

562 1836 692 1888 dere
722 1834 926 1896 volunt,
957 1827 1318 1901 praecipimus
1348 1840 1406 1884 ut
1451 1831 1600 1900 prius
1627 1831 1728 1883 hoc
1771 1844 1875 1901 non
1921 1827 2138 1901 faciant,

563 1919 723 1968 quam
751 1917 780 1955 a
814 1897 972 1956 nobis
998 1897 1264 1957 licentiam
1296 1897 1603 1968 postulent;
1637 1914 1756 1950 nam
1779 1898 1902 1964 quia
1939 1897 2142 1951 audivi-

566 1989 684 2025 tuus
705 1973 914 2043 aliquos
943 1988 1011 2027 ex
1039 1973 1144 2027 illis
1173 1986 1278 2043 non
1307 1979 1414 2024 tam
1444 1986 1602 2025 causa
1633 1968 2140 2043 devotion_is,_quam

565 2037 859 2096 exercitum
890 2047 1004 2097 sive
1045 2043 1202 2096 aliam
1232 2041 1555 2095 functionen
1589 2038 1819 2103 regalem
1868 2037 2140 2106 fugiendo,

558 2113 824 2179 quosdam
852 2127 979 2167 vero
1009 2112 1320 2181 cupiditatis
1358 2125 1516 2163 causa
1551 2109 1619 2162 ab
1651 2109 1859 2181 bisqui
1890 2124 1977 2161 res
2019 2107 2142 2181 illo-

567 2177 683 2235 rum
710 2177 1130 2250 concupiscunt,
1161 2181 1553 2237 circumventos
1593 2179 1926 2244 audivimus,
1958 2187 2012 2232 et
2041 2177 2144 2233 hoc

567 2253 690 2306 ideo
722 2251 832 2305 ﬁeri
866 2252 1234 2319 prohibemus.

637 2320 759 2375 982.
806 2317 878 2374 Ut
899 2323 1208 2389 potentiores
1258 2337 1504 2392 pauperes
1556 2335 1661 2392 non
1714 2317 2023 2392 obprimunt.
2071 2317 2145 2372 De

565 2392 914 2460 obpressit-ne
951 2389 1574 2461 pattperum'liberorum
1617 2389 1912 2461 hominum,
1951 2396 2008 2440 ut
2037 2403 2145 2461 non

567 2458 698 2515 fiant
727 2477 757 2515 a
800 2458 1191 2529 potentioribus
1219 2477 1316 2530 per
1356 2459 1574 2528 aliquod
1622 2460 1822 2530 malum
1873 2458 2142 2525 ingenium

564 2540 754 2585 contra
803 2527 1061 2584 iustitiam
1107 2527 1369 2599 obpressi,
1421 2527 1492 2583 ita
1540 2537 1599 2582 ut
1633 2527 1806 2599 coacti
1839 2543 1928 2599 res
1956 2542 2144 2599 eorum

563 2602 802 2653 vendant
827 2608 917 2653 aut
950 2597 1193 2656 tradant;
1212 2600 1342 2656 Ideo
1372 2602 1505 2654 haec
1532 2599 1599 2652 de
1627 2597 1808 2651 liberis
1837 2597 2146 2651 hominibus

561 2669 813 2734 dicimus,
838 2686 907 2724 ne
941 2671 1077 2724 forte
1103 2682 1351 2739 parentes
1379 2678 1566 2724 contra
1608 2667 1874 2739 iustitiam
1895 2665 2026 2739 fiant
2053 2683 2147 2722 ex-

564 2740 809 2793 heredati
839 2748 894 2793 et
920 2736 1449 2808 regale—obsequium
1480 2739 1750 2792 minuatur
1767 2745 1835 2808 et
1863 2736 1961 2805 ipsi
1991 2736 2147 2791 here-

566 2809 663 2862 des
708 2817 927 2878 propter
971 2806 1318 2878 indigentiam
1360 2808 1590 2864 mendici
1618 2809 1720 2878 vel
1765 2806 2001 2860 latrones
2050 2823 2146 2862 seu

564 2877 938 2934 malefact’ores
961 2877 1280 2934 efficiantur.
1312 2881 1377 2932 Et
1399 2887 1455 2932 ut
1483 2877 1694 2947 saepius
1715 2892 1820 2930 non
1855 2880 1985 2930 liant
2005 2892 2150 2931 man-

563 2948 754 3030 nitioad
783 2950 1034 3020 placitum
1079 2951 1120 3018 ¹,
1152 2950 1253 3004 nisi
1281 2950 1424 3005 sicut
1451 2949 1503 3003 itt
1533 2948 1638 3002 alio
1669 2947 1951 3017 capitulari
1993 2962 2146 3018 prae-

563 3031 826 3081 cepimus.
1321 3053 1326 3058 ι

633 3087 758 3142 285.
807 3090 873 3142 Ut
902 3091 1146 3146 ecilesiae
1170 3091 1366 3145 naviter
1391 3091 1626 3144 inventae
1651 3089 1761 3143 sine
1783 3087 2008 3157 episcopi
2027 3105 2146 3157 pro-

567 3156 770 3212 batione
796 3176 898 3214 non
931 3174 1242 3215 veneremur.
1268 3161 1341 3214 De
1369 3161 1614 3216 ecclesiis
1640 3174 1734 3213 seu
1763 3159 1962 3212 sanctis
1989 3156 2142 3212 novi-

567 3237 650 3281 ter
679 3232 795 3286 sine
823 3232 1148 3286 auctoritate
1179 3231 1431 3292 inventis.
1476 3230 1576 3284 nisi
1608 3229 1863 3298 episcopo
1886 3228 2146 3296 probante

566 3298 786 3353 minime
818 3311 1140 3355 venerentur
1167 3319 1178 3354 :
1203 3301 1348 3356 salva
1376 3299 1538 3355 etiam
1566 3299 1635 3354 de
1664 3300 1768 3354 hoc
1797 3306 1852 3352 et
1879 3299 1946 3352 de
1974 3299 2146 3353 omni-

566 3367 666 3420 bus
696 3371 939 3424 ecclesiis
964 3372 1221 3426 canonica
1251 3370 1594 3424 auctoritate.

637 3436 764 3510 284.
808 3439 882 3492 De
911 3440 1059 3509 falsis
1088 3457 1136 3493 m
1172 3441 1322 3502 netis,
1354 3448 1698 3510 quaerontra
1714 3438 1964 3492 iustitiam
1995 3440 2142 3504 ﬁunt.

567 3507 642 3562 De
674 3508 820 3563 falsis
865 3507 1116 3580 monetis,
1157 3511 1283 3580 quia
1313 3507 1376 3563 in'
1397 3508 1585 3580 multis
1605 3508 1734 3564 locis
1773 3520 1959 3563 contra
1991 3510 2145 3564 ἰακιί-

571 3579 698 3631 tiam
727 3589 781 3633 et
808 3590 992 3632 contra
1032 3579 1262 3634 edictum
1315 3580 1465 3641 fiunt,
1507 3579 1752 3632 volumus
1795 3587 1852 3632 ut
1894 3580 1946 3632 in
2001 3580 2148 3635 nullo

569 3649 677 3718 alio
710 3649 829 3703 loco
847 3658 1070 3718 ﬁtnoneta
1100 3650 1170 3702 sit
1201 3649 1300 3703 nisi
1333 3650 1383 3702 in
1416 3647 1615 3718 palatio
1643 3658 1846 3710 nostro,
1882 3650 1980 3703 nisi
2012 3650 2148 3703 forte

568 3717 764 3770 iterum
813 3717 972 3771 aliter
1024 3733 1053 3770 a
1104 3720 1257 3774 nobis
1301 3717 1460 3772 fuerit
1504 3717 1828 3772 ordinatum.
1861 3718 1938 3772 Illi
1969 3730 2145 3774 tamen

567 3787 796 3858 denarii,
846 3788 936 3854 qui
983 3789 1143 3842 modo
1191 3788 1468 3844 monedati
1515 3795 1655 3853 sunt,
1689 3788 1736 3843 si
1780 3800 2065 3858 pensantes
2093 3799 2149 3844 et

569 3857 701 3909 meri
730 3857 942 3921 fuerint,
975 3858 1294 3912 habeantur.

637 3925 761 3999 285.
806 3927 873 3981 Ut
917 3929 1227 3982 hcribannus
1281 3928 1565 3984 dontinirus
1611 3928 1834 3996 ﬁdc'iter
1883 3931 2142 3999 exigatur.

567 3995 643 4051 De
674 3997 967 4052 heribanno
993 4000 1274 4066 volumus,
1304 4008 1362 4053 ut
1391 3999 1537 4052 missi
1569 3995 1738 4053 nustri
1781 4000 1884 4053 hoc
1922 3995 2149 4054 ﬁdeliter

564 4069 784 4136 exigant
837 4070 1040 4136 absque
1091 4069 1249 4123 ullius
1304 4083 1568 4137 personae
1613 4071 1822 4136 gratia,
1857 4069 2147 4123 blanditiae

565 4137 878 4220 [blanditiel
895 4147 1224 4220 seuterrore
1243 4139 1535 4220 secundum
1560 4138 1846 4220 iussionem
1872 4149 2144 4219 nostram;

565 4208 618 4262 id
651 4217 733 4261 est
762 4211 828 4261 de
857 4208 1085 4261 homine
1129 4208 1362 4263 habente
1390 4209 1552 4263 libras
1581 4224 1676 4261 sex
1708 4209 1759 4260 in
1789 4224 1941 4272 auro,
1974 4209 2025 4261 in
2055 4223 2144 4260 ar-

565 4288 753 4344 gento,
782 4278 1008 4344 bruniis,
1040 4288 1374 4345 aeramento,
1403 4279 1592 4347 pannis
1635 4279 1876 4345 integris,
1902 4277 2142 4344 caballis,

569 4347 778 4408 ovibus,
809 4349 989 4400 vaccis
1027 4347 1114 4399 vel
1144 4349 1251 4399 alio
1281 4349 1510 4414 peculio,
1546 4348 1616 4400 ita
1647 4357 1704 4400 ut
1733 4363 1928 4401 uxores
1959 4362 2144 4401 eorum

566 4417 653 4470 vel
681 4416 910 4470 infantes
940 4431 1047 4469 non
1077 4417 1205 4468 liant
1233 4418 1364 4485 disp:
1391 4417 1500 4470 liati
1533 4432 1630 4485 pro
1655 4417 1754 4470 hac
1785 4433 1861 4481 re,
1889 4421 1954 4471 de
1982 4418 2142 4471 vesti-

2175 3131 2222 3194 C

2237 501 2304 555 de
2334 500 2545 569 propria
2570 516 2796 569 persona
2827 501 3058 556 hominis
3086 503 3200 555 sive
3227 502 3293 556 de
3322 503 3497 557 rebus.

2304 570 2427 624 287.
2463 568 2599 633 Quid
2624 571 2686 624 de
2712 571 2994 625 latronibus
3017 573 3270 640 agendum
3298 574 3384 626 sit.
3413 575 3485 629 De
3513 573 3819 632 latmnibus

2233 640 2370 722 sicut
2409 641 2510 693 iant
2554 649 2679 695 ante
2709 644 2761 695 in
2817 642 2922 694 alio
2972 643 3252 710 capitu'ari
3297 644 3816 713 commendavimns,

2234 719 2308 765 ita
2342 719 2575 763 maneat.

2303 779 2426 851 288.
2471 780 2604 851 Quid
2631 780 2696 832 de
2731 781 2834 834 illis
2864 782 2950 846 qui
2993 799 3179 836 uxores
3221 781 3406 836 habent
3430 785 3732 851 ﬁscalinas,
3759 793 3816 842 sit

2234 849 2510 920 agendum.
2553 850 2626 903 De
2658 851 2838 904 liberis
2876 852 3178 906 hominibus
3218 854 3307 916 qui
3339 849 3544 908 uxores
3575 855 3646 908 de
3689 858 3815 911 list-is

2235 921 2502 992 regalibus
2527 920 2743 992 habent,
2783 930 2830 992 et
2870 921 2937 992 de
2966 923 3179 976 feminis
3214 938 3351 992 quae
3381 924 3592 978 liberae
3622 936 3814 982 suntet

2234 989 2481 1044 homines
2506 990 2752 1044 similiter
2795 991 3062 1045 fiscalinos
3092 989 3268 1060 regios
3300 993 3502 1046 habnt
3543 1004 3644 1048 aut
3681 1000 3812 1051 acci-

2235 1060 2385 1128 piunt
2415 1075 2431 1112 :
2464 1067 2521 1112 ut
2552 1075 2650 1114 nec
2679 1060 2745 1114 de
2774 1062 3072 1115 hereditate
3112 1071 3393 1128 parentum
3435 1063 3525 1118 vel
3569 1064 3640 1117 de
3669 1081 3814 1121 causa

2234 1145 2330 1183 sua
2357 1129 2664 1199 quaerenda
2689 1146 2788 1184 nec
2817 1131 2883 1184 de
2912 1133 3222 1187 testimonio
3246 1149 3342 1199 pro
3364 1133 3464 1186 hac
3497 1148 3562 1188 re
3590 1135 3811 1190 abician-

2237 1197 2481 1271 turgfsed
2513 1200 2632 1253 talis
2675 1201 2828 1254 nobis
2871 1201 2923 1254 in
2976 1201 3076 1256 hac
3124 1197 3283 1256 causa
3331 1202 3514 1256 honor
3563 1216 3812 1271 servetur,

2236 1269 2408 1344 qualis
2431 1279 2484 1322 et
2523 1271 2958 1324 antecessoribus
2997 1273 3195 1344 nostris
3226 1272 3436 1340 regibus
3469 1273 3565 1326 vel
3596 1269 3812 1344 impera;

2238 1339 2446 1393 toribus
2469 1348 2712 1391 servatus
2733 1354 2852 1394 esse
2881 1342 3242 1403 cognoscitur.

2306 1410 2430 1463 289.
2475 1409 2552 1462 De
2593 1409 2736 1464 lbris
2783 1413 3076 1472 canonicis,
3125 1423 3180 1465 ut
3226 1415 3475 1466 veraciter
3524 1413 3808 1466 habeantur.

2240 1479 2587 1552 Volumuset
2610 1479 2681 1552 ita
2712 1481 2886 1534 missis
2915 1482 3110 1552 nostris
3153 1483 3406 1535 mandare
3436 1486 3808 1552 praecipimus,

2239 1558 2298 1602 ut
2327 1549 2375 1601 in
2399 1549 2641 1605 ecclesiis
2672 1550 2788 1604 libri
2819 1551 3062 1604 canonici
3089 1567 3305 1606 veraces
3337 1549 3671 1619 habeantur,
3694 1549 3809 1609 sicut

2240 1619 2344 1672 iam
2377 1619 2428 1671 in
2459 1620 2563 1672 alio
2589 1621 2868 1687 capitulari
2899 1621 3078 1685 sepius
3107 1621 3503 1676 mandavimus.

2311 1688 2436 1742 290.
2473 1687 2549 1741 De
2577 1689 2754 1755 loicis,
2784 1699 2840 1742 ut
2863 1693 3146 1744 orationem
3194 1691 3510 1745 dominicam
3541 1694 3808 1746 mentiriter

2245 1760 2465 1813 discant.
2500 1759 2566 1813 Ut
2594 1759 2713 1813 laici
2750 1760 3034 1814 simbolum
3065 1771 3120 1813 et
3161 1763 3462 1814 orationem
3499 1761 3803 1817 dominicam

2249 1830 2476 1894 pleniter
2493 1828 2728 1899 discant.
2761 1831 2999 1883 Comites
3037 1845 3250 1899 quoque
3280 1839 3334 1885 et
3373 1834 3700 1898 centenarii,
3727 1849 3803 1885 no-

2244 1899 2379 1971 biles
2401 1898 2525 1971 viri,
2566 1899 2734 1966 legem
2763 1915 2914 1971 suam
2947 1898 3178 1971 pleniter
3203 1901 3431 1964 discant,
3463 1903 3615 1956 sicut
3645 1903 3692 1956 in
3718 1904 3802 1957 alio

2243 1969 2364 2023 loco
2385 1969 2658 2024 decretum
2694 1978 2796 2023 est.
2822 1969 3188 2036 Praecipimus
3209 1979 3385 2024 autem
3417 1973 3604 2026 missis
3634 1975 3801 2028 nostris

2245 2050 2410 2106 utea,
2440 2053 2578 2106 quae
2601 2039 2781 2093 multis
2820 2040 2922 2092 iam
2953 2041 3107 2094 annis
3145 2056 3242 2109 per
3276 2042 3513 2108 capitula
3567 2053 3738 2096 nostra
3762 2045 3801 2095 in

2245 2117 2359 2163 toto
2405 2122 2572 2176 regno
2609 2119 2796 2163 nostro
2838 2110 3212 2165 mandavimus
3252 2125 3434 2177 agere,
3465 2111 3694 2172 discere.
3722 2115 3798 2165 ob-

2244 2194 2462 2232 servare
2493 2179 2573 2232 vel
2598 2179 2648 2232 in
2679 2179 3120 2234 consuetudinem
3153 2180 3375 2240 habere.
3401 2190 3460 2234 ut
3482 2182 3619 2236 haec
3647 2185 3802 2237 munia

2243 2263 2387 2303 nunc
2432 2249 2715 2315 diligenter
2764 2249 3032 2318 inquirant
3076 2258 3132 2305 et
3177 2251 3396 2305 omnino
3448 2250 3519 2304 ad
3553 2253 3801 2305 servitium

2249 2319 2340 2371 Dei
2368 2327 2423 2372 et
2451 2319 2516 2372 ad
2560 2319 2843 2373 utilitatem
2889 2329 3127 2374 nostram
3175 2321 3261 2373 vel
3309 2321 3375 2373 ad
3406 2323 3644 2375 omnium
3683 2323 3801 2376 chri-

2246 2387 2544 2442 stianorum
2567 2389 2839 2442 hominum
2867 2389 3164 2455 profectum
3196 2391 3455 2444 innovare
3475 2394 3736 2454 studeant,
3757 2403 3800 2444 et

2246 2467 2506 2526 quantum
2539 2458 2766 2530 Domino
2798 2460 3033 2530 donante
3063 2461 3408 2528 praevalent,
3436 2462 3500 2515 ad
3528 2462 3799 2530 perfer-tuin

2247 2543 2417 2600 usque
2457 2529 2751 2600 perducant
2793 2537 2848 2582 et
2894 2529 3046 2600 nobis
3099 2531 3321 2600 omnino
3357 2529 3671 2594 renuntient,
3695 2535 3801 2600 quis

2249 2599 2372 2670 inde
2400 2607 2671 2670 certamen
2703 2599 2907 2670 bonum
2947 2599 3050 2653 hoc
3093 2599 3392 2670 adimplere
3433 2599 3720 2663 habuisset,
3749 2611 3798 2652 tu

2247 2681 2278 2720 a
2311 2667 2420 2722 Deo
2448 2675 2503 2722 et
2529 2682 2560 2720 a
2590 2669 2742 2722 nobis
2769 2669 2995 2734 gratiam
3042 2667 3256 2724 habeat.
3285 2671 3381 2734 Qui
3416 2680 3578 2723 autem
3616 2672 3790 2734 negle-

2247 2751 2378 2810 gens
2415 2737 2538 2792 inde
2566 2737 2734 2810 fuerit
2769 2738 2809 2803 ³,
2853 2749 2911 2792 ιιι
2949 2738 3106 2791 talem
3154 2740 3479 2810 disciplinam
3513 2740 3788 2808 percipiat,

2247 2805 2459 2872 qualem
2511 2807 2630 2880 talis
2676 2809 2746 2861 sit
2774 2817 3118 2880 contemptor
3147 2805 3391 2880 recipere
3419 2805 3627 2879 dignus,
3649 2805 3718 2860 ita
3743 2817 3796 2860 ut

2249 2886 2303 2930 et
2325 2877 2529 2948 caeteri
2558 2887 2756 2930 metum
2788 2879 3020 2931 habeant
3050 2877 3298 2948 amplius.

2318 2945 2446 3000 291.
2481 2948 2719 3018 Capitula
2747 2964 2876 3017 quae
2901 2955 2966 3018 at
2997 2945 3158 3017 legrni
3182 2950 3414 3004 Salicem
3435 2950 3672 3004 mittenda
3699 2957 3800 3000 sunt

2247 3017 2312 3071 de
2337 3017 2590 3071 occisione
2619 3019 2920 3072 clericorum
2951 3017 2971 3048 ⁸
3008 3020 3084 3072 vel
3110 3021 3228 3073 aliis
3249 3023 3441 3075 causis.
3482 3021 3584 3086 Qui
3613 3019 3800 3071 subdiu-

2251 3103 2447 3143 conum
2477 3087 2753 3155 occiderit,
2785 3097 3057 3142 trecentos
3099 3089 3120 3119 ⁵
3147 3091 3347 3146 solidos
3401 3099 3700 3158 conponat;
3727 3088 3798 3156 Qui

2251 3159 2573 3230 diaconum,
2620 3159 3032 3226 quadringentos
3073 3159 3094 3190 ⁸
3141 3161 3343 3215 solidos
3381 3170 3684 3230 conponat;
3728 3159 3798 3224 qui

2250 3228 2638 3302 presbiterum,
2685 3237 2967 3302 sescentos
2999 3231 3054 3293 7;
3087 3231 3174 3302 qui
3216 3228 3556 3300 episeopum,
3598 3241 3800 3296 nongen-

2252 3308 2332 3353 tos
2353 3299 2408 3362 ες
2438 3298 2528 3364 qui
2559 3299 2901 3361 monachum,
2933 3298 3333 3367 quadringentis
3369 3302 3388 3332 ’
3420 3301 3613 3355 solidis
3650 3303 3797 3365 culpa-

2248 3369 2369 3423 bilis
2395 3367 2677 3422 iudicetur.
2700 3368 2755 3420 Si
2779 3384 2812 3437 q
2839 3369 2899 3420 :is
2917 3367 2970 3422 in
2999 3370 3316 3424 imnunitate
3339 3372 3598 3425 damnum
3622 3369 3800 3435 aliquod

2250 3439 2476 3510 fecerit,
2525 3447 2827 3510 sexcentos
2857 3440 2898 3469 ¹⁰
2940 3439 3140 3493 solidos
3194 3451 3489 3510 conponat.
3545 3439 3603 3510 _Si
3655 3449 3798 3491 autem

2248 3509 2412 3564 homo
2443 3509 2640 3578 furtum
2679 3515 2772 3562 aut
2818 3509 3140 3563 homicidum
3182 3509 3369 3565 fecerit
3411 3521 3508 3563 aut
3557 3509 3797 3578 quodlibet

2249 3581 2450 3634 crimen
2478 3577 2608 3632 foris
2647 3579 2990 3633 committens
3029 3579 3162 3632 infra
3205 3577 3796 3646 inntunilateni'fugerit.

2247 3649 2466 3703 mandet
2493 3664 2677 3718 comes
2723 3648 2807 3701 vel
2838 3651 3092 3718 episcopo
3126 3650 3212 3705 vel
3257 3652 3438 3704 abbati
3487 3650 3582 3704 vel
3623 3647 3800 3702 vicedo-

2248 3720 2394 3773 mino
2422 3718 2509 3772 vel
2546 3717 2650 3788 illi,
2681 3719 2770 3787 qui
2817 3717 2990 3773 locum
3021 3717 3258 3788 episcOpi
3293 3721 3370 3774 \el
3400 3721 3623 3788 abbatis
3651 3727 3801 3771 tenue-

2247 3790 2335 3853 rit,
2367 3795 2425 3840 ut
2463 3787 2655 3842 reddat
2696 3793 2745 3841 ei
2776 3803 2947 3843 reum.
2981 3790 3036 3841 Si
3069 3789 3158 3843 ille
3187 3787 3594 3844 contradixerit
3621 3798 3673 3843 et
3704 3802 3798 3840 eum

2246 3859 2474 3912 reddere
2503 3857 2754 3921 noluerit,
2784 3858 2833 3911 in
2867 3861 3034 3928 prima
3065 3859 3494 3914 contradictione
3525 3856 3800 3928 quindecim

2245 3928 2445 3998 solidos
2473 3938 2766 3998 conponat.
2798 3927 2851 3981 Si
2871 3927 2945 3981 ad
2968 3931 3254 3983 secumlam
3279 3927 3687 3998 inquisitionem
3706 3941 3800 3980 eum

2246 3995 2471 4051 reddere
2513 3997 2760 4061 noluerit,
2811 3999 3023 4065 triginta
3067 3999 3271 4058 solidos
3314 3995 3620 4065 conponat.
3650 3997 3702 4052 Si
3727 4010 3804 4048 nec

2245 4067 2312 4138 ad
2343 4066 2554 4138 tertiam
2585 4068 2888 4138 consentire
2921 4069 3150 4122 voluerit
3181 4066 3442 4138 quicquid
3493 4085 3630 4125 reus
3656 4067 3806 4138 damni

2247 4135 2453 4200 fecerit,
2489 4145 2656 4190 totum
2684 4137 2790 4201 ille,
2824 4139 2912 4206 qui
2944 4153 3064 4192 eum
3107 4135 3243 4192 infra
3285 4135 3672 4193 inmunitatem
3701 4136 3800 4190 reti.

2246 4215 2337 4259 net
2367 4220 2465 4259 nec
2519 4206 2744 4260 reddere
2791 4208 2920 4273 vult,
2953 4212 3166 4262 solvere
3209 4218 3456 4277 cogatur.
3493 4210 3569 4262 Et
3601 4209 3709 4276 ipse
3731 4219 3805 4277 co-

2246 4291 2359 4329 tnrs
2389 4277 2604 4330 veniens
2645 4277 2912 4330 licentiam
2945 4278 3138 4331 habent
3168 4274 3340 4346 ipsum
3369 4274 3656 4333 hominem
3699 4274 3805 4328 inin

2247 4345 2618 4400 imnuuitatem
2665 4349 2992 4413 quaerendi,
3048 4345 3366 4416 ubicumque
3409 4364 3541 4402 eum
3597 4346 3809 4400 invenire

2245 4416 2500 4483 patuerit.
2531 4417 2586 4469 Si
2640 4425 2818 4469 autem
2848 4418 2899 4469 in
2931 4417 3099 4484 prima
3138 4418 3483 4484 inquisitione
3531 4417 3716 4472 comiti
3741 4429 3810 4466 rc.-

567 4485 766 4540 mentis
804 4500 988 4539 eoi-um
1027 4486 1294 4556 accipiant
1339 4487 1626 4555 legitimum
1671 4486 2046 4555 heribannum,
2093 4489 2142 4541 id
2173 4487 2221 4547 D
2247 4499 2502 4556 Sponsum
2534 4485 2712 4556 fuerit,
2734 4489 2876 4553 quod
2903 4502 3024 4540 reus
3052 4486 3186 4540 infra
3210 4489 3592 4543 inmunitatem
3619 4486 3808 4556 quidem

565 4565 648 4611 est
678 4556 840 4610 libras
863 4565 994 4610 tres.
1025 4555 1126 4620 Qui
1155 4572 1284 4610 vero
1310 4574 1414 4611 non
1453 4557 1698 4610 habuerit
1724 4558 1950 4625 amplius
1974 4559 2024 4610 in
2056 4575 2144 4612 su-

565 4627 867 4696 prascripto
897 4627 1071 4696 pretio
1103 4627 1316 4680 valente
1364 4627 1462 4680 nisi
1503 4627 1664 4681 libras
1695 4635 1832 4691 tres,
1859 4628 2013 4682 solidi
2047 4629 2143 4680 tri-

565 4697 712 4763 ginta
745 4697 814 4750 ab
843 4711 908 4751 eo
937 4699 1239 4764 erigantur.
1269 4697 1366 4762 Qui
1394 4706 1570 4750 autem
1601 4712 1708 4751 non
1745 4697 1991 4752 habuerit
2025 4712 2141 4750 am-

566 4767 704 4837 plius
733 4767 830 4820 nisi
852 4767 982 4821 duas
1005 4767 1186 4830 libras,
1210 4767 1396 4822 decem
1419 4767 1620 4821 solidos
1643 4767 1901 4821 exsolvat.
1934 4766 1989 4820 Si
2015 4782 2142 4821 vero

567 4837 668 4891 nisi
699 4839 719 4868 ¹
747 4853 905 4890 unam
930 4839 1117 4890 libram
1156 4837 1420 4901 habuerit,
1462 4838 1663 4891 solidos
1685 4838 1940 4905 quinque,
1975 4839 2045 4890 ita
2088 4846 2145 4890 ut

565 4906 757 4960 iterum
780 4923 839 4962 se
859 4907 1030 4978 valeat
1057 4923 1304 4978 reparare
1326 4909 1390 4961 ad
1417 4909 1507 4962 Dei
1535 4909 1809 4960 servitium
1834 4914 1892 4978 et
1907 4917 2143 4960 nostram

567 4977 876 5031 utilitatem.
934 4977 999 5030 Et
1050 4977 1196 5032 missi
1253 4979 1417 5032 nostri
1473 4985 1702 5032 caveant
1755 4986 1813 5030 ut
1867 4977 2150 5045 diligenter

567 5047 859 5114 inquirant,
902 5063 969 5101 ne
999 5063 1095 5114 per
1131 5047 1346 5116 aliquod
1377 5047 1573 5101 malum
1609 5047 1874 5114 ingenium
1909 5057 2145 5102 nostram

567 5117 884 5240 slubtrlahant
921 5118 1172 5172 iustitiam
1223 5118 1377 5172 alteri
1426 5117 1685 5172 tradendo
1735 5124 1828 5170 aut
1869 5131 2148 5179 commen-

613 5203 694 5238 allt
721 5202 774 5240 0.

613 5188 774 5242 alltIO.

638 5255 764 5330 286.
803 5258 869 5311 l't
898 5275 1076 5313 census
1099 5259 1288 5330 regalis
1316 5258 1437 5312 inde
1460 5259 1706 5330 solvatur2
1737 5257 1872 5310 unde
1891 5258 2014 5311 o'im
2037 5257 2148 5330 rai-

567 5327 781 5398 gebatur
824 5330 1064 5398 legitime.
1116 5327 1319 5384 Leusus
1364 5328 1557 5398 regalis
1603 5327 1972 5395 undecumque
2018 5327 2146 5382 olim

2253 4555 2452 4617 luisset,
2484 4556 2575 4609 sed
2620 4555 2740 4624 fuga
2789 4557 2968 4625 lapsus
3019 4558 3209 4618 fuerit:
3252 4559 3431 4612 statim
3486 4553 3654 4622 iuret,
3691 4553 3811 4622 quod

2251 4625 2365 4692 ipse
2394 4626 2458 4677 ad
2490 4626 3056 4681 iustitiaut'cuiuslibet
3083 4626 3466 4683 disfaciendatn
3494 4628 3686 4692 lugere
3711 4637 3812 4678 eum

2251 4709 2356 4747 non
2396 4694 2638 4760 fecisset,
2669 4705 2725 4750 et
2749 4697 2820 4751 sit
2856 4698 2906 4751 ei
2947 4697 2996 4749 in
3030 4698 3132 4752 hoc
3160 4697 3512 4753 satisfactum.
3551 4697 3611 4752 Si
3655 4705 3812 4750 autem

2251 4764 2467 4818 intranti
2499 4767 2549 4818 in
2581 4766 2748 4835 ipsam
2780 4767 3148 4822 inmunitatem
3181 4769 3363 4823 comiti
3411 4768 3646 4822 collecta
3676 4778 3812 4817 manu

2250 4835 2501 4904 quislibet
2546 4841 2797 4890 resistere
2840 4840 3146 4903 teutavrrit,
3177 4854 3358 4893 comes
3393 4837 3504 4892 hoc
3553 4841 3622 4891 ad
3654 4848 3811 4904 regem

2253 4907 2335 4959 vel
2366 4905 2430 4958 ad
2482 4907 2773 4975 principem
2815 4907 3040 4972 delerat,
3073 4918 3130 4962 ut
3181 4909 3378 4964 ibidem
3431 4908 3725 4962 iudicetur.
3763 4905 3815 4956 Ει

2249 4976 2385 5029 sicut
2415 4975 2522 5037 ille,
2571 4979 2660 5043 qui
2693 4977 2744 5030 in
2788 4977 3108 5033 inmunitate
3156 4979 3407 5032 damnum
3455 4979 3611 5042 fecit,
3645 4989 3815 5030 sexen-

2250 5045 2599 5100 tosllsolilos
2629 5062 2937 5114 conponere
2964 5048 3142 5106 debet.
3175 5049 3246 5102 ita
3269 5051 3359 5116 qui
3388 5049 3579 5102 comiti
3610 5046 3815 5102 collecta

2247 5131 2415 5187 mann
2421 5117 2670 5171 resistere
2693 5117 3003 5185 praesumit,
3019 5128 3303 5173 sexcentos
3317 5119 3520 5174 solidos
3536 5123 3814 5187 cooponat.

2319 5183 2441 5238 29‘2.
2484 5183 2723 5258 Qapilula
2749 5203 2879 5258 quae
2904 5189 3122 5258 domnus
3151 5187 3378 5243 Karo'us
3398 5183 3689 5252 imperator
3714 5200 3816 5258 cott-

2243 5257 2428 5310 stituit.
2483 5255 2568 5311 Ut'
2597 5255 2772 5312 nullus
2818 5257 2882 5311 ad
2925 5257 3180 5326 placitum
3225 5274 3374 5315 arma
3413 5258 3553 5313 infra
3607 5257 3818 5328 patriam

2245 5333 2444 5396 portet.

1775 5461 2165 5517 YARIANTES
2201 5460 2600 5518 LECTIONES.

646 5581 662 5612 ³
694 5578 949 5648 palatium
977 5579 1038 5634 (ι.
1126 5582 1146 5648 ξ
1174 5595 1224 5634 v.
1256 5593 1433 5632 minus
1462 5593 1516 5632 n.
1549 5577 1616 5632 G.
1709 5577 1729 5608 ³
1759 5559 1929 5630 fuerat
1956 5574 2019 5629 G.

578 5652 597 5682 τ
624 5647 784 5704 naecc
823 5666 886 5702 ex
929 5667 1066 5703 corr.
1108 5647 1173 5702 ϐ.

2108 5574 2128 5605 ⁸
2159 5574 2507 5630 diaconorum
2540 5576 2638 5630 Bal
2711 5579 2732 5611 ⁸
2757 5593 2884 5633 cccc
2912 5593 2978 5632 ea:
3008 5594 3141 5632 corr.
3170 5577 3238 5633 G.

1267 5649 1288 5678 ⁸
1315 5650 1382 5702 de
1411 5649 1515 5701 vita
1561 5657 1848 5716 componat
1875 5663 1940 5699 ea:
1989 5662 2125 5700 corr.
2156 5644 2222 5698 G.

3331 5577 3350 5608 ‘
3380 5593 3442 5632 oc
3478 5595 3540 5632 ea:
3595 5594 3735 5635 corr.
3767 5576 3817 5631 ϐ.

2316 5645 2336 5675 ⁹
2368 5660 2494 5701 cccc
2522 5657 2577 5701 et
2609 5647 2838 5714 insuper
2880 5648 3112 5703 baunum
3145 5649 3196 5703 id
3235 5657 3318 5703 est
3345 5647 3433 5703 LX
3460 5649 3562 5702 sol.
3597 5659 3657 5703 et
3683 5662 3821 5703 arma

566 5720 840 5804 relinquat
871 5727 1031 5800 atque
1085 5719 1150 5804 in
1168 5715 1706 5804 monasteriidicbus
1749 5717 1890 5770 vitae
1916 5730 2045 5769 suae
2069 5715 2365 5804 sublardua
2410 5718 2703 5786 penitentia
2733 5719 3095 5804 Deonseruiat.
3142 5719 3199 5776 Si
3229 5721 3347 5789 quis
3402 5719 3454 5774 in
3504 5719 3825 5775 inmunitate

561 5800 658 5842 etc.
694 5787 874 5845 Codex
911 5790 1076 5858 regius
1111 5788 1280 5843 Paris.
1313 5787 1384 5842 N.
1420 5787 1578 5841 6576.

1655 5787 1695 5818 ¹⁰
1725 5801 1882 5842 acccc
1906 5803 1970 5840 ea:
1999 5801 2135 5840 corr.
2167 5785 2229 5842 (ἱ.

2313 5789 2349 5818 ¹¹
2387 5804 2544 5844 occcc
2574 5806 2638 5844 ea:
2666 5805 2799 5846 rorr.
2829 5789 2896 5846 (ὲ.
2934 5832 2936 5834 τ
