3974 6340
237 310 362 370 739

747 309 900 366 COD.
943 307 1215 365 DlPLOM.
1245 308 1694 366 -—BENEDICTI
1731 310 2246 368 CAPITULARIUM
2284 312 2685 370 COLLECTIO.
2719 346 2786 354 —
2823 315 2952 369 LIB.
2994 315 3057 369 ll.

3413 321 3532 378 790‘

236 427 380 490 bus;
438 423 532 482 sed
556 422 786 496 quando
813 438 911 480 vos
951 437 1158 492 nosque
1193 423 1248 496 in
1279 423 1499 496 hostem
1537 423 1826 496 pergimus,
1859 429 1903 486 Α
1931 425 2016 480 cui
2041 440 2132 480 eas
2157 425 2324 496 altero
2350 436 2512 496 atque
2534 427 2744 492 dedico,
2771 427 3196 483 districtissimas
3216 430 3403 486 reddat
3434 449 3518 489 ra-

237 498 353 580 i_psi
381 493 921 580 propriis_resi_deant
959 497 1014 549 in
1054 494 1319 580 parochiis
1353 493 1571 580 Deoque
1603 494 1831 580 fideliter

237 565 498 622 famulari
520 565 767 621 studeant
787 574 841 618 et
861 579 1047 620 eorum
1069 573 1410 620 sacrosancta
1433 565 1668 621 misteria
1706 566 1720 596 ¹
1745 579 1835 620 ca-

241 638 450 692 nonire
478 647 534 691 et
561 636 673 690 Deo
716 634 924 705 placide
959 648 1215 703 peragere
1242 644 1511 703 satagaut,
1551 645 1711 704 alque
1737 651 1832 706 pro

235 709 410 762 vobis
455 716 512 762 et
555 714 751 761 cuncto
788 705 1030 760 exercitu
1065 712 1245 760 vestro
1280 720 1385 759 una
1417 722 1539 761 cum
1585 705 1834 762 omnibus

234 779 349 834 sibi
381 776 687 832 commissis
711 790 868 830 orare
891 775 1117 830 viriliter
1138 775 1435 843 missasque
1463 775 1753 830 decantare
1778 785 1834 831 et

236 848 480 902 letanias
523 857 684 916 atque
708 845 1019 916 elimosinas
1046 859 1206 914 agere
1235 847 1532 901 decerteut.
1561 845 1830 911 Quosdam

234 919 396 973 enim
421 933 490 973 ex
521 915 609 972 eis
639 918 693 970 in
739 915 984 970 hostibus
1009 924 1070 972 et
1099 916 1315 985 praeliis
1352 917 1662 970 vulneratos
1691 917 1831 970 vidi-

235 1004 390 1054 mus,
409 996 465 1043 et
481 986 740 1057 quosdam
763 986 963 1057 perisse
983 986 1352 1057 cognovimus.
1367 985 1509 1041 llaec
1532 1002 1660 1041 vero
1672 986 1833 1057 valde

235 1055 550 1127 periculosa
598 1067 656 1112 et
701 1056 901 1126 oppido
957 1066 1084 1125 sunt
1122 1055 1380 1112 cavenda.
1429 1057 1578 1123 Quae
1633 1056 1831 1111 idcirco

233 1129 614 1197 suggerimus,
643 1142 712 1181 ne
737 1142 836 1196 pro
862 1127 1182 1197 talibusivos
1221 1135 1276 1181 et
1319 1142 1418 1180 nos
1455 1127 1613 1181 simul
1647 1142 1832 1192 perea-

234 1196 390 1254 mus.
418 1197 578 1253 Novit
599 1197 874 1268 Dominus,
902 1196 1118 1268 quando
1141 1211 1236 1268 eos
1261 1197 1313 1252 in
1346 1197 1539 1252 talibus
1567 1198 1829 1264 videmus,

237 1278 430 1324 terror
457 1267 814 1336 adprehendit
841 1266 961 1330 nos,
988 1275 1043 1321 et
1064 1266 1284 1336 quidam
1313 1283 1379 1320 ex
1412 1268 1610 1323 nostris
1638 1268 1830 1324 timore

234 1337 523 1408 perterriti
549 1347 768 1408 propter
787 1339 890 1393 hoc
915 1337 1098 1406 fugere
1119 1348 1174 1391 et
1198 1338 1425 1392 inimicis
1449 1347 1596 1405 terga
1621 1346 1830 1393 vertere

235 1407 451 1464 Solent.
496 1407 684 1463 Plures
720 1407 863 1462 enim
896 1409 1123 1476 potestis
1150 1408 1350 1461 habere
1381 1411 1754 1476 praeliatores,
1784 1409 1828 1463 si

235 1479 321 1532 illi
373 1479 608 1549 propriis
653 1477 893 1533 resident
920 1478 973 1532 in
1005 1479 1315 1549 parrochiis,
1364 1494 1525 1546 quam
1565 1478 1610 1532 si
1649 1479 1831 1549 vobis-

234 1547 386 1604 cum‘
413 1547 675 1620 pergunt;
729 1547 1151 1620 quoniam’illi,
1192 1548 1300 1620 qui,
1342 1563 1438 1602 eos
1492 1548 1823 1620 praevident,

235 1617 442 1675 omnes
471 1627 600 1690 tunc
624 1618 968 1690 pugnabunt;
1012 1619 1156 1690 quod
1182 1617 1344 1690 modo
1383 1617 1720 1690 nequaquam
1740 1617 1824 1690 l‘a-

233 1691 420 1756 ciunt,
467 1689 562 1744 sed
604 1688 700 1745 eos
745 1689 1120 1743 tantummodo
1162 1689 1490 1744 custodiunt.
1535 1688 1666 1742 Nam
1707 1689 1824 1743 sine

234 1760 413 1815 dubio
442 1758 620 1828 potius
647 1758 800 1814 vobis
826 1759 1088 1829 nobisque
1117 1757 1377 1828 prolicere
1397 1766 1640 1829 possunt,
1671 1759 1714 1813 si
1740 1774 1826 1813 re-

237 1830 568 1893 manserint,
605 1844 764 1898 quam
796 1828 842 1884 si
882 1828 934 1883 in
965 1828 1173 1883 liestem
1206 1829 1288 1883 vel
1334 1828 1408 1882 ad
1431 1843 1662 1898 pugnam
1703 1844 1826 1899 per-

237 1902 490 1955 rexeriut
522 1919 533 1954 :
567 1903 693 1969 quia
735 1908 859 1954 tunc
890 1914 1077 1954 eorum
1123 1899 1370 1968 precibus
1400 1899 1738 1963 adiuvamur,
1771 1906 1828 1954 et

234 1970 412 2040 [nodo
461 1986 651 2027 eorum
720 1969 983 2040 pressuris
1049 1982 1354 2036 gravantur.
1412 1969 1637 2036 Quando
1674 1985 1826 2040 ~vero

237 2039 459 2111 Moyses
487 2038 743 2110 expansis
772 2040 837 2094 ad
859 2039 1073 2111 coelum
1106 2040 1350 2111 manibus
1395 2040 1606 2111 orabat,
1636 2038 1824 2096 vince-

236 2110 348 2164 bat
366 2111 565 2167 Israhel
585 2127 600 2174 ;
628 2119 684 2166 et
697 2110 914 2181 quando
931 2126 963 2164 a
987 2110 1266 2180 praecibus
1285 2110 1530 2164 cessabat
1555 2119 1611 2163 et
1639 2125 1825 2163 manus

235 2181 361 2236 eius
405 2182 789 2251 gravabantur,
838 2181 1148 2249 priusquam
1191 2188 1523 2235 sustentatae
1554 2184 1742 2234 tierent
1771 2188 1826 2235 et

234 2251 361 2321 ipse
391 2253 677 2318 praecibus
706 2252 996 2314 insisteret,
1037 2251 1354 2306 vincebatur
1383 2258 1437 2304 et
1465 2259 1821 2321 tergaverte-

236 2320 355 2376 bat.
387 2322 605 2377 Talibus
633 2337 763 2390 ergo
784 2330 839 2376 et
873 2321 1055 2376 multis
1082 2322 1198 2376 aliis
1227 2321 1490 2390 exemplis
1520 2320 1659 2384 l'ulti,
1683 2336 1822 2390 quo-

233 2408 362 2466 rum
399 2391 1024 2466 prolixitatcem‘viiantes
1061 2394 1080 2466 ξ
1109 2391 1270 2466 modo
1292 2407 1400 2445 non
1424 2391 1673 2466 dicimus,
1699 2392 1820 2466 quia

236 2461 475 2533 sapienti
515 2463 685 2519 semel
729 2463 873 2518 dicta
907 2463 1182 2533 sulliciuut
1229 2462 1250 2492 ³
1299 2461 1595 2531 praedicta,
1625 2461 1824 2516 obnixe

236 2532 436 2594 omnes
465 2549 782 2604 praecamur
809 2541 866 2586 et
901 2543 960 2586 ut
986 2532 1354 2604 concedantur
1376 2545 1667 2604 rogamus,
1698 2533 1823 2604 quia

236 2601 550 2662 nullatenus
578 2608 828 2661 volumus
861 2604 1133 2660 adsentire
1162 2603 1183 2633 ⁸
1213 2614 1274 2657 ut
1299 2603 1574 2672 nobiscum
1599 2601 1666 2656 ad
1697 2601 1824 2656 talia

235 2689 468 2744 pergant
494 2675 593 2732 nisi
620 2676 732 2732 duo
759 2688 853 2732 aut
883 2685 991 2730 tres
1020 2675 1158 2744 bene
1187 2673 1354 2740 docti,
1378 2673 1645 2744 electione
1670 2672 1823 2744 vide:

235 2741 372 2800 licet
409 2758 772 2811 caeterorum.
800 2747 868 2802 ad
919 2743 1342 2801 benedictionem
1395 2743 1628 2797 dandam
1671 2751 1728 2798 et
1755 2741 1824 2796 ad

237 2816 658 2885 periclitantium
685 2816 1177 2873 reconciliationem
1201 2812 1522 2878 faciendam,
1552 2827 1621 2867 ne
1647 2827 1744 2867 vos
1768 2819 1824 2866 et

241 2902 350 2940 nos
389 2888 545 2943 simul
569 2903 695 2944 cum
723 2889 964 2958 pluribus
992 2900 1311 2958 pereamus,
1329 2885 1422 2939 sed
1459 2898 1645 2958 eorum
1670 2897 1824 2958 prae-

245 2958 430 3026 cibus,
460 2969 520 3012 ut
547 2959 649 3012 ian
677 2952 1032 3012 memoratum
1061 2965 1163 3020 est,
1190 2955 1490 3010 fulciamur.
1521 2956 1689 3026 Quam
1714 2952 1824 3007 lor-

249 3023 496 3082 niam'et
529 3028 596 3082 de
634 3029 996 3085 sacerdotibus
1026 3034 1211 3082 tenere
1245 3033 1513 3095 optamus,
1560 3023 1612 3095 id
1641 3031 1726 3095 est
1767 3031 1824 3078 ut

249 3112 354 3152 nec
377 3099 451 3152 illi
492 3099 542 3152 in
585 3099 791 3154 hostem
830 3099 930 3154 nisi
973 3100 1112 3154 bene
1141 3093 1295 3151 docti
1319 3103 1375 3150 et
1412 3095 1511 3164 ipsi
1551 3093 1819 3149 electione

241 3179 413 3238 atque
459 3171 809 3248 pcrmissione
865 3169 1203 3248 propriorum
1259 3165 1673 3248 episcoporum;
1726 3165 1819 3233 qui

241 3236 424 3294 tamen
449 3236 582 3296 rales
606 3241 746 3305 sint,
771 3242 840 3296 de
864 3236 1090 3308 quorum
1121 3236 1344 3292 scientia
1375 3244 1430 3292 et
1462 3236 1568 3308 vita
1596 3249 1661 3308 ac
1690 3248 1819 3290 eon-

235 3311 544 3365 versatione
573 3327 765 3366 omnes
789 3305 962 3365 securi
993 3325 1114 3365 esse
1140 3309 1430 3378 possimus.
1476 3305 1610 3360 Illud
1642 3315 1819 3360 tamen

238 3381 326 3436 vel
352 3397 447 3435 Vos
488 3383 572 3436 vel
606 3397 798 3436 omnes
839 3382 859 3412 ⁸
888 3381 1030 3436 scire
1059 3380 1305 3448 cupimus
1326 3418 1341 3444 ,
1371 3378 1515 3448 quod
1554 3392 1661 3448 non
1695 3391 1820 3445 pro-

235 3462 428 3520 pterea
458 3454 594 3509 haec
642 3452 893 3522 petimus,
941 3459 999 3504 ut
1044 3447 1245 3522 eorum
1265 3465 1352 3504 res
1392 3447 1488 3502 aut
1516 3447 1719 3522 aliquid
1753 3462 1821 3501 ex

237 3519 428 3576 eorum
456 3519 724 3592 pecuniis,
766 3522 868 3577 uisi
898 3522 1025 3592 ipsis
1051 3519 1249 3592 aliquid
1289 3527 1482 3588 sponte
1513 3521 1666 3592 nobis
1693 3519 1821 3592 dare

239 3587 525 3662 placuerit,
555 3602 651 3649 aut
675 3587 860 3648 eorum
883 3587 1386 3662 ecclesias’vidua’re
1406 3589 1707 3662 cupiamus,
1727 3587 1821 3662 sed

238 3659 414 3732 inagis
438 3665 539 3728 eis,
571 3667 615 3720 si
645 3663 902 3719 Dominus
928 3675 1088 3732 posse
1112 3660 1341 3721 dederit,
1369 3659 1820 3732 augcsre_desi.le-

245 3728 456 3799 ramus;
495 3743 554 3790 ut
581 3746 635 3790 et
672 3735 772 3804 ipsi
807 3743 869 3788 et
900 3728 1006 3804 vos
1034 3741 1090 3804 et
1135 3746 1233 3785 nos
1262 3729 1521 3804 salviores
1556 3728 1724 3781 simus
1764 3737 1819 3782 et

241 3807 355 3878 '_)e_o
385 3814 480 3874 pot
502 3822 566 3860 us
605 3800 723 3876 ipso
768 3802 1184 3878 adminiculante
1231 3800 1447 3870 placere
1495 3813 1815 3878 mereamur.

244 3875 456 3930 Scimus
491 3874 638 3930 enim
671 3891 759 3930 res
797 3874 1059 3929 ecclesiae
1094 3876 1200 3928 beo
1235 3885 1355 3925 esse
1399 3881 1672 3933 sacratas;
1712 3874 1818 3922 sci-

241 3960 364 4000 mus
403 3962 496 4000 eas
525 3963 645 4003 esse
673 3945 976 4002 oblationes
1003 3943 1235 3998 lideliuin
1267 3950 1322 3996 et
1360 3943 1537 4009 precia
1573 3951 1820 4008 peccato-

237 4031 363 4088 rum
406 4017 446 4073 ‘.
480 4017 822 4088 Quapmpter
848 4015 893 4068 si
923 4015 1041 4082 quis
1070 4030 1160 4070 eas
1185 4012 1251 4066 ab
1279 4011 1763 4088 ecclesiianuibus
1790 4024 1819 4063 a

238 4079 744 4158 lidelibus'collata'e
773 4079 990 4155 Deoque
1019 4095 1260 4158 sacratae
1293 4090 1438 4158 sunt,
1471 4079 1662 4158 aufert,
1697 4095 1822 4148 pro-

233 4157 327 4210 cul
375 4158 538 4213 dubio
566 4152 918 4226 sacrilegium
936 4155 1239 4209 committit.
1287 4152 1493 4206 Coecus
1536 4152 1678 4204 enim
1716 4157 1818 4211 est,

233 4229 332 4296 qui
380 4229 478 4282 ista
527 4244 633 4283 non
665 4230 828 4282 videt.
875 4226 1126 4294 Quisquis
1153 4237 1278 4292 ergo
1313 4231 1552 4296 nostrum
1585 4236 1710 4296 suas
1737 4236 1822 4296 res

233 4290 505 4352 ecclesiae
534 4299 714 4361 tradit,
760 4298 986 4352 Domino
1015 4290 1124 4350 Deo
1151 4290 1270 4348 illas
1296 4291 1452 4346 ollert
1482 4301 1644 4360 atque
1673 4290 1821 4344 dedi-

235 4376 330 4420 cat
361 4369 578 4439 suisque
621 4371 846 4435 sanctis,
893 4379 947 4421 et
975 4382 1097 4439 non
1125 4365 1302 4430 alteri,
1352 4364 1583 4439 dicendo
1614 4361 1738 4439 talia
1766 4369 1820 4416 et

236 4439 454 4504 agendo
484 4433 574 4493 ita.
633 4440 778 4493 Facit
818 4433 960 4492 enim
999 4437 1316 4506 scripturam
1353 4433 1419 4506 de
1465 4433 1592 4501 ipsis
1635 4434 1813 4494 rebus,

1937 497 2133 551 tiones.
2186 515 2204 548 ι
2253 495 2615 571 Ροηίῐβιίτιω
2653 498 2674 528 ⁸
2720 499 2773 552 in
2817 513 2886 571 ea
2918 499 3050 553 alias
3087 501 3511 571 coniurationes,

1935 579 2069 633 quas
2097 568 2668 643 enumerarelongum
2711 576 2811 643 est.
2844 566 2977 643 Nam
3015 569 3230 643 qui‘eas
3257 571 3382 643 inde
3409 566 3509 643 po;

1933 645 2048 712 stea
2104 636 2474 712 aufe_rt,_quid
2521 639 2632 705 agit
2674 638 2774 712 nisi
2825 639 3210 712 sacrilegium?
3268 641 3323 712 Si
3381 636 3512 712 ergo

1935 707 2108 777 amico
2148 707 2418 777 quippiam
2449 721 2650 777 rapere
2688 708 2890 762 furtum
2931 723 3033 775 est,
3087 709 3352 767 ecclesiae
3380 707 3512 770 vero

1935 771 2313 848 fraudarevel
2361 771 2574 833 auferre
2627 778 2988 834 indubitanter
3021 771 3362 848 sacrilegium
3406 796 3510 840 est.

1937 845 2083 917 Unde
2111 858 2166 900 et.
2203 847 2254 900 in
2295 848 2462 901 sacris
2503 849 2798 903 eanonibus
2823 850 3013 917 spiritu
3046 850 3139 904 Dei
3167 845 3395 907 co'nditis
3418 851 3516 907 ha-

1933 915 2090 971 betur
2118 917 2190 972 ita
2219 935 2230 970 :
2269 935 2288 969 ι
2324 917 2380 971 Si
2403 917 2521 985 quis
2544 915 3129 975 oblationes'ecclesiae
3157 928 3308 975 extra
3338 925 3515 979 ecclea

1931 987 2067 1062 siam
2094 989 2340 1062 accipere
2365 988 2451 1062 vel
2475 988 2603 1042 dare
2632 987 2859 1062 voluerit
2878 998 3094 1062 praeter
3119 991 3356 1062 episcopi
3383 1008 3516 1048 con-

1931 1057 2212 1111 scientiam
2256 1058 2342 1112 vel
2383 1059 2543 1124 eius,
2593 1059 2676 1112 cui
2727 1059 3099 1114 huiuscemodi
3147 1057 3274 1115 sunt
3307 1057 3511 1119 'ollleia

1931 1128 2236 1197 commissa,
2267 1141 2368 1182 nec
2388 1143 2510 1183 cum
2533 1128 2650 1182 eius
2675 1129 2903 1183 voluerit
2929 1143 3089 1197 agere
3106 1132 3356 1196 consilio,
3380 1147 3512 1187 ana-

1935 1195 2113 1249 thema
2153 1199 2241 1251 sit.
2274 1216 2292 1249 i
2335 1199 2488 1252 Absit
2523 1199 2687 1262 enim,
2725 1208 2784 1252 ut
2819 1195 2996 1253 rerum
3028 1199 3512 1257 ecclesiasticarum

1931 1267 2225 1335 cupiditate
2265 1267 2347 1322 vel
2377 1269 2650 1322 ablatione
2676 1268 2919 1335 sacrilegi
2949 1277 3044 1323 aut
3080 1272 3364 1326 anathema
3393 1272 3515 1327 elli-

1930 1335 2135 1408 ciamur
2165 1345 2258 1392 aut
2303 1337 2496 1394 talibus
2550 1339 2756 1408 laqueis
2802 1353 3051 1408 umquam
3101 1341 3509 1408 deviuciamur;

1930 1407 2182 1479 quoniam
2205 1409 2401 1479 scimus
2431 1407 2809 1464 anathematos
2837 1407 3080 1464 homines
3105 1411 3192 1465 vel
3219 1407 3511 1479 sacrilegos

1931 1485 2035 1528 non
2077 1478 2248 1531 solum
2298 1478 2534 1550 infames
2559 1488 2615 1534 et
2661 1495 2692 1533 a
2737 1481 3010 1550 consortio
3051 1480 3305 1545 lidelium,
3335 1478 3514 1550 prius-

1929 1559 2088 1618 quam
2119 1549 2250 1602 haec
2293 1563 2390 1618 per
2415 1549 2678 1617 publicam
2705 1549 3122 1605 satisfactionem
3163 1552 3426 1606 ecclesiae
3455 1563 3510 1606 et

1929 1616 2307 1690 episc0poruni
2336 1616 2833 1674 reconciliationem
2876 1635 3176 1690 manusque
3204 1621 3508 1690 impositio-

1929 1700 2052 1739 nem
2081 1687 2390 1759 einendent,
2421 1690 2626 1744 alienos
2664 1704 2806 1756 esse,
2842 1691 2935 1759 sed
2965 1687 3128 1744 etiam
3155 1706 3186 1744 a
3218 1687 3384 1759 regno
3419 1693 3510 1746 Dei

1929 1763 2172 1810 extorres
2218 1757 2350 1822 licri,
2389 1760 2432 1813 si
2473 1761 2524 1813 iu
2573 1759 2768 1814 talibus
2810 1758 3124 1826 defecerint,
3167 1757 3514 1815 non'dubita-

1930 1841 2066 1896 inus.
2106 1827 2172 1882 Ut
2199 1843 2330 1896 ergo
2361 1830 2534 1884 omnis
2576 1831 2807 1896 suspicio
2837 1845 2867 1882 a
2907 1830 3060 1884 nobis
3091 1833 3298 1885 cunctis
3323 1845 3511 1886 snect-

1927 1893 2144 1951 dotzbus
2171 1906 2227 1951 et
2255 1893 2504 1954 domibus
2528 1893 2725 1954 Christi
2757 1910 2812 1954 et
2845 1909 3066 1954 sanctae
3115 1901 3210 1956 Dei
3247 1901 3513 1956 ecclesiae

1929 1964 2172 2041 lidel‘ibus
2189 1969 2430 2041 lunditus
2446 1969 2741 2041 auferatur,
2760 1970 3076 2039 prolitemur
3103 1985 3314 2035 omnes,
3335 1972 3511 2041 stipu-

1927 2035 2004 2109 las
2030 2035 2231 2109 dextris
2253 2039 2305 2091 in
2331 2039 2574 2094 inanibus
2603 2035 2850 2094 tenentes
2869 2054 3067 2106 easque
3091 2042 3319 2109 propriis
3347 2055 3377 2095 e
3404 2035 3512 2095 nia-

1922 2106 2082 2160 nibus
2099 2108 2381 2172 eicientes,
2413 2124 2596 2163 coram
2630 2110 2740 2162 Deo
2777 2117 2832 2164 et
2861 2109 3065 2177 angelis
3093 2106 3219 2163 ’eiu's
3246 2125 3312 2164 ac
3355 2113 3508 2165 vobis

1928 2179 2242 2245 cunctisque
2267 2179 2636 2232 sacerdotibus
2661 2188 2715 2233 et
2739 2181 2949 2248 populis
2972 2181 2991 2208 9
3015 2181 3506 2241 circuiiistaotib..s.

1927 2261 2027 2300 ncc
2057 2248 2182 2300 talia
2209 2248 2386 2302 facere
2417 2263 2514 2302 nec
2529 2248 2706 2302 facere
2736 2250 3034 2303 volentib:.s
3061 2251 3387 2315 consentire,
3409 2253 3504 2305 sed

1925 2318 2092 2384 magis
2126 2318 2232 2372 Deo
2276 2319 2567 2372 auxiliante
2594 2319 2865 2374 resistere.
2918 2323 2982 2372 Et
3022 2321 3125 2374 hoc
3153 2321 3305 2373 vobis
3333 2323 3505 2374 omni-

1929 2390 2135 2455 busque
2166 2388 2411 2443 lidelibus
2438 2398 2658 2444 sanctae
2685 2389 2948 2443 ecclesiae
2977 2397 3034 2444 et
3075 2391 3274 2444 nostris
3315 2398 3505 2444 notum

1925 2471 2046 2510 esse
2074 2458 2340 2527 cupimus,
2385 2458 2531 2528 quod
2573 2473 2695 2513 cum
2733 2459 2816 2513 liis
2852 2461 2942 2528 qui
2989 2460 3189 2526 absque
3229 2460 3506 2515 voluntate

1925 2536 2020 2580 aut
2067 2543 2333 2583 consensu
2379 2529 2463 2582 vel
2513 2531 2733 2583 datione
2782 2529 3008 2583 reutoris
3037 2530 3178 2583 illius
3221 2531 3502 2594 ecclesiae,

1921 2599 2075 2669 cuius
2104 2614 2190 2653 res
2216 2599 2356 2652 iuste
2377 2613 2497 2653 esse
2519 2600 2798 2664 debentur,
2831 2609 2887 2653 et
2912 2601 3145 2654 maxime
3168 2601 3367 2668 proprii
3389 2601 3506 2669 epi-

1924 2668 2074 2736 scopi
2121 2683 2208 2723 res
2240 2669 2505 2724 ecclesiae
2550 2685 2580 2723 a
2632 2669 2846 2736 regibus
2877 2679 3060 2738 petere
3090 2678 3182 2722 aut
3230 2668 3502 2725 retentare

1927 2740 2008 2809 vel
2067 2738 2278 2794 auferre
2325 2750 2418 2793 aut
2465 2739 2715 2793 invadere
2755 2739 2838 2794 vel
2889 2749 3096 2794 vastare
3133 2753 3509 2809 praesumpse-

1926 2806 2028 2860 riut
2050 2847 2064 2872 ,
2101 2824 2201 2864 nec
2230 2809 2280 2862 iu
2313 2810 2524 2864 hOStem
2556 2824 2656 2864 nec
2689 2809 2758 2861 ad
2803 2823 3032 2879 pugnam
3063 2806 3160 2876 ire,
3201 2824 3300 2863 nec
3328 2806 3507 2864 cibum

1924 2891 2160 2944 sumere,
2186 2893 2284 2934 uec
2311 2880 2376 2934 ad
2401 2879 2689 2934 ecclesiam
2721 2880 2802 2933 vel
2831 2883 2898 2932 ad
2929 2879 3183 2948 palatium
3215 2891 3304 2932 aut
3335 2881 3386 2933 in
3415 2881 3505 2934 iti-

1925 2962 2053 3018 nere
2081 2964 2322 3018 pergere,
2351 2963 2450 3003 ucc
2479 2953 2641 3002 etiam
2670 2960 2881 3003 nostros
2906 2951 3148 3004 homines
3169 2965 3290 3003 cum
3312 2965 3502 3004 eorum

1926 3017 2250 3084 hominibus,
2309 3026 2401 3072 aut
2451 3019 2690 3073 caballos
2741 3020 2823 3074 vel
2873 3019 3078 3088 reliqua
3131 3035 3324 3088 pecora
3380 3035 3503 3073 cum

1925 3103 2111 3159 eorum
2139 3103 2238 3159 pec
2276 3089 2423 3144 ribus
2453 3098 2548 3143 aut
2576 3090 2641 3143 ad
2674 3097 2883 3157 pastum
2921 3090 2998 3144 ire
3027 3100 3118 3143 aut
3151 3089 3192 3119 ⁸ο
3222 3089 3378 3143 simul
3404 3091 3504 3142 ha-

1927 3158 2095 3212 bitare
2139 3158 2221 3214 vel
2263 3174 2500 3222 manere,
2545 3174 2645 3214 nec
2671 3159 2834 3214 ullam
2874 3159 3341 3230 participationem
3380 3175 3504 3214 cum

1921 3230 1998 3282 cis
2026 3229 2124 3283 nisi
2157 3246 2251 3299 pro
2280 3230 2680 3294 emendatione,
2707 3237 2832 3283 ante
2872 3229 3138 3299 publicam
3169 3237 3322 3283 einen
3346 3231 3506 3283 tario-

1922 3315 2040 3352 nem
2074 3309 2128 3354 et
2153 3300 2415 3354 ecclesiae
2443 3299 2866 3355 satislactionem
2891 3315 3141 3370 umquam
3163 3300 3394 3353 scienter
3415 3309 3508 3352 aut

1922 3370 2150 3424 libenter
2181 3371 2381 3426 habere
2419 3371 2729 3436 debeamus,
2762 3385 2830 3425 ue
2885 3385 2982 3438 pro
3033 3385 3220 3424 eorum
3257 3370 3507 3438 iniquita-

1924 3441 2064 3494 tibus
2111 3455 2272 3509 atque
2321 3439 2532 3510 ﬂagitiis
2583 3456 2685 3495 una
2723 3455 2845 3496 cum
2882 3441 2963 3494 eis
3001 3447 3056 3495 et
3096 3457 3192 3494 nos
3227 3449 3282 3494 et
3312 3441 3504 3506 nostri,

1921 3513 2062 3579 quod
2089 3513 2247 3577 absit,
2280 3526 2579 3580 pereamus.
2629 3511 2838 3566 Scimus
2877 3512 3040 3576 enim,
3075 3510 3214 3579 quod
3248 3513 3385 3578 perit
3415 3511 3497 3563 iu-

1921 3592 2034 3634 stus
2081 3596 2178 3650 pro
2221 3583 2405 3651 impio.
2450 3580 2607 3636 Tales
2638 3596 2765 3636 vero
2799 3595 2830 3634 a
2869 3582 3045 3648 nobis,
3095 3583 3140 3635 si
3189 3595 3289 3634 nos
3320 3581 3504 3634 tidcles

1923 3651 2122 3706 habere
2152 3653 2190 3682 “
2227 3654 2404 3718 vultis,
2436 3660 2716 3720 segregate
2743 3659 2798 3706 et
2836 3651 2889 3704 in
2918 3651 3246 3720 ergastulum
3275 3651 3373 3704 sub
3405 3667 3506 3718 pu-

1919 3723 2060 3792 blica
2117 3723 2449 3792 poenitentia
2480 3723 2755 3792 redigite,
2789 3730 2844 3775 et
2883 3723 3154 3792 postulata
3204 3722 3506 3776 concedite.

1925 3791 1990 3845 Ut
2018 3791 2147 3860 ergo
2177 3795 2313 3846 haec
2343 3791 2522 3846 omnia
2555 3808 2585 3846 a
2619 3793 2768 3846 vobis
2797 3801 2851 3845 et
2888 3791 2920 3844 a
2963 3793 3139 3858 nobis,
3179 3793 3292 3845 sive
3318 3807 3346 3843 a
3377 3808 3508 3846 suc-

1921 3865 2222 3917 cessoribus
2262 3864 2450 3916 Vestris
2477 3871 2532 3914 et
2557 3865 2778 3927 nostris,
2805 3862 2995 3915 futuris
3019 3861 3350 3929 temporibus
3379 3867 3504 3914 abs-

1919 3947 2025 3999 que
2055 3935 2160 3986 ulla
2188 3933 2608 3986 dissimuladone
2638 3943 3047 3997 conserventur,
3086 3931 3299 3999 scriptis
3330 3933 3504 3984 eccle-

1921 4003 2150 4056 siasticis
2197 4005 2433 4056 inserere
2465 4002 2642 4055 iubete
2684 4011 2739 4055 et
2771 4005 2908 4054 inter
2945 4013 3118 4053 vestra
3156 4001 3389 4068 capitula
3423 4004 3506 4054 iu-

1923 4075 2190 4144 tcrpolare
2222 4074 2536 4144 praecipita.
2582 4072 2731 4135 Quod
2770 4073 2842 4124 ilo
2887 4071 3081 4140 factum
3118 4085 3228 4123 esse
3265 4071 3502 4124 omnibus

1922 4143 2098 4201 l.auet.

1993 4212 2116 4266 571.
2159 4211 2243 4267 Ne
2266 4214 2490 4282 episwpi
2520 4212 2588 4265 ad
2616 4210 2746 4265 bella
2764 4223 3000 4282 pergant.
3023 4212 3292 4265 Concessfo
3320 4211 3440 4265 dom
3463 4214 3500 4267 εἰ

1927 4281 2109 4338 Karofi
2156 4281 2504 4354 imperatoris.
2543 4283 2804 4337 Omnibus
2844 4281 3027 4337 notum
3075 4297 3195 4337 esse
3235 4284 3502 4346 volumus,

1921 4357 2044 4423 quia
2076 4371 2180 4410 non
2204 4355 2377 4409 solun
2402 4370 2490 4422 ea,
2513 4369 2650 4423 quae
2690 4368 2856 4423 super
2881 4355 3255 4424 episcotiorum
3278 4362 3333 4408 et
3360 4368 3507 4423 pres-

1926 4427 2219 4480 bltcrortiui
2283 4427 2514 4480 hostium
2585 4425 2956 4478 vexationi..us
3009 4435 3064 4479 et
3115 4426 3364 4494 precibus
3409 4440 3506 4494 pro

237 4489 1073 4574 quasDeoidar—ehdesiderat,et
1103 4489 1270 4576 ip-am
1297 4489 1615 4576 scripturam
1640 4489 1820 4576 coram
1853 4489 1902 4550 Β
1933 4497 2086 4576 nobis
2124 4507 2179 4576 ct
2227 4498 2378 4576 vobis
2422 4495 2533 4550 lieri
2567 4496 2858 4576 rogitastis,
2901 4489 3200 4576 concedere
3231 4489 3500 4576 optam'ns,

236 4578 424 4650 altari
445 4587 538 4650 aut
578 4593 738 4650 supra
768 4589 912 4634 tenet
941 4579 993 4631 in
1024 4574 1206 4650 manu,
1232 4577 1415 4650 dicen_s
1435 4575 1621 4650 eiusde
1643 4590 1673 4626 η
1721 4574 1823 4627 loci

232 4648 609 4704 sacerdotibus
645 4643 818 4718 'atque
856 4648 1206 4702 custodibus:
1261 4665 1279 4698 ι
1315 4643 1494 4698 Ullero
1522 4645 1631 4697 Deo
1662 4652 1825 4712 atque

233 4717 438 4772 dedico
467 4734 654 4775 omnes
681 4717 784 4784 res,
817 4733 956 4788 quae
987 4719 1088 4771 hac
1123 4718 1175 4771 in
1218 4717 1423 4772 cartula
1455 4721 1703 4768 tenentur
1737 4719 1824 4767 iu-

234 4796 443 4852 sertae,
477 4805 575 4858 pro
607 4791 920 4844 remissiOne
959 4799 1302 4858 peccatorum
1345 4799 1600 4858 ineorum
1636 4799 1824 4858 ac_pa-

235 4866 457 4929 rentum
477 4853 541 4912 et
585 4861 814 4915 lilioroui
851 4853 972 4928 (aut
1009 4874 1106 4929 pro
1143 4869 1463 4929 quocunque
1517 4855 1534 4884 ⁷
1570 4854 1684 4929 i_l.as
1714 4853 1824 4929 Deo

236 4928 418 4982 libare
448 4930 695 4995 voluerit)
745 4935 811 4984 aal
859 4924 1202 4984 Servieuduiu
1236 4942 1303 4982 ex
1331 4924 1411 4980 his
1440 4927 1548 4979 Deo
1577 4925 1631 4978 in
1658 4924 1823 4978 sacri-

237 4997 383 5070 ﬁciis
411 5000 804 5070 niissarumque
851 5000 1150 5064 soleiuniis,
1197 4996 1552 5070 orationibus,
1595 4997 1820 5070 luinzua-

233 5068 361 5130 riis,
405 5084 696 5140 pauperum
716 5065 804 5125 'ac
833 5071 1152 5125 clericorum
1181 5067 1567 5140 elimosinisdet
1597 5065 1822 5140 caeteris

234 5135 442 5193 divinis
470 5135 702 5195 cultibus
728 5151 889 5210 atque
919 5141 1060 5194 illius
1095 5139 1356 5194 ecclesiae
1382 5135 1821 5210 _utilitatibus._5i

232 5210 365 5276 quis
393 5219 572 5265 autem
619 5227 712 5266 eas
742 5206 883 5276 inde,
933 5211 1076 5278 quod
1127 5211 1238 5264 Iieri
1289 5207 1589 5278 nullatenus
1636 5206 1822 5273 credo,

233 5279 544 5349 abstulerit,
577 5282 676 5337 sub
703 5297 876 5352 poena
899 5277 1163 5350 sacrilegii
1206 5295 1271 5334 ex
1301 5281 1402 5334 hoc
1431 5277 1659 5333 Domino
1691 5279 1820 5342 Deo,

1931 4567 2024 4622 sed
2054 4570 2142 4639 qui
2168 4569 2303 4636 quid
2337 4583 2432 4637 pro
2461 4575 2680 4639 sanctae
2717 4566 2810 4619 Dei
2847 4566 3114 4639 ecclesiae
3153 4573 3208 4639 et
3245 4565 3505 4639 sacerdo-

1933 4646 2041 4690 t-mi
2072 4634 2377 4693 sive—totius
2407 4638 2585 4707 populi
2617 4645 2674 4690 et
2703 4647 2883 4691 vestra
2911 4637 3140 4707 utilitate
3172 4634 3504 4707 inveneritis,

1930 4712 2230 4764 concedere
2271 4705 2593 4778 paratissimi
2647 4722 2853 4764 sumus.
2881 4706 2969 4778 lit
3022 4706 3180 4760 modo
3213 4705 3334 4778 ista,
3366 4707 3510 4778 sicut

1933 4780 2159 4846 pedstis,
2203 4773 2575 4842 concedimus;
2622 4791 2677 4832 et
2715 4777 2928 4846 quando
2986 4778 3094 4830 vita
3144 4777 3341 4831 comite
3395 4773 3505 4826 Deo

1929 4850 2221 4903 auxiliante
2250 4852 2314 4902 ad
2347 4851 2595 4919 generale
2627 4847 2878 4917 placitum
2908 4847 3224 4919 \euerimus,
3254 4846 3504 4919 consultu

1930 4922 2167 4972 omnium
2209 4917 2440 4972 lidclium
2482 4929 2787 4972 nostrorum
2810 4919 3024 4988 Scriptis
3048 4917 3280 4982 liruiarc,
3308 4917 3505 4988 nostris

1932 4999 2341 5057 nostrorumque
2383 4997 2544 5058 atque
2577 4988 2768 5043 futuris
2799 4986 3128 5057 temporibus
3159 4986 3506 5052 inrel'ragabi-

1928 5060 2049 5113 liter
2079 5061 2339 5113 iuaueuda
2363 5060 2661 5114 liruiissiuie
2695 5060 2920 5112 Domino
2949 5059 3382 5112 aiinniniculante
3403 5070 3508 5108 cu-

1931 5133 2121 5199 pimus.
2174 5130 2332 5184 Modo
2377 5147 2461 5190 ea.
2497 5144 2638 5199 quae
2669 5131 2937 5197 generalia
2989 5139 3115 5182 sunt
3158 5138 3216 5182 et
3257 5126 3506 5180 omnibus

1930 5201 2258 5255 conveniunt
2307 5201 2604 5262 ordinibus,
2649 5209 2885 5255 statuere
2936 5215 3001 5254 ac
3047 5199 3252 5254 cunctis
3289 5208 3509 5252 sanctae

1931 5271 2024 5326 Dei
2054 5272 2315 5326 ecclesiae
2343 5275 2649 5340 nostrisque
2680 5270 2920 5324 Ldelibus
2949 5272 3018 5324 ob
3050 5269 3141 5325 Dei
3163 5270 3505 5337 omnipoten-

1456 5407 1847 5466 VARIANTES
1886 5406 2284 5462 LECTIONES.

315 5544 658 5618 ‘_niinistcria
703 5546 818 5603 Bal.
917 5547 936 5578 ⁸
985 5546 1290 5618 prolixitate
1337 5547 1460 5602 victi
1504 5546 1616 5601 Bal.

233 5619 305 5670 (ι.
351 5616 404 5667 in
451 5616 564 5671 loco
613 5635 766 5682 raso;
822 5616 1001 5674 tamen
1052 5620 1209 5672 nobis
1257 5626 1314 5673 et
1360 5619 1607 5673 omnibus
1651 5616 1766 5671 Bal.

230 5700 349 5760 que
538 5689 558 5718 "
591 5705 632 5742 r.
685 5689 1034 5760 pcltilettlittttl
1072 5689 1124 5752 iu
1163 5703 1227 5745 ea
1257 5688 1462 5759 aliasq0
1503 5687 1566 5744 ϐ.

233 5755 430 5815 haberi
461 5757 526 5813 (ἑ.

1696 5546 1716 5575 ³
1759 5562 1957 5600 comma
2001 5554 2115 5614 post
2161 5541 2431 5618 praedicia
2471 5547 2639 5614 posuit
2686 5544 2804 5600 Bal.

1864 5620 1885 5648 ⁸
1925 5620 2122 5672 scimus
2171 5618 2382 5670 enim...
2431 5628 2773 5684 peccatorum
2801 5619 2986 5672 dsunt
3015 5619 3126 5672 Bal.

1667 5690 1687 5719 ’
1717 5707 1770 5761 ιι.
1804 5691 1921 5747 eius
1958 5705 2008 5746 c.
2051 5687 2111 5743 ϐ.

2907 5549 2926 5577 ’⁵
2953 5547 3109 5632 (ἰθεῖα,

3221 5633 3228 5648 ⁴
3251 5634 3512 5689 .procum-

2674 5688 2709 5718 ¹¹
2741 5688 2938 5745 habere
2967 5707 3101 5746 torr.
3136 5688 3198 5743 ob
3222 5688 3326 5746 alio
3354 5691 3512 5750 manu

3353 5549 3372 5578 “
3415 5547 3506 5602 Sic

2213 5687 2252 5716 ”’
2280 5684 2419 5741 ἀέξει
2433 5680 2564 5744 Ἐπί.
