3974 6340
173 313 284 372 795

677 308 828 367 COD.
862 307 1135 366 DIPLOM.
1164 338 1232 349 —
1256 308 1616 366 BENEDICTI
1653 308 2167 368 CAPlTULARIUM
2200 309 2599 369 COLLECTIO.
2624 341 2693 350 -
2719 306 2847 365 LIB.
2888 306 2951 363 ll.
3328 302 3439 365 τω

168 428 386 499 campis
426 424 657 501 arando,
689 424 939 480 metendo
986 425 1070 501 vel
1120 424 1332 501 foenum
1358 427 1615 501 secando,
1673 425 1758 481 vel
1787 429 1834 486 Α
1934 428 2103 501 Maior
2130 444 2160 483 a
2185 431 2396 486 minore
2424 445 2531 486 non
2561 438 2741 501 potest
2763 429 3010 485 iudicari.

166 494 361 569 sepem
389 495 639 569 ponendo
665 537 680 560 ,
713 510 829 569 nec
860 494 1111 550 concides
1141 495 1389 569 stirpare,
1420 497 1503 550 vel
1535 497 1757 551 arbores

166 565 430 629 caedere,
448 567 532 621 vel
559 568 610 620 in
630 566 796 633 petris
815 565 1077 628 laborare,
1100 582 1198 620 nec
1214 567 1405 621 domus
1419 575 1586 621 const'
1605 582 1754 633 uere;

166 655 274 695 nec
302 640 355 691 in
389 639 548 691 horto
577 636 858 702 laborent,
904 650 1002 689 nec
1029 636 1093 687 ad
1128 637 1380 700 placitum
1411 637 1753 700 conveniant,

164 725 273 764 nec
328 708 645 762 venationes
707 713 1016 765 exerceam.
1073 703 1179 760 Sed
1230 706 1326 759 ll‘ll
1383 708 1756 761 tantummodo

163 794 339 847 opera
358 817 375 840 ,
406 777 451 831 si
499 777 793 831 necessitas
823 776 1079 847 ingruerit
1107 792 1336 839 summa,
1359 788 1519 845 agant
1538 821 1551 839 ,
1575 786 1629 831 et
1649 793 1753 830 nan

162 846 298 914 alia,
345 848 396 902 id
443 857 527 901 est
554 862 704 901 carra
736 846 947 900 hostilia
984 846 1068 899 vel
1095 847 1347 900 victualia
1398 849 1480 902 vel
1523 848 1568 901 si
1616 847 1756 902 forte

161 931 398 973 necesse
448 916 609 972 fuerit
656 930 852 986 corpus
890 915 1175 971 cuiuslibet
1226 916 1422 972 ducere
1460 918 1529 971 ad
1577 918 1754 986 sepul-

162 990 385 1043 chrum.
420 989 548 1045 Item
575 986 821 1043 similiter
852 986 1109 1042 mulieres
1150 986 1166 1017 ¹
1189 1002 1354 1055 Opera
1384 987 1617 1042 textrilia
1648 1003 1753 1043 non

162 1059 397 1119 faciant,
427 1074 528 1114 nec
556 1055 803 1125 capulent
832 1098 848 1124 ,
878 1071 978 1110 nec
999 1064 1283 1123 consuant,
1307 1072 1405 1111 nec
1436 1073 1598 1126 opera
1630 1072 1755 1126 pec-

165 1130 283 1182 tilia
316 1129 556 1193 faciant,
588 1142 688 1182 nec
716 1127 891 1180 lanam
934 1141 1176 1194 carpere,
1207 1143 1305 1182 nec
1326 1126 1492 1182 linunt
1522 1130 1753 1194 battere,

160 1214 271 1253 nec
298 1198 354 1253 in
379 1196 948 1268 publicogvestimenta
979 1196 1160 1268 lavare
1183 1237 1218 1268 ,ί
1244 1213 1345 1252 nec
1374 1199 1611 1252 vervices
1636 1207 1755 1268 ton-

158 1269 298 1323 dere
335 1269 570 1323 habeant
606 1267 831 1328 licitum.
865 1275 923 1320 ut
951 1267 1273 1321 omnimodis
1320 1268 1614 1323 honoretur
1639 1267 1753 1323 dies

158 1339 497 1404 dominicus,
549 1337 1167 1407 requiesqueservetur;
1199 1337 1449 1407 quatinus
1469 1338 1536 1392 ad
1561 1339 1751 1393 missa-

160 1424 287 1461 rum
316 1407 579 1462 solemnia
607 1406 659 1461 et
686 1409 750 1460 ad
774 1406 1056 1461 ecclesiam
1089 1406 1322 1474 undique
1355 1407 1520 1461 libere
1549 1423 1751 1462 conve-

159 1479 353 1542 niant,
402 1487 457 1532 et
504 1477 723 1531 laudent
764 1476 929 1545 Deum
973 1491 1072 1545 pro
1113 1478 1361 1532 omnibus
1406 1478 1579 1543 bonis,
1612 1493 1797 1545 quae'

158 1549 325 1602 nobis
339 1548 393 1601 in
412 1547 499 1601 illa
517 1547 602 1601 die
619 1546 762 1601 fecit.
783 1543 1031 1613 Legimus
1045 1547 1211 1613 enim,
1235 1547 1481 1616 apostolo
1499 1543 1715 1603 dicente
1736 1566 1752 1603 :

157 1616 453 1690 Manifesta
476 1627 646 1690 autem
672 1624 973 1690 suntoperu
996 1618 1196 1690 carnis;
1220 1634 1348 1688 quae.
1374 1627 1490 1671 sunt
1518 1619 1752 1690 fornica-

157 1686 351 1754 tiones,
384 1687 763 1748 immnudiciae,
796 1686 1031 1739 lut'uriae
1054 1728 1070 1753 ,
1114 1686 1370 1741 idolorum
1396 1689 1628 1754 servitus,
1662 1706 1749 1743 ve-

157 1760 354 1840 πεβςίη
378 1800 394 1824 ,
436 1758 735 1840 iiinticitiae
757 1796 772 1819 ,
816 1757 1180 1843 couten'iones,
1211 1758 1601 1843 aemulationes,
1632 1760 1749 1812 ani-
1784 1786 1824 1843 η

157 1831 430 1883 maritate;
457 1870 473 1894 ,
504 1830 635 1882 irae.
670 1828 835 1889 rixae,
867 1827 1116 1881 dissensio
1154 1844 1229 1890 es,
1261 1828 1493 1881 haereses
1512 1867 1527 1891 ,
1558 1842 1741 1891 sectae.

156 1900 412 1961 invidie,
466 1898 759 1959 lomicidin,
808 1899 913 1950 rbri
945 1906 1094 1960 tates,
1150 1914 1292 1953 come
1319 1899 1418 1951 sati
1453 1914 1541 1953 nes
1570 1908 1619 1952 et
1668 1903 1745 1953 his

156 1971 392 2031 similia;
428 1985 557 2039 quae
579 1968 821 2038 praedico
850 1966 1017 2039 rubis,
1042 1970 1172 2039 sicut
1199 1969 1432 2039 praediri
1452 2009 1467 2033 ,
1503 1972 1745 2037 quoniam

158 2038 650 2109 quitalia'agnnt,
693 2054 906 2109 regnum
955 2038 1054 2092 Dei
1081 2055 1182 2091 non
1231 2038 1581 2107 possidebunt.
1624 2040 1746 2097 Ideo

158 2111 331 2183 haec
361 2110 551 2183 eadem
577 2150 594 2174 ,
623 2124 773 2183 quae
792 2122 1015 2183 magnus
1055 2110 1396 2183 praedicator
1435 2109 1744 2183 iugecclesia

160 2179 257 2233 Dei
286 2179 600 2249 singillatim
632 2178 945 2249 nominavit.
977 2194 1097 2249 cum
1127 2178 1305 2249 studio
1334 2178 1632 2248 prohibete,
1665 2182 1747 2249 in-

159 2247 505 2319 tellegentes,
546 2264 706 2318 quam
734 2248 806 2303 sit
832 2248 1067 2302 terribile
1097 2247 1224 2302 illud
1252 2247 1395 2317 quad
1435 2251 1570 2304 dixit
1597 2269 1610 2303 :
1646 2248 1745 2315 Qui

161 2323 293 2375 talia
319 2328 499 2391 agant,
542 2336 757 2391 rrgnnm
806 2319 899 2391 Dei
927 2335 1029 2371 non
1072 2330 1457 2391 consequentur.
1506 2321 1571 2374 Et
1599 2322 1743 2375 omni

160 2390 421 2446 instantia
471 2390 778 2461 praedicata
826 2390 987 2461 tidem
1037 2390 1319 2461 tenendam
1362 2390 1609 2446 Domino.
1673 2393 1745 2447 De

160 2458 487 2517 humilitate
510 2472 639 2515 vero
667 2468 723 2514 et
751 2458 1046 2528 paciencia,
1093 2464 1160 2513 de
1189 2460 1438 2516 castitate
1467 2469 1523 2514 et
1566 2464 1741 2516 conti-

160 2536 366 2597 nentia,
398 2533 466 2586 de
489 2530 820 2599 benignitate
850 2538 903 2584 et
929 2528 1321 2597 misericordia,
1344 2530 1411 2584 de
1436 2531 1747 2589 elemosinis

159 2614 216 2659 et
259 2602 601 2659 confessione
632 2609 977 2669 peccatorum
1023 2614 1244 2653 suorum
1270 2638 1286 2662 ,
1332 2608 1389 2654 et
1414 2600 1747 2657 debitoribus

156 2675 272 2731 suis
299 2684 359 2729 ut
377 2671 667 2728 secundum
694 2669 1014 2723 dominicam
1041 2670 1340 2724 orationem
1370 2671 1619 2726 omnibus
1646 2687 1745 2730 sua

158 2746 343 2799 debita
372 2742 666 2802 dimittant,
697 2750 921 2794 cunctos
947 2747 1184 2793 monete.
1384 2760 1387 2761 ν

232 2815 361 2870 ⁸581.
390 2811 476 2867 Ea:
500 2811 678 2881 quibus
707 2826 887 2879 supra.
926 2808 1294 2881 Sacerdotibus
1330 2810 1581 2865 omnibus.
1610 2812 1742 2867 Stu-

158 2883 400 2941 dentium
426 2879 816 2951 est—episcoliis,
845 2888 903 2951 ut
925 2879 1245 2951 dissidentes
1270 2879 1463 2936 fratres
1484 2883 1655 2950 magis
1676 2884 1744 2938 ad

163 2970 382 3024 pacem,
414 2950 575 3023 quam
602 2952 679 3024 ad
699 2950 953 3024 iudicium
980 2950 1173 3005 cohort
1208 2962 1349 3024 ntur.

248 3020 550 3085 Auctoritas
576 3020 932 3076 ecclesiastica
948 3031 1125 3090 atque
1149 3022 1408 3076 canonica
1423 3022 1603 3090 docet,
1634 3038 1741 3078 non

170 3094 376 3151 debere
416 3096 610 3161 absque
634 3091 897 3146 sententia
946 3088 1172 3144 Romani
1202 3093 1466 3160 pontiﬁcis
1517 3088 1741 3150 concilia

170 3168 500 3221 caelebrare.

240 3236 486 3306 Episcopi
513 3231 952 3289 intercessionem
982 3239 1255 3301 praestent
1282 3232 1399 3299 his,
1439 3234 1528 3303 qui
1558 3233 1738 3304 iniqua

157 3306 214 3362 vi
245 3307 634 3377 opprimuntur.

230 3372 418 3431 Nullus
456 3376 743 3446 episcopus
772 3372 874 3428 nisi
914 3372 969 3426 in
1017 3372 1252 3446 legitima
1293 3373 1502 3446 synodo
1550 3384 1606 3431 et
1635 3390 1735 3430 suo

154 3456 404 3517 tempore
456 3444 754 3517 apostolica
803 3452 965 3517 atque
993 3444 1249 3517 cationica
1283 3444 1567 3517 vocatione
1608 3461 1740 3501 con-

154 3513 375 3587 gregata
422 3513 588 3588 super
634 3513 959 3586 quibusdam
1001 3513 1316 3570 criminibus
1357 3515 1600 3585 pulsatus
1650 3531 1739 3571 au-

153 3591 353 3643 diatur.

222 3658 398 3712 Nemo
426 3657 737 3729 episcopum
757 3653 909 3729 apud
945 3653 1146 3709 iudices
1174 3654 1447 3712 scculares
1482 3671 1739 3713 accusare

151 3724 484 3800 praesumat,
516 3724 774 3795 sed'apud
804 3726 1058 3800 primates
1086 3739 1232 3780 suos.
1337 3795 1353 3800 _
1640 3740 1645 3741 ν

224 3802 589 3853 Accusatores
640 3806 693 3851 et
719 3795 1120 3862 accusationes,
1165 3810 1299 3863 quas
1337 3795 1482 3865 leges
1518 3795 1686 3851 seculi
1718 3797 1737 3828 ¹

152 3886 260 3923 non
277 3868 609 3926 adsciscunt.
634 3867 891 3920 canonica
919 3865 1156 3918 funditus
1176 3866 1390 3932 repellit
1415 3866 1735 3922 auctoritas.

222 3939 408 3993 Variis
435 3936 859 3991 detractionibus
887 3942 944 3989 et
986 3934 1419 3990 accusationibus
1448 3952 1553 3990 non
1583 3935 1740 3991 decet

149 4008 469 4064 labefactari
499 4010 776 4077 primatem
797 4050 811 4072 ,
858 4003 951 4059 sed
980 4005 1148 4073 magis
1185 4014 1393 4077 patrum
1423 4005 1617 4073 regulis
1648 4023 1736 4062 ro-

146 4079 366 4135 borari.
406 4075 538 4131 Nam
562 4084 612 4132 et
646 4075 887 4130 Liberius
910 4089 1047 4144 papa
1081 4090 1176 4143 pro
1206 4075 1499 4129 Athanasio
1529 4077 1739 4131 duobus

146 4151 310 4206 annis
344 4148 396 4201 in
424 4148 585 4202 exilio
618 4157 796 4200 trusus
824 4151 905 4200 est
931 4185 945 4209 ,
980 4152 1035 4198 et
1064 4144 1214 4199 multi
1245 4145 1335 4200 alii
1358 4145 1615 4214 episcopi,
1646 4148 1737 4214 qui

146 4235 272 4273 eum
308 4218 571 4272 damnare
612 4216 919 4280 noluerunt,
959 4215 1120 4268 exilio
1147 4223 1269 4270 sunt
1290 4216 1526 4270 damnati
1561 4231 1738 4285 :quo-

145 4305 268 4344 rum
307 4287 615 4357 exemplum
645 4300 835 4357 omnes
862 4286 1108 4357 convenit
1138 4286 1290 4355 sequi
1338 4286 1665 4357 sacerdotes.

215 4355 780 4418 Multum'deroaatio
831 4355 1154 4425 praevalet,
1194 4355 1412 4424 quando
1455 4358 1742 4425 derogatur

144 4431 400 4487 creditur
448 4428 550 4481 fide
602 4427 808 4495 dignus.
869 4426 992 4481 Ideo
1028 4441 1134 4480 non
1186 4439 1372 4481 omnes
1419 4426 1740 4483 admittendi

1771 3133 1818 3196 C

1935 498 2125 553 ludicis
2178 515 2282 554 non
2312 510 2395 554 est
2419 496 2714 569 quemlibet
2756 501 2992 555 iudicare
3020 500 3103 554 vel
3152 496 3441 569 condemp-

1862 583 1994 639 nare
2022 570 2224 639 absque
2255 568 2488 638 legitimo
2534 580 2885 635 accusatore;
2943 570 3067 639 quia
3099 579 3154 624 et
3185 568 3441 623 Dominus

1860 636 2042 693 ludant
2074 636 2245 695 forem
2276 636 2394 695 esse
2415 641 2641 710 sciebat,
2671 642 2765 697 sed
2806 642 2931 709 quia
2961 636 3067 696 non
3105 647 3189 695 est
3216 654 3441 694 accusa-

1862 719 1964 766 tus.
1996 710 2115 764 ideo
2139 727 2244 763 non
2275 719 2358 765 cst
2380 712 2602 766 eiectus.

1932 772 2225 849 Episcop‘hs
2279 781 2479 835 eiecms
2508 793 2669 851 atque
2694 781 2805 835 suis
2837 781 2998 835 rebus
3026 778 3338 851 expoliatos
3378 793 3432 832 tu

1857 863 1919 920 se
1940 851 2016 904 les
2044 847 2290 920 proprias
2314 851 2477 918 recipi
2525 847 2597 904 (ι’
2618 866 2714 906 sua
2762 852 2941 905 omnia
2974 851 3217 919 legaliter
3260 847 3435 920 primo

1857 918 1937 973 eis
1963 919 2111 974 reddi
2148 918 2327 974 sancti
2372 936 2609 976 canones
2653 918 3045 981 deereverunti
3092 929 3149 974 et
3176 929 3361 989 postea
3391 919 3435 971 si

1856 990 1978 1057 quis
2005 1005 2100 1044 eos
2130 1005 2386 1063 accusare
2415 991 2599 1063 vellet,
2630 1006 2802 1061 aequo
2831 992 3075 1063 periculo
3108 990 3286 1044 facere
3314 1003 3439 1041 san-

1856 1068 2127 1125 c.verunt,
2175 1060 2376 1115 indices
2404 1076 2523 1115 esse
2562 1060 2915 1117 decernentes
2962 1061 3244 1129 episcopos
3281 1066 3432 1113 recte

1855 1130 2128 1197 S‘tpienles
2155 1131 2206 1184 in
2238 1131 2463 1186 ecclesia
2493 1132 2893 1194 convenientes.
2928 1132 3015 1187 tibi
3043 1140 3210 1185 testes
3244 1139 3434 1184 essent

1854 1200 2183 1270 s'ngulorum
2209 1239 2225 1264 ,
2248 1203 2339 1269 qui
2370 1202 2607 1270 oppressi
2636 1200 2969 1257 videbantur.

1930 1268 2152 1335 Placuit,
2185 1281 2240 1324 ut
2262 1268 2305 1326 Si
2349 1268 2719 1341 quaecumque
2756 1287 2984 1340 persona
3014 1278 3202 1326 contra
3232 1268 3435 1341 episco-

1854 1355 1982 1411 pum
2032 1341 2116 1394 vel
2161 1337 2382 1395 actores
2403 1337 2661 1396 ecclesiae
2707 1337 2772 1396 se
2819 1341 3094 1411 proprium
3147 1337 3437 1411 crediderit

1857 1410 2060 1464 habere
2114 1411 2423 1477 negotium,
2472 1413 2619 1480 prius
2643 1410 2709 1464 ad
2740 1407 2861 1466 eum
2902 1407 3145 1466 recurrat
3194 1407 3435 1466 caritatis

1854 1480 2061 1545 studio;
2094 1490 2153 1533 ut
2176 1481 2419 1535 familiari
2448 1482 2719 1550 colloquio
2752 1482 3114 1537 commonitus
3142 1494 3207 1535 ea
3236 1491 3431 1550 sanare

1854 1550 2068 1615 debeat,
2122 1565 2262 1620 quae
2311 1551 2363 1604 in
2407 1548 2799 1620 querimoniam
2859 1548 3432 1620 deducunturaQuam

1853 1634 1966 1673 rem
1994 1620 2039 1673 si
2069 1618 2283 1675 differre
2312 1622 2332 1651 ⁸
2366 1618 2596 1677 voluerit
2626 1660 2643 1687 ,
2693 1622 3016 1676 sententiam
3050 1619 3315 1690 suscipiat
3334 1631 3434 1673 ex-

1854 1691 2375 1748 communicationis.

1926 1759 1983 1814 Si
2023 1775 2162 1828 quae
2213 1776 2408 1816 causae
2464 1759 2546 1815 vel
2595 1762 2973 1817 contentiones
3027 1762 3169 1816 inter
3202 1758 3432 1814 clericos

1857 1838 1912 1882 ct
1942 1831 2108 1901 laicos
2141 1840 2248 1884 tam
2280 1833 2501 1886 maioris
2537 1832 2742 1886 ordinis
2764 1872 2780 1898 ,
2829 1849 2987 1901 quam
3018 1834 3181 1886 etiam
3214 1828 3432 1901 inferio—

1853 1901 1926 1971 ris
1957 1899 2156 1955 fuerint
2181 1910 2406 1956 exortae
2433 1944 2447 1960 .
2492 1902 2714 1971 placuit,
2746 1915 2804 1956 ut
2838 1899 3136 1957 secundum
3163 1900 3429 1971 synodum

1851 1970 2107 2025 Nicenam
2137 1970 2505 2040 congregatis
2540 1974 2790 2027 omnibus
2836 1974 3076 2028 eiusdem
3123 1970 3435 2040 provinciae

1850 2040 2122 2110 episcopis
2172 2041 2398 2106 iurgium
2430 2043 2780 2107 terminetur;
2816 2059 2917 2097 nec
2943 2042 3031 2099 cui
3066 2042 3264 2104 liceat,
3316 2041 3434 2093 sine

1849 2111 2177 2179 praeiudicio
2218 2119 2395 2165 tamen
2424 2112 2685 2168 ecclesiae
2726 2127 3013 2177 romanae,
3058 2111 3145 2165 cui
3188 2112 3207 2142 ⁵
3235 2112 3286 2165 in
3309 2125 3429 2164 om-

1850 2178 2006 2234 nibus
2022 2182 2208 2235 causis
2244 2181 2469 2236 debetur
2505 2182 2805 2237 reverentia
2832 2182 3089 2237 custodiri
3117 2180 3321 2234 relictis
3348 2178 3432 2232 his

1847 2249 2215 2306 sacerdotibus
2266 2252 2357 2321 qui
2410 2253 2462 2306 in
2508 2252 2695 2307 eadem
2726 2254 2999 2320 provincia
3032 2251 3127 2305 Dei
3171 2250 3431 2304 ecclesias

1850 2330 1995 2390 Illnlu
2025 2321 2206 2375 divino
2235 2320 2557 2390 gubernant,
2589 2321 2656 2376 ad
2685 2324 2847 2378 alias.
2871 2323 3162 2377 convolare
3209 2320 3425 2390 provin-

1847 2389 1956 2461 cias
1995 2391 2078 2444 vel
2126 2389 2350 2446 aliarum
2406 2394 2800 2460 provinciarum
2854 2393 3233 2461 episcoporum
3282 2389 3421 2461 indi:

1846 2459 1988 2532 cium
2011 2462 2191 2531 expeti
2222 2461 2303 2516 vel
2327 2456 2475 2532 pati,
2527 2464 2629 2518 nisi
2655 2456 3227 2532 fueritgprovoeatum.
3274 2456 3428 2526 Quod

1846 2530 1892 2587 si
1923 2534 2041 2600 quis
2082 2530 2547 2601 praesumpserit,
2598 2542 2653 2587 et
2680 2535 2749 2587 ab
2782 2531 2962 2587 oflicio
2990 2531 3119 2586 cleti
3150 2532 3429 2601 depositus

1847 2608 1902 2657 et
1930 2601 2240 2656 iniuriarum
2272 2617 2394 2656 reus
2409 2605 2477 2658 ab
2504 2604 2754 2659 omnibus
2781 2603 3069 2657 iudicetur.

1917 2669 1973 2725 Si
2000 2682 2183 2727 autem
2214 2672 2445 2728 maiores
2467 2688 2667 2728 causae
2691 2674 2743 2727 in
2794 2673 2972 2727 medio
3020 2670 3223 2726 fuerint
3265 2668 3431 2723 devo-

1848 2738 2016 2803 lutae,
2072 2741 2149 2813 ad,
2199 2743 2381 2798 sedem
2423 2744 2796 2813 apostolicam,
2850 2751 2909 2796 ut
2955 2749 3139 2813 sancta
3176 2740 3432 2813 synodus

1846 2813 2035 2883 statuit
2057 2820 2111 2866 ct
2139 2812 2295 2883 beata
2318 2810 2655 2869 consuezudo
2696 2813 2884 2882 exigit,
2916 2827 3012 2883 per
3027 2810 3287 2867 iudiciuin
3317 2810 3433 2880 epi—

1843 2882 2065 2948 scopale
2094 2882 2379 2938 referatur.

1921 2949 2347 3007 PtlldCﬂllSSlllle
2383 2952 2781 3021 iustissimeque
2813 2952 3031 3007 decreta
3061 2951 3245 3007 Niceni
3292 2965 3426 3005 cons

1847 3020 1955 3093 cilii
1978 3023 2095 3093 sive
2121 3023 2354 3076 Africani
2379 3020 2751 3081 decreverunt.
2784 3040 2855 3093 qu
2876 3037 3175 3093 tecumque,
3215 3022 3427 3093 negotia

1849 3090 1903 3145 in
1930 3091 2044 3146 suis
2082 3091 2238 3159 locis,
2272 3093 2359 3146 ubi
2410 3102 2528 3147 orta
2560 3104 2705 3153 sunt.
2739 3090 3005 3155 finienda;
3036 3090 3273 3146 maxime
3305 3092 3429 3158 quia

1849 3161 2135 3231 unicuique
2179 3178 2494 3219 concessum
2536 3171 2637 3228 est,
2668 3163 2713 3217 si
2764 3162 2960 3217 iudicio
2989 3161 3225 3216 ollensus
3274 3160 3429 3215 fuerit

1839 3233 2196 3303 cognitorum,
2228 3236 2296 3287 ad
2324 3234 2553 3288 concilia
2600 3248 2731 3289 suae
2776 3233 3086 3303 provinciae
3128 3231 3215 3287 vel
3263 3231 3426 3286 etiam

1842 3300 2142 3358 universale
2171 3317 2488 3373 provocare.

1910 3373 2153 3442 Servata
2187 3387 2325 3442 quae
2353 3374 2550 3442 scripta
2591 3383 2673 3429 est
2716 3374 2783 3429 dc
2812 3373 3296 3442 gubernationibus
3336 3387 3426 3426 re-

1841 3441 1986 3511 gttla,
2019 3441 2360 3498 manifestum
2383 3441 2632 3512 estquod
2656 3445 2768 3509 illa,
2798 3441 2937 3514 quae
2965 3452 3091 3498 sunt
3110 3459 3209 3514 per
3234 3458 3424 3514 unam-

1839 3526 2109 3581 quamque
2131 3514 2484 3585 provinciam,
2516 3515 2682 3584 ipsius
2713 3512 3017 3585 provinciae
3043 3512 3283 3584 synodtts
3311 3512 3426 3568 dis-

1841 3592 2070 3703 punsat,
2128 3582 2267 3638 sicut
2319 3582 2778 3642 Niceno'const'at
2819 3582 3098 3641 decretum
3139 3598 3260 3639 esse
3298 3597 3429 3638 con-

1841 3666 1887 3703 CI
1911 3667 1984 3703 ιο.

1840 3666 1984 3706 ClllO.

1912 3722 1970 3776 Si
1992 3723 2110 3791 quis
2131 3722 2419 3793 episcopus
2437 3738 2599 3793 super
2615 3726 2778 3780 certis
2798 3733 3078 3782 accusatur
3098 3723 3429 3788 criminibus,

1840 3789 1907 3871 ab
1936 3789 2183 3873 omnibus
2212 3789 2461 3873 audiatur
2488 3789 2569 3850 \‘el
2615 3796 2880 3851 iudicetur
2904 3797 2999 3865 qui
3044 3803 3170 3851 sunt
3211 3796 3265 3850 in
3301 3810 3432 3865 pro-

1838 3864 2011 3932 vincia
2042 3864 2329 3932 epiScopis.
2924 3864 2937 3865 ί
3304 3864 3313 3865 ί
3374 3912 3387 3923 .

1910 3930 2290 4003 Quaecumque
2313 3940 2439 3987 sunt.
2466 3933 2530 3986 ad
2558 3933 2828 4003 religionis
2872 3934 3264 3990 observantiam
3296 3948 3423 4003 per-

1839 4002 2083 4125 bibentia,
2110 4002 2243 4059 locis
2264 4004 2375 4057 suis
2402 4012 2513 4057 eta
2563 4019 2696 4059 suae
2741 4004 3022 4060 dioceseos
3069 4002 3419 4076 synodis’au-

1878 4082 2073 4125 tantur.

1878 4082 2073 4127 tantur.

1916 4142 2295 4215 Unaquaeque
2324 4142 2594 4215 provincia
2638 4158 2758 4215 suo,
2784 4145 3199 4215 metr0politauo
3238 4152 3295 4199 et
3317 4141 3428 4199 suis

1841 4212 2381 4283 coniprovincialibus
2410 4214 2676 4283 episcOpis
2716 4214 2788 4268 sit
2826 4212 3102 4270 contenta.

1911 4282 2225 4355 Miledictns
2253 4284 2427 4338 omnis
2450 4282 2455 4283 “
2477 4284 2591 4355 qui
2623 4284 2874 4338 transfert
2903 4285 3160 4342 terminos
3187 4282 3421 4355 proximi
3510 4282 3517 4289 ’

1843 4352 1949 4426 διιίἐ
1971 4352 2207 4426 Etdicet
2232 4356 2408 4409 omnis
2435 4353 2663 4426 populus
2694 4372 2709 4409 :
2740 4355 2924 4409 Amen.
2957 4355 3023 4410 Et
3048 4352 3277 4426 reliqua.

1915 4422 2016 4490 Qui
2042 4424 2067 4496 Αθ
2094 4434 2220 4496 sunt
2268 4422 2722 4493 supra’dtocesitn
2763 4427 3031 4495 episeopi,
3075 4422 3415 4496 nequaquam

144 4510 300 4563 sunt,
336 4498 429 4552 sed
481 4497 580 4551 viri
615 4494 995 4567 probatissimi.
1044 4496 1224 4549 Primo
1247 4511 1459 4566 semper
1489 4513 1735 4565 persona,
1776 4498 1818 4555 D
1846 4494 1911 4547 ad
1939 4494 2214 4567 ecclesias,
2248 4510 2388 4564 quae
2430 4503 2556 4550 sunt
2588 4504 2739 4567 extra
2772 4494 3036 4566 praefixos
3083 4494 3185 4552 sibi
3236 4494 3423 4551 termi-

146 4570 289 4625 fides
318 4609 341 4636 ,
398 4568 507 4623 vita
557 4566 979 4621 et’conversatio
1009 4567 1373 4636 accusantium
1417 4568 1739 4635 inquiratur.

142 4639 212 4699 Et
242 4634 468 4710 postea,
511 4652 651 4707 quae
676 4637 1013 4710 obiciuntur,
1045 4634 1275 4710 fideliter
1299 4634 1738 4710 pertractentur;

142 4706 274 4780 quia
316 4709 451 4780 nihil
482 4710 647 4780 aliter
683 4706 797 4762 tieri
829 4707 1024 4770 debet,
1054 4706 1157 4761 nisi
1200 4707 1564 4778 impetitorum
1593 4708 1742 4779 prius

141 4779 255 4834 vita
286 4779 636 4833 discutiatur.

216 4852 351 4906 Non
381 4858 464 4904 est
490 4847 801 4911 auctoritas,
825 4860 1146 4916 quemquam
1174 4845 1742 4906 clericorutniudicare

140 4919 231 4975 vel
261 4921 590 4990 dampnare,
619 4925 907 4990 antequam
937 4924 1279 4990 accusatores
1305 4926 1615 4990 praesentes
1646 4918 1743 4990 ha-

106 5056 111 5061 ο
141 4991 278 5045 beat
307 5030 330 5054 ,
362 4986 648 5058 lucumque
685 4987 1008 5043 defendendi
1042 4987 1064 5017 ³
1092 4987 1320 5056 accipiat
1365 4986 1433 5041 ad
1476 4987 1741 5042 abluenda

141 5075 406 5116 crimina.

213 5128 420 5185 Omnis
468 5128 743 5185 accusatio
788 5127 927 5183 intra
976 5122 1307 5196 provinciam
1364 5126 1636 5194 audiatur,
1689 5135 1745 5182 et

142 5214 175 5257 a
222 5199 773 5269 conprovincialibus
831 5200 1167 5269 terminetur.
1229 5200 1377 5253 Ultra
1431 5197 1740 5267 provinciae

145 5268 422 5325 terminos
450 5269 736 5323 accusandi
763 5268 976 5323 licentia
1005 5282 1111 5322 non
1137 5269 1531 5338 progrediatur.

139 5407 176 5463 Γ
208 5340 533 5420 _F.piscopus
574 5353 676 5393 nec
698 5347 1019 5409 provocatus
1067 5337 1166 5411 pro
1203 5337 1367 5396 rebus
1418 5337 1741 5394 transitoriis

160 5418 350 5463 meet.

160 5410 350 5477 itiget.

213 5475 345 5533 Non
383 5486 466 5534 est
512 5479 708 5534 iustum
745 5475 982 5533 iudicare
1006 5488 1097 5533 aut
1135 5479 1501 5535 condemnare
1542 5478 1736 5545 virum,

138 5550 304 5605 cuius
328 5563 503 5606 causa
521 5549 589 5606 ad
630 5549 889 5619 liquidum
919 5563 1028 5604 non
1056 5558 1136 5605 est
1167 5551 1495 5605 examinata.

1844 4580 1970 4688 uos:l
1988 4565 2265 4688 accedant,
2315 4580 2417 4622 nec
2466 4580 2558 4621 eas
2604 4564 2785 4635 aliqua
2822 4570 3262 4637 praesumptione
3279 4581 3417 4622 eon-

1869 4651 1936 4688 un
1975 4650 2041 4688 au
2074 4673 2090 4688 .

1869 4643 2090 4689 'undant.

1915 4704 2032 4759 Non
2064 4712 2276 4777 oportet
2317 4706 2591 4762 transferri
2647 4705 2904 4763 terminos
2943 4724 2973 4764 a
3001 4707 3244 4777 patribus
3292 4720 3425 4761 con-

1843 4776 2080 4847 stitutos,
2103 4775 2173 4830 'ut
2198 4775 2347 4847 alter
2378 4777 2599 4833 alterius
2626 4779 2966 4847 parrochiam
3004 4775 3230 4832 invadat
3260 4784 3425 4847 atque

1846 4845 1956 4899 illic
1996 4846 2272 4899 celebrare
2322 4846 2501 4917 divina
2551 4845 2803 4917 mysteria
2854 4848 3157 4904 inconsulto
3210 4846 3421 4915 episco-

1846 4930 1947 4986 po.
1977 4917 2013 4986 '_
2037 4917 2132 4986 cui
2152 4916 2432 4969 commissa
2463 4929 2564 4980 εει,
2598 4928 2921 4986 praesumat.

1920 4984 2043 5041 582.
2087 4983 2171 5057 Ec
2210 4986 2447 5054 capitulis
2488 4983 2662 5041 domui
2708 4986 2888 5044 Kazolt
2928 4990 3061 5057 regis
3090 5002 3227 5040 anno
3277 4987 3426 5055 regni

1848 5058 1953 5129 eius
1988 5054 2252 5129 αιιάείίηρ
2289 5071 2357 5129 ac
2381 5058 2444 5109 is.
2510 5058 2583 5111 lle
2624 5058 2723 5119 his,
2764 5058 2849 5129 qni
2892 5054 3027 5129 mea
3056 5073 3267 5129 regnant
3314 5054 3426 5129 siue

1848 5128 2072 5180 iussione
2106 5126 2362 5179 dominica
2400 5144 2485 5195 per
2527 5129 2627 5180 vim
2659 5128 2854 5196 aliquit
2877 5126 3008 5195 raptt
3040 5126 3162 5181 rint.
3206 5126 3263 5181 Si
3302 5127 3425 5195 quis

1849 5198 1902 5253 in
1930 5195 2167 5252 exercitu
2199 5196 2330 5250 infra
2362 5211 2581 5264 regnum
2610 5198 2728 5252 sine
2749 5195 3004 5253 iussione
3032 5196 3299 5251 dominica
3327 5211 3425 5265 per

1848 5268 1954 5321 vim
1984 5266 2228 5321 hostilem
2257 5266 2453 5330 aliquid
2483 5266 2726 5335 praedari
2769 5267 2998 5322 voluerit
3022 5310 3038 5332 ,
3078 5275 3170 5321 aut
3205 5265 3420 5323 foenum

1844 5337 2050 5400 t0'lere,
2084 5346 2173 5389 aut
2202 5351 2445 5405 granum,
2471 5338 2585 5407 sive
2613 5352 2804 5407 pecora
2836 5340 3039 5392 maiora
3068 5337 3151 5392 vel
3189 5337 3418 5399 minora.

1841 5408 2137 5476 domusque
2178 5401 2478 5476 iul'rangere
2508 5401 2589 5461 vel
2613 5401 2916 5462 incendere
2949 5427 2961 5460 :
2998 5407 3143 5463 llaec
3199 5424 3269 5462 ne
3294 5408 3425 5461 tiaut

1840 5475 2067 5548 omnino
2113 5475 2476 5548 prohibemus.
2520 5477 2745 5548 Quodsi
2800 5479 2866 5531 ab
2912 5479 3091 5548 aliquo
3147 5493 3425 5548 praesum-

1839 5547 2015 5618 ptioso
2045 5546 2244 5601 factum
2290 5546 2469 5615 fuerit,
2502 5547 2779 5618 sexaginta
2805 5546 3016 5619 solidis,
3057 5549 3104 5608 si
3153 5547 3290 5605 liber
3315 5555 3425 5620 est,

1379 5664 1763 5721 VARIANTES
1800 5662 2182 5749 LI'ZCTIONES

232 5783 245 5813 '
280 5782 421 5843 deest
453 5779 569 5840 Bal.
646 5782 666 5811 ¹
688 5782 1083 5851 διῳρηεοῑρριιηι
1112 5781 1194 5837 vel
1225 5780 1312 5838 dei
1336 5780 1398 5837 α.

1477 5780 1498 5811 ³
1537 5778 1573 5835 Ι.
1604 5794 1662 5835 se
1705 5778 1756 5833 tl.
1793 5778 1911 5835 (ἔπ’.

1986 5778 2004 5809 ⁸
2051 5776 2257 5833 deferre
2282 5777 2349 5832 (ἰ.
2424 5779 2442 5809 ⁵
2473 5794 2611 5847 quae
2639 5777 2703 5833 (ἶ.
2783 5780 2803 5809 ⁸
2831 5794 2968 5850 quae
2994 5784 3061 5839 (ἱ.
3139 5783 3157 5813 ⁷
3191 5796 3258 5837 eo
3284 5780 3354 5838 (ἶ.
