  <div class='ocr_page' id='page_1' title='image "/cluster/home/n/w/nwhite01/storage/ocr_20150623/97/hvd.32044015466766/418.png"; bbox 0 0 3974 6340; ppageno 0'>
   <div class='ocr_carea' id='block_1_1' title="bbox 215 324 326 379">
    <p class='ocr_par' dir='ltr' id='par_1_1' title="bbox 215 324 326 379">
     <span class='ocr_line' id='line_1_1' title="bbox 215 324 326 379; baseline 0 -1"><span class='ocrx_word' id='word_1_1' title='bbox 215 324 326 379; x_wconf 80' lang='lat'><strong>797</strong></span> 
     </span>
    </p>
   </div>
   <div class='ocr_carea' id='block_1_2' title="bbox 719 315 2965 386">
    <p class='ocr_par' dir='ltr' id='par_1_2' title="bbox 719 315 2965 386">
     <span class='ocr_line' id='line_1_2' title="bbox 719 315 2965 386; baseline 0.004 -10"><span class='ocrx_word' id='word_1_2' title='bbox 719 319 869 376; x_wconf 85' lang='lat' dir='ltr'><strong>COD.</strong></span> <span class='ocrx_word' id='word_1_3' title='bbox 899 319 1169 376; x_wconf 65' lang='lat' dir='ltr'><strong>DIPLOI.</strong></span> <span class='ocrx_word' id='word_1_4' title='bbox 1197 349 1269 360; x_wconf 92' lang='lat'><strong>—-</strong></span> <span class='ocrx_word' id='word_1_5' title='bbox 1305 319 1659 377; x_wconf 78' lang='lat' dir='ltr'><strong>BENEDICTI</strong></span> <span class='ocrx_word' id='word_1_6' title='bbox 1689 320 2200 378; x_wconf 71' lang='lat' dir='ltr'><strong>CAPITULARIUM</strong></span> <span class='ocrx_word' id='word_1_7' title='bbox 2229 315 2627 384; x_wconf 67' lang='lat' dir='ltr'><strong>COCLECTIO.</strong></span> <span class='ocrx_word' id='word_1_8' title='bbox 2649 359 2716 368; x_wconf 93' lang='lat'><strong><em>—</em></strong></span> <span class='ocrx_word' id='word_1_9' title='bbox 2745 329 2871 384; x_wconf 87' lang='lat' dir='ltr'><strong>LIB.</strong></span> <span class='ocrx_word' id='word_1_10' title='bbox 2901 331 2965 386; x_wconf 87' lang='lat' dir='ltr'><strong>ll.</strong></span> 
     </span>
    </p>
   </div>
   <div class='ocr_carea' id='block_1_3' title="bbox 3356 338 3450 395">
    <p class='ocr_par' dir='ltr' id='par_1_3' title="bbox 3356 338 3450 395">
     <span class='ocr_line' id='line_1_3' title="bbox 3356 338 3450 395; baseline 0.021 -2"><span class='ocrx_word' id='word_1_11' title='bbox 3356 338 3450 395; x_wconf 58' lang='lat'><strong>79%</strong></span> 
     </span>
    </p>
   </div>
   <div class='ocr_carea' id='block_1_4' title="bbox 213 427 3450 509">
    <p class='ocr_par' dir='ltr' id='par_1_4' title="bbox 213 427 3450 509">
     <span class='ocr_line' id='line_1_4' title="bbox 213 427 3450 509; baseline 0.004 -21"><span class='ocrx_word' id='word_1_12' title='bbox 213 434 301 489; x_wconf 80' lang='lat' dir='ltr'><strong>Do</strong></span> <span class='ocrx_word' id='word_1_13' title='bbox 325 463 337 484; x_wconf 66' lang='lat' dir='ltr'><strong>i</strong></span> <span class='ocrx_word' id='word_1_14' title='bbox 359 427 880 509; x_wconf 38' lang='lat' dir='ltr'><strong>ini_detmc.t_i_onibus</strong></span> <span class='ocrx_word' id='word_1_15' title='bbox 899 436 955 482; x_wconf 91' lang='lat' dir='ltr'><strong>et</strong></span> <span class='ocrx_word' id='word_1_16' title='bbox 982 427 1456 509; x_wconf 52' lang='lat' dir='ltr'><strong>cituperationihus</strong></span> <span class='ocrx_word' id='word_1_17' title='bbox 1497 429 1776 509; x_wconf 61' lang='lat' dir='ltr'><strong>dilauient,</strong></span> <span class='ocrx_word' id='word_1_18' title='bbox 1807 434 1854 490; x_wconf 85' lang='lat' dir='ltr'><strong>A</strong></span> <span class='ocrx_word' id='word_1_19' title='bbox 1884 429 2001 484; x_wconf 85' lang='lat' dir='ltr'><strong>bilis</strong></span> <span class='ocrx_word' id='word_1_20' title='bbox 2030 433 2134 486; x_wconf 87' lang='lat' dir='ltr'><strong>erit</strong></span> <span class='ocrx_word' id='word_1_21' title='bbox 2163 435 2354 509; x_wconf 71' lang='lat' dir='ltr'><strong>omnis,</strong></span> <span class='ocrx_word' id='word_1_22' title='bbox 2379 437 2468 504; x_wconf 85' lang='lat' dir='ltr'><strong>qui</strong></span> <span class='ocrx_word' id='word_1_23' title='bbox 2491 452 2556 491; x_wconf 78' lang='lat' dir='ltr'><strong>ea</strong></span> <span class='ocrx_word' id='word_1_24' title='bbox 2585 437 2810 509; x_wconf 83' lang='lat' dir='ltr'><strong>Domino</strong></span> <span class='ocrx_word' id='word_1_25' title='bbox 2827 448 2881 494; x_wconf 88' lang='lat' dir='ltr'><strong>et</strong></span> <span class='ocrx_word' id='word_1_26' title='bbox 2897 440 3179 509; x_wconf 79' lang='lat' dir='ltr'><strong>ecc&#39;esiae,</strong></span> <span class='ocrx_word' id='word_1_27' title='bbox 3203 445 3291 500; x_wconf 83' lang='lat' dir='ltr'><strong>cui</strong></span> <span class='ocrx_word' id='word_1_28' title='bbox 3312 462 3450 504; x_wconf 75' lang='lat' dir='ltr'><strong>eon-</strong></span> 
     </span>
    </p>
   </div>
   <div class='ocr_carea' id='block_1_5' title="bbox 211 497 3451 584">
    <p class='ocr_par' dir='ltr' id='par_1_5' title="bbox 211 497 3451 584">
     <span class='ocr_line' id='line_1_5' title="bbox 211 497 3451 584; baseline -0.007 14"><span class='ocrx_word' id='word_1_29' title='bbox 211 499 615 584; x_wconf 58' lang='grc' dir='ltr'><strong>Ρετνεπρεηιςέ</strong></span> <span class='ocrx_word' id='word_1_30' title='bbox 639 497 1095 584; x_wconf 44' lang='lat' dir='ltr'><strong>Tesserae!!!</strong></span> <span class='ocrx_word' id='word_1_31' title='bbox 1116 497 1348 584; x_wconf 53' lang='lat' dir='ltr'><strong>Persea</strong></span> <span class='ocrx_word' id='word_1_32' title='bbox 1365 512 1503 565; x_wconf 61' lang='lat' dir='ltr'><strong>quae</strong></span> <span class='ocrx_word' id='word_1_33' title='bbox 1519 497 1780 584; x_wconf 50' lang='lat' dir='ltr'><strong>901W</strong></span> <span class='ocrx_word' id='word_1_34' title='bbox 1882 511 2088 584; x_wconf 71' lang='grc' dir='ltr'><strong>νειιιηεο</strong></span> <span class='ocrx_word' id='word_1_35' title='bbox 2111 506 2312 584; x_wconf 54' lang='lat' dir='ltr'><strong>aurern.</strong></span> <span class='ocrx_word' id='word_1_36' title='bbox 2339 497 2542 584; x_wconf 60' lang='lat' dir='ltr'><strong>visent.</strong></span> <span class='ocrx_word' id='word_1_37' title='bbox 2585 508 2788 584; x_wconf 62' lang='lat' dir='ltr'><strong>innati</strong></span> <span class='ocrx_word' id='word_1_38' title='bbox 2817 509 2908 584; x_wconf 60' lang='lat' dir='ltr'><strong>vel</strong></span> <span class='ocrx_word' id='word_1_39' title='bbox 2931 497 3451 584; x_wconf 46' lang='lat' dir='ltr'><strong>noscitanda</strong></span> 
     </span>
    </p>
   </div>
   <div class='ocr_carea' id='block_1_6' title="bbox 211 567 1776 636">
    <p class='ocr_par' dir='ltr' id='par_1_6' title="bbox 211 567 1776 636">
     <span class='ocr_line' id='line_1_6' title="bbox 211 567 1776 636; baseline -0.005 -10"><span class='ocrx_word' id='word_1_40' title='bbox 211 567 390 636; x_wconf 62' lang='lat' dir='ltr'><strong>Movsi</strong></span> <span class='ocrx_word' id='word_1_41' title='bbox 415 569 612 622; x_wconf 87' lang='lat' dir='ltr'><strong>famulo</strong></span> <span class='ocrx_word' id='word_1_42' title='bbox 643 567 847 621; x_wconf 84' lang='lat' dir='ltr'><strong>Domini</strong></span> <span class='ocrx_word' id='word_1_43' title='bbox 872 575 1090 636; x_wconf 79' lang='lat' dir='ltr'><strong>propter</strong></span> <span class='ocrx_word' id='word_1_44' title='bbox 1103 568 1496 636; x_wconf 77' lang='lat' dir='ltr'><strong>Aethiopissam</strong></span> <span class='ocrx_word' id='word_1_45' title='bbox 1525 567 1776 632; x_wconf 78' lang='lat' dir='ltr'><strong>detraxit,</strong></span> 
     </span>
    </p>
   </div>
   <div class='ocr_carea' id='block_1_7' title="bbox 210 633 1774 706">
    <p class='ocr_par' dir='ltr' id='par_1_7' title="bbox 210 633 1774 706">
     <span class='ocr_line' id='line_1_7' title="bbox 210 633 1774 706; baseline -0.004 -9"><span class='ocrx_word' id='word_1_46' title='bbox 210 633 536 697; x_wconf 73' lang='lat' dir='ltr'><strong>inmunditia</strong></span> <span class='ocrx_word' id='word_1_47' title='bbox 564 639 744 704; x_wconf 89' lang='lat' dir='ltr'><strong>leprae</strong></span> <span class='ocrx_word' id='word_1_48' title='bbox 783 633 1003 691; x_wconf 79' lang='lat' dir='ltr'><strong>multata</strong></span> <span class='ocrx_word' id='word_1_49' title='bbox 1029 639 1116 691; x_wconf 89' lang='lat' dir='ltr'><strong>sit.</strong></span> <span class='ocrx_word' id='word_1_50' title='bbox 1146 638 1209 691; x_wconf 84' lang='lat' dir='ltr'><strong>Et</strong></span> <span class='ocrx_word' id='word_1_51' title='bbox 1253 633 1381 691; x_wconf 82' lang='lat' dir='ltr'><strong>illud</strong></span> <span class='ocrx_word' id='word_1_52' title='bbox 1425 638 1734 706; x_wconf 82' lang='lat' dir='ltr'><strong>psalmistae</strong></span> <span class='ocrx_word' id='word_1_53' title='bbox 1761 656 1774 690; x_wconf 91' lang='lat'><strong>:</strong></span> 
     </span>
    </p>
   </div>
   <div class='ocr_carea' id='block_1_8' title="bbox 208 709 1778 778">
    <p class='ocr_par' dir='ltr' id='par_1_8' title="bbox 208 709 1778 778">
     <span class='ocr_line' id='line_1_8' title="bbox 208 709 1778 778; baseline -0.003 -13"><span class='ocrx_word' id='word_1_54' title='bbox 208 710 400 764; x_wconf 81' lang='lat' dir='ltr'><strong>Nolite</strong></span> <span class='ocrx_word' id='word_1_55' title='bbox 438 720 648 778; x_wconf 79' lang='lat' dir='ltr'><strong>tangere</strong></span> <span class='ocrx_word' id='word_1_56' title='bbox 682 709 897 778; x_wconf 71' lang='lat' dir='ltr'><strong>citrislos</strong></span> <span class='ocrx_word' id='word_1_57' title='bbox 936 724 1108 774; x_wconf 85' lang='lat' dir='ltr'><strong>meos,</strong></span> <span class='ocrx_word' id='word_1_58' title='bbox 1169 717 1219 761; x_wconf 86' lang='lat' dir='ltr'><strong>et</strong></span> <span class='ocrx_word' id='word_1_59' title='bbox 1253 714 1308 761; x_wconf 78' lang='lat' dir='ltr'><strong>in</strong></span> <span class='ocrx_word' id='word_1_60' title='bbox 1355 709 1612 778; x_wconf 83' lang='lat' dir='ltr'><strong>prophetis</strong></span> <span class='ocrx_word' id='word_1_61' title='bbox 1655 709 1778 778; x_wconf 64' lang='lat' dir='ltr'><strong>uicis</strong></span> 
     </span>
    </p>
   </div>
   <div class='ocr_carea' id='block_1_9' title="bbox 205 776 1776 847">
    <p class='ocr_par' dir='ltr' id='par_1_9' title="bbox 205 776 1776 847">
     <span class='ocr_line' id='line_1_9' title="bbox 205 776 1776 847; baseline -0.003 -13"><span class='ocrx_word' id='word_1_62' title='bbox 205 782 376 836; x_wconf 83' lang='lat' dir='ltr'><strong>nolite</strong></span> <span class='ocrx_word' id='word_1_63' title='bbox 397 776 693 845; x_wconf 58' lang='lat' dir='ltr'><strong>malignari.</strong></span> <span class='ocrx_word' id='word_1_64' title='bbox 727 777 788 830; x_wconf 83' lang='lat' dir='ltr'><strong>Et</strong></span> <span class='ocrx_word' id='word_1_65' title='bbox 816 778 1066 832; x_wconf 83' lang='lat' dir='ltr'><strong>Dominus</strong></span> <span class='ocrx_word' id='word_1_66' title='bbox 1101 793 1194 847; x_wconf 89' lang='lat' dir='ltr'><strong>per</strong></span> <span class='ocrx_word' id='word_1_67' title='bbox 1243 776 1458 846; x_wconf 79' lang='lat' dir='ltr'><strong>Moysen</strong></span> <span class='ocrx_word' id='word_1_68' title='bbox 1503 779 1577 830; x_wconf 88' lang='lat' dir='ltr'><strong>ait</strong></span> <span class='ocrx_word' id='word_1_69' title='bbox 1602 795 1614 830; x_wconf 91' lang='lat'>:</span> <span class='ocrx_word' id='word_1_70' title='bbox 1637 776 1776 847; x_wconf 23' lang='lat' dir='ltr'><strong>¥Diis</strong></span> 
     </span>
    </p>
   </div>
   <div class='ocr_carea' id='block_1_10' title="bbox 202 845 1775 918">
    <p class='ocr_par' dir='ltr' id='par_1_10' title="bbox 202 845 1775 918">
     <span class='ocr_line' id='line_1_10' title="bbox 202 845 1775 918; baseline -0.002 -14"><span class='ocrx_word' id='word_1_71' title='bbox 202 867 318 905; x_wconf 76' lang='lat' dir='ltr'><strong>non</strong></span> <span class='ocrx_word' id='word_1_72' title='bbox 339 850 592 911; x_wconf 69' lang='lat' dir='ltr'><strong>detrahas,</strong></span> <span class='ocrx_word' id='word_1_73' title='bbox 608 856 654 900; x_wconf 77' lang='lat' dir='ltr'><strong>et</strong></span> <span class='ocrx_word' id='word_1_74' title='bbox 669 850 886 918; x_wconf 81' lang='lat' dir='ltr'><strong>princpi</strong></span> <span class='ocrx_word' id='word_1_75' title='bbox 911 850 1086 918; x_wconf 87' lang='lat' dir='ltr'><strong>popu&#39;i</strong></span> <span class='ocrx_word' id='word_1_76' title='bbox 1103 845 1175 901; x_wconf 76' lang='lat' dir='ltr'><strong>lui</strong></span> <span class='ocrx_word' id='word_1_77' title='bbox 1202 864 1301 902; x_wconf 72' lang='lat' dir='ltr'><strong>non</strong></span> <span class='ocrx_word' id='word_1_78' title='bbox 1319 845 1614 901; x_wconf 70' lang='lat' dir='ltr'><strong>maledic-es.</strong></span> <span class='ocrx_word' id='word_1_79' title='bbox 1636 845 1700 900; x_wconf 86' lang='lat' dir='ltr'><strong>Et</strong></span> <span class='ocrx_word' id='word_1_80' title='bbox 1733 849 1775 901; x_wconf 89' lang='lat' dir='ltr'><strong>si</strong></span> 
     </span>
    </p>
   </div>
   <div class='ocr_carea' id='block_1_11' title="bbox 207 918 1778 986">
    <p class='ocr_par' dir='ltr' id='par_1_11' title="bbox 207 918 1778 986">
     <span class='ocr_line' id='line_1_11' title="bbox 207 918 1778 986; baseline -0.001 -13"><span class='ocrx_word' id='word_1_81' title='bbox 207 921 410 984; x_wconf 79' lang='lat' dir='ltr'><strong>David,</strong></span> <span class='ocrx_word' id='word_1_82' title='bbox 443 933 626 986; x_wconf 78' lang='lat' dir='ltr'><strong>regum</strong></span> <span class='ocrx_word' id='word_1_83' title='bbox 658 919 994 982; x_wconf 87' lang='lat' dir='ltr'><strong>iustissimus,</strong></span> <span class='ocrx_word' id='word_1_84' title='bbox 1029 918 1081 971; x_wconf 92' lang='lat' dir='ltr'><strong>in</strong></span> <span class='ocrx_word' id='word_1_85' title='bbox 1113 918 1260 978; x_wconf 84' lang='lat' dir='ltr'><strong>Saul.</strong></span> <span class='ocrx_word' id='word_1_86' title='bbox 1312 933 1468 986; x_wconf 84' lang='lat' dir='ltr'><strong>quem</strong></span> <span class='ocrx_word' id='word_1_87' title='bbox 1496 921 1778 971; x_wconf 83' lang='lat' dir='ltr'><strong>constabat</strong></span> 
     </span>
    </p>
   </div>
   <div class='ocr_carea' id='block_1_12' title="bbox 201 987 1773 1056">
    <p class='ocr_par' dir='ltr' id='par_1_12' title="bbox 201 987 1773 1056">
     <span class='ocr_line' id='line_1_12' title="bbox 201 987 1773 1056; baseline -0.001 -14"><span class='ocrx_word' id='word_1_88' title='bbox 201 990 318 1044; x_wconf 86' lang='lat' dir='ltr'><strong>iam</strong></span> <span class='ocrx_word' id='word_1_89' title='bbox 353 1006 382 1042; x_wconf 87' lang='lat' dir='ltr'><strong>a</strong></span> <span class='ocrx_word' id='word_1_90' title='bbox 410 990 633 1042; x_wconf 91' lang='lat' dir='ltr'><strong>Domino</strong></span> <span class='ocrx_word' id='word_1_91' title='bbox 650 989 996 1056; x_wconf 70' lang='lat' dir='ltr'><strong>reprobatum</strong></span> <span class='ocrx_word' id='word_1_92' title='bbox 1020 997 1075 1040; x_wconf 89' lang='lat' dir='ltr'><strong>et</strong></span> <span class='ocrx_word' id='word_1_93' title='bbox 1101 987 1367 1042; x_wconf 88' lang='lat' dir='ltr'><strong>abiectum</strong></span> <span class='ocrx_word' id='word_1_94' title='bbox 1391 1002 1531 1051; x_wconf 90' lang='lat' dir='ltr'><strong>esse,</strong></span> <span class='ocrx_word' id='word_1_95' title='bbox 1557 1002 1773 1040; x_wconf 89' lang='lat' dir='ltr'><strong>manum</strong></span> 
     </span>
    </p>
   </div>
   <div class='ocr_carea' id='block_1_13' title="bbox 199 1057 1774 1126">
    <p class='ocr_par' dir='ltr' id='par_1_13' title="bbox 199 1057 1774 1126">
     <span class='ocr_line' id='line_1_13' title="bbox 199 1057 1774 1126; baseline -0.003 -14"><span class='ocrx_word' id='word_1_96' title='bbox 199 1062 431 1114; x_wconf 88' lang='lat' dir='ltr'><strong>mittere</strong></span> <span class='ocrx_word' id='word_1_97' title='bbox 459 1075 565 1112; x_wconf 92' lang='lat' dir='ltr'><strong>non</strong></span> <span class='ocrx_word' id='word_1_98' title='bbox 596 1057 1145 1126; x_wconf 83' lang='lat' dir='ltr'><strong>praesuntpsit,multo</strong></span> <span class='ocrx_word' id='word_1_99' title='bbox 1169 1059 1335 1125; x_wconf 80' lang='lat' dir='ltr'><strong>magis</strong></span> <span class='ocrx_word' id='word_1_100' title='bbox 1357 1058 1649 1111; x_wconf 84' lang='lat' dir='ltr'><strong>cavendum</strong></span> <span class='ocrx_word' id='word_1_101' title='bbox 1671 1064 1774 1120; x_wconf 91' lang='lat' dir='ltr'><strong>est,</strong></span> 
     </span>
    </p>
   </div>
   <div class='ocr_carea' id='block_1_14' title="bbox 202 1126 1772 1196">
    <p class='ocr_par' dir='ltr' id='par_1_14' title="bbox 202 1126 1772 1196">
     <span class='ocr_line' id='line_1_14' title="bbox 202 1126 1772 1196; baseline -0.001 -14"><span class='ocrx_word' id='word_1_102' title='bbox 202 1146 280 1184; x_wconf 89' lang='lat' dir='ltr'><strong>ne</strong></span> <span class='ocrx_word' id='word_1_103' title='bbox 306 1143 522 1182; x_wconf 87' lang='lat' dir='ltr'><strong>manum</strong></span> <span class='ocrx_word' id='word_1_104' title='bbox 554 1127 901 1182; x_wconf 83' lang='lat' dir='ltr'><strong>detractionis</strong></span> <span class='ocrx_word' id='word_1_105' title='bbox 927 1136 1018 1180; x_wconf 90' lang='lat' dir='ltr'><strong>aut</strong></span> <span class='ocrx_word' id='word_1_106' title='bbox 1041 1128 1444 1196; x_wconf 72' lang='lat' dir='ltr'><strong>vituperationis</strong></span> <span class='ocrx_word' id='word_1_107' title='bbox 1470 1127 1582 1180; x_wconf 88' lang='lat' dir='ltr'><strong>sive</strong></span> <span class='ocrx_word' id='word_1_108' title='bbox 1606 1126 1772 1180; x_wconf 89' lang='lat' dir='ltr'><strong>indis-</strong></span> 
     </span>
    </p>
   </div>
   <div class='ocr_carea' id='block_1_15' title="bbox 197 1196 1772 1265">
    <p class='ocr_par' dir='ltr' id='par_1_15' title="bbox 197 1196 1772 1265">
     <span class='ocr_line' id='line_1_15' title="bbox 197 1196 1772 1265; baseline -0.002 -12"><span class='ocrx_word' id='word_1_109' title='bbox 197 1199 467 1253; x_wconf 79' lang='lat' dir='ltr'><strong>cretionis</strong></span> <span class='ocrx_word' id='word_1_110' title='bbox 526 1208 618 1250; x_wconf 90' lang='lat' dir='ltr'><strong>aut</strong></span> <span class='ocrx_word' id='word_1_111' title='bbox 681 1197 1124 1251; x_wconf 85' lang='lat' dir='ltr'><strong>dehonorationis</strong></span> <span class='ocrx_word' id='word_1_112' title='bbox 1179 1197 1392 1265; x_wconf 84' lang='lat' dir='ltr'><strong>quidam</strong></span> <span class='ocrx_word' id='word_1_113' title='bbox 1449 1197 1666 1250; x_wconf 84' lang='lat' dir='ltr'><strong>mittant</strong></span> <span class='ocrx_word' id='word_1_114' title='bbox 1719 1196 1772 1250; x_wconf 92' lang='lat' dir='ltr'><strong>in</strong></span> 
     </span>
    </p>
   </div>
   <div class='ocr_carea' id='block_1_16' title="bbox 197 1267 1773 1336">
    <p class='ocr_par' dir='ltr' id='par_1_16' title="bbox 197 1267 1773 1336">
     <span class='ocr_line' id='line_1_16' title="bbox 197 1267 1773 1336; baseline 0 -14"><span class='ocrx_word' id='word_1_115' title='bbox 197 1278 432 1323; x_wconf 87' lang='lat' dir='ltr'><strong>unctum</strong></span> <span class='ocrx_word' id='word_1_116' title='bbox 457 1268 663 1321; x_wconf 89' lang='lat' dir='ltr'><strong>Domini</strong></span> <span class='ocrx_word' id='word_1_117' title='bbox 699 1276 755 1321; x_wconf 92' lang='lat' dir='ltr'><strong>et</strong></span> <span class='ocrx_word' id='word_1_118' title='bbox 781 1268 830 1321; x_wconf 94' lang='lat' dir='ltr'><strong>in</strong></span> <span class='ocrx_word' id='word_1_119' title='bbox 878 1267 1274 1336; x_wconf 63' lang='lat' dir='ltr'><strong>praedicatores</strong></span> <span class='ocrx_word' id='word_1_120' title='bbox 1303 1275 1524 1322; x_wconf 89' lang='lat' dir='ltr'><strong>sanctae</strong></span> <span class='ocrx_word' id='word_1_121' title='bbox 1551 1267 1642 1321; x_wconf 89' lang='lat' dir='ltr'><strong>Dei</strong></span> <span class='ocrx_word' id='word_1_122' title='bbox 1684 1281 1773 1322; x_wconf 82' lang='lat' dir='ltr'><strong>ec-</strong></span> 
     </span>
    </p>
   </div>
   <div class='ocr_carea' id='block_1_17' title="bbox 195 1340 426 1392">
    <p class='ocr_par' dir='ltr' id='par_1_17' title="bbox 195 1340 426 1392">
     <span class='ocr_line' id='line_1_17' title="bbox 195 1340 426 1392; baseline -0.004 0"><span class='ocrx_word' id='word_1_123' title='bbox 195 1340 426 1392; x_wconf 78' lang='lat' dir='ltr'><strong>etesiae.</strong></span> 
     </span>
    </p>
   </div>
   <div class='ocr_carea' id='block_1_18' title="bbox 274 1405 1772 1476">
    <p class='ocr_par' dir='ltr' id='par_1_18' title="bbox 274 1405 1772 1476">
     <span class='ocr_line' id='line_1_18' title="bbox 274 1405 1772 1476; baseline 0 -16"><span class='ocrx_word' id='word_1_124' title='bbox 274 1407 404 1462; x_wconf 65' lang='grc'><strong>405.</strong></span> <span class='ocrx_word' id='word_1_125' title='bbox 438 1406 585 1469; x_wconf 70' lang='lat' dir='ltr'><strong>Quod</strong></span> <span class='ocrx_word' id='word_1_126' title='bbox 609 1407 834 1476; x_wconf 85' lang='lat' dir='ltr'><strong>episc0pi</strong></span> <span class='ocrx_word' id='word_1_127' title='bbox 871 1407 1005 1476; x_wconf 87' lang='lat' dir='ltr'><strong>inter</strong></span> <span class='ocrx_word' id='word_1_128' title='bbox 1018 1423 1072 1460; x_wconf 89' lang='lat' dir='ltr'><strong>se</strong></span> <span class='ocrx_word' id='word_1_129' title='bbox 1099 1405 1370 1476; x_wconf 81' lang='lat' dir='ltr'><strong>corrigere,</strong></span> <span class='ocrx_word' id='word_1_130' title='bbox 1398 1407 1443 1458; x_wconf 84' lang='lat' dir='ltr'><strong>si</strong></span> <span class='ocrx_word' id='word_1_131' title='bbox 1463 1405 1587 1476; x_wconf 83' lang='lat' dir='ltr'><strong>quid</strong></span> <span class='ocrx_word' id='word_1_132' title='bbox 1605 1415 1772 1460; x_wconf 84' lang='lat' dir='ltr'><strong>ortum</strong></span> 
     </span>
    </p>
   </div>
   <div class='ocr_carea' id='block_1_19' title="bbox 197 1475 1771 1547">
    <p class='ocr_par' dir='ltr' id='par_1_19' title="bbox 197 1475 1771 1547">
     <span class='ocr_line' id='line_1_19' title="bbox 197 1475 1771 1547; baseline -0.001 -16"><span class='ocrx_word' id='word_1_133' title='bbox 197 1480 385 1547; x_wconf 64' lang='lat' dir='ltr'><strong>fauit,</strong></span> <span class='ocrx_word' id='word_1_134' title='bbox 418 1477 616 1530; x_wconf 79' lang='lat' dir='ltr'><strong>debent.</strong></span> <span class='ocrx_word' id='word_1_135' title='bbox 639 1475 1046 1547; x_wconf 54' lang='lat' dir='ltr'><strong>Constantinus</strong></span> <span class='ocrx_word' id='word_1_136' title='bbox 1067 1475 1358 1547; x_wconf 81' lang='lat' dir='ltr'><strong>imperator</strong></span> <span class='ocrx_word' id='word_1_137' title='bbox 1377 1477 1444 1529; x_wconf 90' lang='lat' dir='ltr'><strong>de</strong></span> <span class='ocrx_word' id='word_1_138' title='bbox 1473 1475 1771 1530; x_wconf 83' lang='lat' dir='ltr'><strong>accusatio-</strong></span> 
     </span>
    </p>
   </div>
   <div class='ocr_carea' id='block_1_20' title="bbox 198 1545 1770 1616">
    <p class='ocr_par' dir='ltr' id='par_1_20' title="bbox 198 1545 1770 1616">
     <span class='ocr_line' id='line_1_20' title="bbox 198 1545 1770 1616; baseline -0.002 -13"><span class='ocrx_word' id='word_1_139' title='bbox 198 1545 368 1603; x_wconf 81' lang='lat' dir='ltr'><strong>nibus</strong></span> <span class='ocrx_word' id='word_1_140' title='bbox 391 1549 767 1616; x_wconf 89' lang='lat' dir='ltr'><strong>episcoporum</strong></span> <span class='ocrx_word' id='word_1_141' title='bbox 799 1546 873 1599; x_wconf 88' lang='lat' dir='ltr'><strong>ait</strong></span> <span class='ocrx_word' id='word_1_142' title='bbox 906 1565 917 1598; x_wconf 90' lang='lat'>:</span> <span class='ocrx_word' id='word_1_143' title='bbox 953 1563 971 1596; x_wconf 69' lang='grc' dir='ltr'><em>α</em></span> <span class='ocrx_word' id='word_1_144' title='bbox 1000 1545 1119 1616; x_wconf 83' lang='lat' dir='ltr'><strong>Hae</strong></span> <span class='ocrx_word' id='word_1_145' title='bbox 1148 1545 1362 1614; x_wconf 80' lang='lat' dir='ltr'><strong>quidem</strong></span> <span class='ocrx_word' id='word_1_146' title='bbox 1400 1547 1770 1616; x_wconf 78' lang='lat' dir='ltr'><strong>accusationes</strong></span> 
     </span>
    </p>
   </div>
   <div class='ocr_carea' id='block_1_21' title="bbox 197 1615 1764 1687">
    <p class='ocr_par' dir='ltr' id='par_1_21' title="bbox 197 1615 1764 1687">
     <span class='ocr_line' id='line_1_21' title="bbox 197 1615 1764 1687; baseline -0.002 -16"><span class='ocrx_word' id='word_1_147' title='bbox 197 1615 643 1687; x_wconf 27' lang='lat' dir='ltr'><strong>tempus’babent</strong></span> <span class='ocrx_word' id='word_1_148' title='bbox 667 1617 963 1686; x_wconf 88' lang='lat' dir='ltr'><strong>proprium,</strong></span> <span class='ocrx_word' id='word_1_149' title='bbox 996 1615 1044 1668; x_wconf 88' lang='lat' dir='ltr'><strong>id</strong></span> <span class='ocrx_word' id='word_1_150' title='bbox 1075 1623 1157 1687; x_wconf 79' lang='lat' dir='ltr'><strong>est</strong></span> <span class='ocrx_word' id='word_1_151' title='bbox 1178 1616 1316 1670; x_wconf 87' lang='lat' dir='ltr'><strong>diem</strong></span> <span class='ocrx_word' id='word_1_152' title='bbox 1348 1616 1524 1682; x_wconf 81' lang='lat' dir='ltr'><strong>magni</strong></span> <span class='ocrx_word' id='word_1_153' title='bbox 1565 1615 1764 1687; x_wconf 85' lang='lat' dir='ltr'><strong>iudicii,</strong></span> 
     </span>
    </p>
   </div>
   <div class='ocr_carea' id='block_1_22' title="bbox 194 1685 1768 1753">
    <p class='ocr_par' dir='ltr' id='par_1_22' title="bbox 194 1685 1768 1753">
     <span class='ocr_line' id='line_1_22' title="bbox 194 1685 1768 1753; baseline -0.002 -11"><span class='ocrx_word' id='word_1_154' title='bbox 194 1685 434 1742; x_wconf 82' lang='lat' dir='ltr'><strong>iudicem</strong></span> <span class='ocrx_word' id='word_1_155' title='bbox 466 1701 594 1742; x_wconf 89' lang='lat' dir='ltr'><strong>vero</strong></span> <span class='ocrx_word' id='word_1_156' title='bbox 619 1685 787 1750; x_wconf 75' lang='lat' dir='ltr'><strong>illum,</strong></span> <span class='ocrx_word' id='word_1_157' title='bbox 817 1687 909 1753; x_wconf 86' lang='lat' dir='ltr'><strong>qui</strong></span> <span class='ocrx_word' id='word_1_158' title='bbox 954 1695 1078 1740; x_wconf 90' lang='lat' dir='ltr'><strong>tunc</strong></span> <span class='ocrx_word' id='word_1_159' title='bbox 1108 1685 1316 1739; x_wconf 87' lang='lat' dir='ltr'><strong>futurus</strong></span> <span class='ocrx_word' id='word_1_160' title='bbox 1357 1694 1436 1738; x_wconf 88' lang='lat' dir='ltr'><strong>est</strong></span> <span class='ocrx_word' id='word_1_161' title='bbox 1467 1699 1655 1740; x_wconf 88' lang='lat' dir='ltr'><strong>omnes</strong></span> <span class='ocrx_word' id='word_1_162' title='bbox 1681 1685 1768 1739; x_wconf 88' lang='lat' dir='ltr'><strong>iu-</strong></span> 
     </span>
    </p>
   </div>
   <div class='ocr_carea' id='block_1_23' title="bbox 191 1754 1763 1825">
    <p class='ocr_par' dir='ltr' id='par_1_23' title="bbox 191 1754 1763 1825">
     <span class='ocr_line' id='line_1_23' title="bbox 191 1754 1763 1825; baseline -0.002 -14"><span class='ocrx_word' id='word_1_163' title='bbox 191 1759 404 1812; x_wconf 86' lang='lat' dir='ltr'><strong>dicare.</strong></span> <span class='ocrx_word' id='word_1_164' title='bbox 437 1757 560 1812; x_wconf 58' lang='lat' dir='ltr'><strong>stibi</strong></span> <span class='ocrx_word' id='word_1_165' title='bbox 617 1770 744 1825; x_wconf 74' lang='lat' dir='ltr'><strong>ergo</strong></span> <span class='ocrx_word' id='word_1_166' title='bbox 796 1756 995 1809; x_wconf 85' lang='lat' dir='ltr'><strong>homini</strong></span> <span class='ocrx_word' id='word_1_167' title='bbox 1025 1757 1316 1810; x_wconf 86' lang='lat' dir='ltr'><strong>constituto</strong></span> <span class='ocrx_word' id='word_1_168' title='bbox 1343 1755 1409 1808; x_wconf 91' lang='lat' dir='ltr'><strong>de</strong></span> <span class='ocrx_word' id='word_1_169' title='bbox 1455 1754 1763 1825; x_wconf 80' lang='lat' dir='ltr'><strong>huiusmodi</strong></span> 
     </span>
    </p>
   </div>
   <div class='ocr_carea' id='block_1_24' title="bbox 189 1805 1844 1887">
    <p class='ocr_par' dir='ltr' id='par_1_24' title="bbox 189 1805 1844 1887">
     <span class='ocr_line' id='line_1_24' title="bbox 189 1805 1844 1887; baseline -0.002 -4"><span class='ocrx_word' id='word_1_170' title='bbox 189 1805 1765 1887; x_wconf 42' lang='lat' dir='ltr'><strong>is};ita;&#39;itce:saetattaitaata;sustentata;</strong></span> <span class='ocrx_word' id='word_1_171' title='bbox 1799 1805 1844 1864; x_wconf 86' lang='grc' dir='ltr'><strong>Β</strong></span> 
     </span>
    </p>
   </div>
   <div class='ocr_carea' id='block_1_25' title="bbox 189 1895 1767 1960">
    <p class='ocr_par' dir='ltr' id='par_1_25' title="bbox 189 1895 1767 1960">
     <span class='ocr_line' id='line_1_25' title="bbox 189 1895 1767 1960; baseline -0.003 -8"><span class='ocrx_word' id='word_1_172' title='bbox 189 1897 331 1953; x_wconf 79' lang='lat' dir='ltr'><strong>licet</strong></span> <span class='ocrx_word' id='word_1_173' title='bbox 361 1897 728 1952; x_wconf 83' lang='lat' dir='ltr'><strong>accusantium</strong></span> <span class='ocrx_word' id='word_1_174' title='bbox 752 1903 807 1950; x_wconf 82' lang='lat' dir='ltr'><strong>et</strong></span> <span class='ocrx_word' id='word_1_175' title='bbox 837 1895 998 1949; x_wconf 86' lang='lat' dir='ltr'><strong>simul</strong></span> <span class='ocrx_word' id='word_1_176' title='bbox 1025 1904 1419 1958; x_wconf 81' lang='lat' dir='ltr'><strong>accusatorum,</strong></span> <span class='ocrx_word' id='word_1_177' title='bbox 1449 1909 1582 1960; x_wconf 93' lang='lat' dir='ltr'><strong>quos</strong></span> <span class='ocrx_word' id='word_1_178' title='bbox 1609 1895 1767 1948; x_wconf 80' lang='lat' dir='ltr'><strong>ruini-</strong></span> 
     </span>
    </p>
   </div>
   <div class='ocr_carea' id='block_1_26' title="bbox 189 1964 1769 2034">
    <p class='ocr_par' dir='ltr' id='par_1_26' title="bbox 189 1964 1769 2034">
     <span class='ocr_line' id='line_1_26' title="bbox 189 1964 1769 2034; baseline -0.001 -12"><span class='ocrx_word' id='word_1_179' title='bbox 189 1983 286 2022; x_wconf 85' lang='lat' dir='ltr'><strong>me</strong></span> <span class='ocrx_word' id='word_1_180' title='bbox 316 1966 570 2021; x_wconf 80' lang='lat' dir='ltr'><strong>convenit</strong></span> <span class='ocrx_word' id='word_1_181' title='bbox 624 1966 758 2020; x_wconf 85' lang='lat' dir='ltr'><strong>tales</strong></span> <span class='ocrx_word' id='word_1_182' title='bbox 791 1965 991 2020; x_wconf 86' lang='lat' dir='ltr'><strong>debere</strong></span> <span class='ocrx_word' id='word_1_183' title='bbox 1019 1966 1302 2018; x_wconf 88' lang='lat' dir='ltr'><strong>monstrari</strong></span> <span class='ocrx_word' id='word_1_184' title='bbox 1344 1965 1432 2034; x_wconf 75' lang='lat' dir='ltr'><strong>qui</strong></span> <span class='ocrx_word' id='word_1_185' title='bbox 1465 1964 1769 2020; x_wconf 87' lang='lat' dir='ltr'><strong>iudicentur</strong></span> 
     </span>
    </p>
   </div>
   <div class='ocr_carea' id='block_1_27' title="bbox 189 2034 1767 2106">
    <p class='ocr_par' dir='ltr' id='par_1_27' title="bbox 189 2034 1767 2106">
     <span class='ocr_line' id='line_1_27' title="bbox 189 2034 1767 2106; baseline -0.003 -14"><span class='ocrx_word' id='word_1_186' title='bbox 189 2039 265 2092; x_wconf 82' lang='lat' dir='ltr'><strong>ab</strong></span> <span class='ocrx_word' id='word_1_187' title='bbox 293 2037 435 2090; x_wconf 89' lang='lat' dir='ltr'><strong>aliis.</strong></span> <span class='ocrx_word' id='word_1_188' title='bbox 475 2055 495 2088; x_wconf 73' lang='grc' dir='ltr'><strong>ι</strong></span> <span class='ocrx_word' id='word_1_189' title='bbox 530 2036 825 2106; x_wconf 84' lang='lat' dir='ltr'><strong>Imperator</strong></span> <span class='ocrx_word' id='word_1_190' title='bbox 851 2034 1496 2106; x_wconf 73' lang='lat' dir='ltr'><strong>quoqueValentinianus</strong></span> <span class='ocrx_word' id='word_1_191' title='bbox 1538 2037 1605 2087; x_wconf 92' lang='lat' dir='ltr'><strong>de</strong></span> <span class='ocrx_word' id='word_1_192' title='bbox 1652 2035 1767 2103; x_wconf 82' lang='lat' dir='ltr'><strong>cpi-</strong></span> 
     </span>
    </p>
   </div>
   <div class='ocr_carea' id='block_1_28' title="bbox 188 2104 1767 2178">
    <p class='ocr_par' dir='ltr' id='par_1_28' title="bbox 188 2104 1767 2178">
     <span class='ocr_line' id='line_1_28' title="bbox 188 2104 1767 2178; baseline -0.003 -15"><span class='ocrx_word' id='word_1_193' title='bbox 188 2122 486 2178; x_wconf 86' lang='lat' dir='ltr'><strong>scoporum</strong></span> <span class='ocrx_word' id='word_1_194' title='bbox 524 2104 699 2162; x_wconf 88' lang='lat' dir='ltr'><strong>causis</strong></span> <span class='ocrx_word' id='word_1_195' title='bbox 719 2106 954 2178; x_wconf 89' lang='lat' dir='ltr'><strong>sic__ai_t_:</strong></span> <span class='ocrx_word' id='word_1_196' title='bbox 990 2122 1010 2155; x_wconf 71' lang='lat' dir='ltr'><strong>c</strong></span> <span class='ocrx_word' id='word_1_197' title='bbox 1059 2104 1228 2178; x_wconf 76' lang='lat' dir='ltr'><strong>Supra</strong></span> <span class='ocrx_word' id='word_1_198' title='bbox 1284 2119 1413 2170; x_wconf 91' lang='lat' dir='ltr'><strong>nos,</strong></span> <span class='ocrx_word' id='word_1_199' title='bbox 1460 2105 1652 2178; x_wconf 87' lang='lat' dir='ltr'><strong>inquit,</strong></span> <span class='ocrx_word' id='word_1_200' title='bbox 1683 2114 1767 2159; x_wconf 91' lang='lat' dir='ltr'><strong>est</strong></span> 
     </span>
    </p>
   </div>
   <div class='ocr_carea' id='block_1_29' title="bbox 191 2173 1765 2246">
    <p class='ocr_par' dir='ltr' id='par_1_29' title="bbox 191 2173 1765 2246">
     <span class='ocr_line' id='line_1_29' title="bbox 191 2173 1765 2246; baseline 0 -16"><span class='ocrx_word' id='word_1_201' title='bbox 191 2173 436 2231; x_wconf 76' lang='lat' dir='ltr'><strong>vestrum</strong></span> <span class='ocrx_word' id='word_1_202' title='bbox 469 2178 759 2246; x_wconf 77' lang='lat' dir='ltr'><strong>negotium.</strong></span> <span class='ocrx_word' id='word_1_203' title='bbox 788 2173 852 2228; x_wconf 85' lang='lat' dir='ltr'><strong>Et</strong></span> <span class='ocrx_word' id='word_1_204' title='bbox 877 2175 997 2229; x_wconf 91' lang='lat' dir='ltr'><strong>ideo</strong></span> <span class='ocrx_word' id='word_1_205' title='bbox 1026 2173 1230 2246; x_wconf 27' lang='lat' dir='ltr'><strong>vosjde</strong></span> <span class='ocrx_word' id='word_1_206' title='bbox 1257 2177 1641 2246; x_wconf 18' lang='lat' dir='ltr'><strong>vestrisninter</strong></span> <span class='ocrx_word' id='word_1_207' title='bbox 1673 2190 1765 2230; x_wconf 88' lang='lat' dir='ltr'><strong>vos</strong></span> 
     </span>
    </p>
   </div>
   <div class='ocr_carea' id='block_1_30' title="bbox 191 2244 1620 2317">
    <p class='ocr_par' dir='ltr' id='par_1_30' title="bbox 191 2244 1620 2317">
     <span class='ocr_line' id='line_1_30' title="bbox 191 2244 1620 2317; baseline -0.001 -16"><span class='ocrx_word' id='word_1_208' title='bbox 191 2249 342 2317; x_wconf 69' lang='lat' dir='ltr'><strong>agite</strong></span> <span class='ocrx_word' id='word_1_209' title='bbox 365 2244 562 2317; x_wconf 72' lang='lat' dir='ltr'><strong>causis,</strong></span> <span class='ocrx_word' id='word_1_210' title='bbox 595 2247 716 2311; x_wconf 82' lang='lat' dir='ltr'><strong>quia</strong></span> <span class='ocrx_word' id='word_1_211' title='bbox 738 2261 892 2314; x_wconf 88' lang='lat' dir='ltr'><strong>supra</strong></span> <span class='ocrx_word' id='word_1_212' title='bbox 920 2260 1015 2317; x_wconf 87' lang='lat' dir='ltr'><strong>nos</strong></span> <span class='ocrx_word' id='word_1_213' title='bbox 1035 2244 1185 2299; x_wconf 88' lang='lat' dir='ltr'><strong>estis.</strong></span> <span class='ocrx_word' id='word_1_214' title='bbox 1233 2264 1252 2296; x_wconf 75' lang='grc' dir='ltr'><strong>ι</strong></span> <span class='ocrx_word' id='word_1_215' title='bbox 1291 2246 1355 2297; x_wconf 80' lang='lat' dir='ltr'><strong>Et</strong></span> <span class='ocrx_word' id='word_1_216' title='bbox 1396 2245 1620 2317; x_wconf 83' lang='lat' dir='ltr'><strong>reliqua.</strong></span> 
     </span>
    </p>
   </div>
   <div class='ocr_carea' id='block_1_31' title="bbox 261 2315 1761 2386">
    <p class='ocr_par' dir='ltr' id='par_1_31' title="bbox 261 2315 1761 2386">
     <span class='ocr_line' id='line_1_31' title="bbox 261 2315 1761 2386; baseline -0.001 -15"><span class='ocrx_word' id='word_1_217' title='bbox 261 2317 391 2373; x_wconf 71' lang='grc'><strong>404.</strong></span> <span class='ocrx_word' id='word_1_218' title='bbox 440 2316 522 2370; x_wconf 87' lang='lat' dir='ltr'><strong>De</strong></span> <span class='ocrx_word' id='word_1_219' title='bbox 545 2317 828 2386; x_wconf 76' lang='lat' dir='ltr'><strong>sacrilegis,</strong></span> <span class='ocrx_word' id='word_1_220' title='bbox 850 2315 986 2385; x_wconf 83' lang='lat' dir='ltr'><strong>quod</strong></span> <span class='ocrx_word' id='word_1_221' title='bbox 1020 2320 1158 2385; x_wconf 80' lang='lat' dir='ltr'><strong>fures</strong></span> <span class='ocrx_word' id='word_1_222' title='bbox 1193 2317 1297 2369; x_wconf 86' lang='lat' dir='ltr'><strong>sint</strong></span> <span class='ocrx_word' id='word_1_223' title='bbox 1325 2320 1451 2386; x_wconf 84' lang='lat' dir='ltr'><strong>teste</strong></span> <span class='ocrx_word' id='word_1_224' title='bbox 1477 2316 1761 2386; x_wconf 48' lang='grc' dir='ltr'><strong>θατήρων-α.</strong></span> 
     </span>
    </p>
   </div>
   <div class='ocr_carea' id='block_1_32' title="bbox 182 2383 1765 2454">
    <p class='ocr_par' dir='ltr' id='par_1_32' title="bbox 182 2383 1765 2454">
     <span class='ocr_line' id='line_1_32' title="bbox 182 2383 1765 2454; baseline -0.002 -12"><span class='ocrx_word' id='word_1_225' title='bbox 182 2387 454 2442; x_wconf 84' lang='lat' dir='ltr'><strong>Omnibus</strong></span> <span class='ocrx_word' id='word_1_226' title='bbox 496 2383 771 2442; x_wconf 81' lang='lat' dir='ltr'><strong>sciendum</strong></span> <span class='ocrx_word' id='word_1_227' title='bbox 820 2383 936 2451; x_wconf 85' lang='lat' dir='ltr'><strong>est,</strong></span> <span class='ocrx_word' id='word_1_228' title='bbox 989 2383 1130 2454; x_wconf 85' lang='lat' dir='ltr'><strong>quod</strong></span> <span class='ocrx_word' id='word_1_229' title='bbox 1171 2385 1427 2454; x_wconf 20' lang='lat' dir='ltr'><strong>sacrilegii</strong></span> <span class='ocrx_word' id='word_1_230' title='bbox 1469 2383 1613 2439; x_wconf 81' lang='lat' dir='ltr'><strong>fures</strong></span> <span class='ocrx_word' id='word_1_231' title='bbox 1658 2387 1765 2440; x_wconf 88' lang='lat' dir='ltr'><strong>sint</strong></span> 
     </span>
    </p>
   </div>
   <div class='ocr_carea' id='block_1_33' title="bbox 188 2455 1764 2526">
    <p class='ocr_par' dir='ltr' id='par_1_33' title="bbox 188 2455 1764 2526">
     <span class='ocr_line' id='line_1_33' title="bbox 188 2455 1764 2526; baseline -0.001 -13"><span class='ocrx_word' id='word_1_232' title='bbox 188 2458 398 2522; x_wconf 88' lang='lat' dir='ltr'><strong>cuncti,</strong></span> <span class='ocrx_word' id='word_1_233' title='bbox 429 2458 519 2526; x_wconf 89' lang='lat' dir='ltr'><strong>qui</strong></span> <span class='ocrx_word' id='word_1_234' title='bbox 544 2473 630 2512; x_wconf 88' lang='lat' dir='ltr'><strong>res</strong></span> <span class='ocrx_word' id='word_1_235' title='bbox 654 2457 913 2512; x_wconf 87' lang='lat' dir='ltr'><strong>ecclesiae</strong></span> <span class='ocrx_word' id='word_1_236' title='bbox 937 2455 1212 2526; x_wconf 84' lang='lat' dir='ltr'><strong>diripiunt,</strong></span> <span class='ocrx_word' id='word_1_237' title='bbox 1245 2463 1473 2526; x_wconf 84' lang='lat' dir='ltr'><strong>vastant,</strong></span> <span class='ocrx_word' id='word_1_238' title='bbox 1507 2455 1764 2526; x_wconf 70' lang='lat' dir='ltr'><strong>invadunt</strong></span> 
     </span>
    </p>
   </div>
   <div class='ocr_carea' id='block_1_34' title="bbox 185 2525 1763 2598">
    <p class='ocr_par' dir='ltr' id='par_1_34' title="bbox 185 2525 1763 2598">
     <span class='ocr_line' id='line_1_34' title="bbox 185 2525 1763 2598; baseline 0.002 -19"><span class='ocrx_word' id='word_1_239' title='bbox 185 2525 521 2598; x_wconf 65' lang='lat' dir='ltr'><strong>verrantque,</strong></span> <span class='ocrx_word' id='word_1_240' title='bbox 569 2537 662 2582; x_wconf 90' lang='lat' dir='ltr'><strong>aut</strong></span> <span class='ocrx_word' id='word_1_241' title='bbox 707 2527 901 2598; x_wconf 83' lang='lat' dir='ltr'><strong>aiure</strong></span> <span class='ocrx_word' id='word_1_242' title='bbox 929 2525 1502 2598; x_wconf 71' lang='lat' dir='ltr'><strong>ecclesiarumqutbus</strong></span> <span class='ocrx_word' id='word_1_243' title='bbox 1533 2525 1763 2582; x_wconf 81' lang='lat' dir='ltr'><strong>traditae</strong></span> 
     </span>
    </p>
   </div>
   <div class='ocr_carea' id='block_1_35' title="bbox 185 2595 1760 2665">
    <p class='ocr_par' dir='ltr' id='par_1_35' title="bbox 185 2595 1760 2665">
     <span class='ocr_line' id='line_1_35' title="bbox 185 2595 1760 2665; baseline -0.001 -14"><span class='ocrx_word' id='word_1_244' title='bbox 185 2595 427 2665; x_wconf 77' lang='lat' dir='ltr'><strong>fuerant,</strong></span> <span class='ocrx_word' id='word_1_245' title='bbox 460 2598 654 2652; x_wconf 88' lang='lat' dir='ltr'><strong>iniuste</strong></span> <span class='ocrx_word' id='word_1_246' title='bbox 699 2597 956 2652; x_wconf 83' lang='lat' dir='ltr'><strong>alienant.</strong></span> <span class='ocrx_word' id='word_1_247' title='bbox 1001 2597 1148 2652; x_wconf 84' lang='lat' dir='ltr'><strong>Unde</strong></span> <span class='ocrx_word' id='word_1_248' title='bbox 1187 2604 1243 2650; x_wconf 89' lang='lat' dir='ltr'><strong>ct</strong></span> <span class='ocrx_word' id='word_1_249' title='bbox 1282 2595 1621 2650; x_wconf 80' lang='lat' dir='ltr'><strong>beatissimus</strong></span> <span class='ocrx_word' id='word_1_250' title='bbox 1651 2598 1760 2650; x_wconf 87' lang='lat' dir='ltr'><strong>Au-</strong></span> 
     </span>
    </p>
   </div>
   <div class='ocr_carea' id='block_1_36' title="bbox 183 2666 1760 2736">
    <p class='ocr_par' dir='ltr' id='par_1_36' title="bbox 183 2666 1760 2736">
     <span class='ocr_line' id='line_1_36' title="bbox 183 2666 1760 2736; baseline 0 -15"><span class='ocrx_word' id='word_1_251' title='bbox 183 2669 436 2736; x_wconf 76' lang='lat' dir='ltr'><strong>gustinus</strong></span> <span class='ocrx_word' id='word_1_252' title='bbox 489 2670 541 2722; x_wconf 92' lang='lat' dir='ltr'><strong>in</strong></span> <span class='ocrx_word' id='word_1_253' title='bbox 572 2668 765 2722; x_wconf 90' lang='lat' dir='ltr'><strong>omelia</strong></span> <span class='ocrx_word' id='word_1_254' title='bbox 820 2666 1229 2736; x_wconf 80' lang='lat' dir='ltr'><strong>quadragesima</strong></span> <span class='ocrx_word' id='word_1_255' title='bbox 1259 2678 1448 2720; x_wconf 87' lang='lat' dir='ltr'><strong>octava</strong></span> <span class='ocrx_word' id='word_1_256' title='bbox 1496 2666 1760 2736; x_wconf 79' lang='lat' dir='ltr'><strong>euangelii</strong></span> 
     </span>
    </p>
   </div>
   <div class='ocr_carea' id='block_1_37' title="bbox 185 2735 1756 2795">
    <p class='ocr_par' dir='ltr' id='par_1_37' title="bbox 185 2735 1756 2795">
     <span class='ocr_line' id='line_1_37' title="bbox 185 2735 1756 2795; baseline -0.001 -3"><span class='ocrx_word' id='word_1_257' title='bbox 185 2738 446 2793; x_wconf 70' lang='lat' dir='ltr'><strong>iohannis</strong></span> <span class='ocrx_word' id='word_1_258' title='bbox 474 2739 547 2792; x_wconf 89' lang='lat' dir='ltr'><strong>ita</strong></span> <span class='ocrx_word' id='word_1_259' title='bbox 577 2737 739 2792; x_wconf 89' lang='lat' dir='ltr'><strong>dicit:</strong></span> <span class='ocrx_word' id='word_1_260' title='bbox 776 2755 795 2788; x_wconf 71' lang='grc' dir='ltr'><strong>ι</strong></span> <span class='ocrx_word' id='word_1_261' title='bbox 840 2735 990 2795; x_wconf 72' lang='lat' dir='ltr'><strong>Ecce</strong></span> <span class='ocrx_word' id='word_1_262' title='bbox 1021 2740 1158 2792; x_wconf 88' lang='lat' dir='ltr'><strong>inter</strong></span> <span class='ocrx_word' id='word_1_263' title='bbox 1203 2745 1419 2791; x_wconf 88' lang='lat' dir='ltr'><strong>sanctos</strong></span> <span class='ocrx_word' id='word_1_264' title='bbox 1456 2744 1540 2790; x_wconf 90' lang='lat' dir='ltr'><strong>est</strong></span> <span class='ocrx_word' id='word_1_265' title='bbox 1566 2735 1756 2791; x_wconf 86' lang='lat' dir='ltr'><strong>ludas:</strong></span> 
     </span>
    </p>
   </div>
   <div class='ocr_carea' id='block_1_38' title="bbox 186 2805 1757 2876">
    <p class='ocr_par' dir='ltr' id='par_1_38' title="bbox 186 2805 1757 2876">
     <span class='ocr_line' id='line_1_38' title="bbox 186 2805 1757 2876; baseline -0.002 -12"><span class='ocrx_word' id='word_1_266' title='bbox 186 2823 326 2864; x_wconf 86' lang='lat' dir='ltr'><strong>ecce</strong></span> <span class='ocrx_word' id='word_1_267' title='bbox 353 2808 438 2862; x_wconf 92' lang='lat' dir='ltr'><strong>fur</strong></span> <span class='ocrx_word' id='word_1_268' title='bbox 455 2818 536 2862; x_wconf 90' lang='lat' dir='ltr'><strong>est</strong></span> <span class='ocrx_word' id='word_1_269' title='bbox 563 2807 748 2872; x_wconf 81' lang='lat' dir='ltr'><strong>ludas;</strong></span> <span class='ocrx_word' id='word_1_270' title='bbox 773 2815 827 2861; x_wconf 90' lang='lat' dir='ltr'><strong>et</strong></span> <span class='ocrx_word' id='word_1_271' title='bbox 851 2822 917 2861; x_wconf 91' lang='lat' dir='ltr'><strong>ne</strong></span> <span class='ocrx_word' id='word_1_272' title='bbox 941 2815 1313 2876; x_wconf 87' lang='lat' dir='ltr'><strong>contetnpnas,</strong></span> <span class='ocrx_word' id='word_1_273' title='bbox 1343 2805 1428 2859; x_wconf 88' lang='lat' dir='ltr'><strong>fur</strong></span> <span class='ocrx_word' id='word_1_274' title='bbox 1445 2807 1757 2876; x_wconf 76' lang='lat' dir='ltr'><strong>sacrilegus,</strong></span> 
     </span>
    </p>
   </div>
   <div class='ocr_carea' id='block_1_39' title="bbox 187 2876 1757 2946">
    <p class='ocr_par' dir='ltr' id='par_1_39' title="bbox 187 2876 1757 2946">
     <span class='ocr_line' id='line_1_39' title="bbox 187 2876 1757 2946; baseline -0.001 -13"><span class='ocrx_word' id='word_1_275' title='bbox 187 2894 302 2933; x_wconf 90' lang='lat' dir='ltr'><strong>non</strong></span> <span class='ocrx_word' id='word_1_276' title='bbox 343 2879 744 2946; x_wconf 84' lang='lat' dir='ltr'><strong>qualiscumque</strong></span> <span class='ocrx_word' id='word_1_277' title='bbox 767 2877 872 2943; x_wconf 93' lang='lat' dir='ltr'><strong>fur,</strong></span> <span class='ocrx_word' id='word_1_278' title='bbox 899 2877 982 2932; x_wconf 85' lang='lat' dir='ltr'><strong>fur</strong></span> <span class='ocrx_word' id='word_1_279' title='bbox 1003 2876 1323 2941; x_wconf 87' lang='lat' dir='ltr'><strong>loculorum,</strong></span> <span class='ocrx_word' id='word_1_280' title='bbox 1346 2876 1757 2946; x_wconf 84' lang='lat' dir='ltr'><strong>seddominico-</strong></span> 
     </span>
    </p>
   </div>
   <div class='ocr_carea' id='block_1_40' title="bbox 186 2945 1757 3012">
    <p class='ocr_par' dir='ltr' id='par_1_40' title="bbox 186 2945 1757 3012">
     <span class='ocr_line' id='line_1_40' title="bbox 186 2945 1757 3012; baseline -0.002 -9"><span class='ocrx_word' id='word_1_281' title='bbox 186 2965 318 3003; x_wconf 87' lang='lat' dir='ltr'><strong>rum</strong></span> <span class='ocrx_word' id='word_1_282' title='bbox 364 2945 686 3012; x_wconf 20' lang='lat' dir='ltr'><strong>iloculorum,</strong></span> <span class='ocrx_word' id='word_1_283' title='bbox 734 2948 826 3002; x_wconf 90' lang='lat' dir='ltr'><strong>sed</strong></span> <span class='ocrx_word' id='word_1_284' title='bbox 854 2962 1150 3004; x_wconf 83' lang='lat' dir='ltr'><strong>sa-rorum.</strong></span> <span class='ocrx_word' id='word_1_285' title='bbox 1199 2947 1255 3001; x_wconf 90' lang='lat' dir='ltr'><strong>Si</strong></span> <span class='ocrx_word' id='word_1_286' title='bbox 1304 2945 1524 3001; x_wconf 92' lang='lat' dir='ltr'><strong>crimina</strong></span> <span class='ocrx_word' id='word_1_287' title='bbox 1555 2945 1757 3001; x_wconf 82' lang='lat' dir='ltr'><strong>discer-</strong></span> 
     </span>
    </p>
   </div>
   <div class='ocr_carea' id='block_1_41' title="bbox 192 3015 1756 3087">
    <p class='ocr_par' dir='ltr' id='par_1_41' title="bbox 192 3015 1756 3087">
     <span class='ocr_line' id='line_1_41' title="bbox 192 3015 1756 3087; baseline -0.001 -15"><span class='ocrx_word' id='word_1_288' title='bbox 192 3027 406 3072; x_wconf 87' lang='lat' dir='ltr'><strong>nuntur</strong></span> <span class='ocrx_word' id='word_1_289' title='bbox 428 3018 481 3071; x_wconf 81' lang='lat' dir='ltr'><strong>in</strong></span> <span class='ocrx_word' id='word_1_290' title='bbox 509 3015 623 3071; x_wconf 87' lang='lat' dir='ltr'><strong>foro</strong></span> <span class='ocrx_word' id='word_1_291' title='bbox 645 3018 1043 3087; x_wconf 79' lang='lat' dir='ltr'><strong>qualiscumque</strong></span> <span class='ocrx_word' id='word_1_292' title='bbox 1081 3017 1208 3071; x_wconf 84' lang='lat' dir='ltr'><strong>furti</strong></span> <span class='ocrx_word' id='word_1_293' title='bbox 1237 3025 1292 3070; x_wconf 89' lang='lat' dir='ltr'><strong>et</strong></span> <span class='ocrx_word' id='word_1_294' title='bbox 1319 3018 1598 3087; x_wconf 55' lang='lat' dir='ltr'><strong>peculatus</strong></span> <span class='ocrx_word' id='word_1_295' title='bbox 1637 3021 1756 3087; x_wconf 89' lang='lat' dir='ltr'><strong>(pe-</strong></span> 
     </span>
    </p>
   </div>
   <div class='ocr_carea' id='block_1_42' title="bbox 201 3085 1757 3155">
    <p class='ocr_par' dir='ltr' id='par_1_42' title="bbox 201 3085 1757 3155">
     <span class='ocr_line' id='line_1_42' title="bbox 201 3085 1757 3155; baseline -0.001 -13"><span class='ocrx_word' id='word_1_296' title='bbox 201 3088 422 3142; x_wconf 87' lang='lat' dir='ltr'><strong>culatus</strong></span> <span class='ocrx_word' id='word_1_297' title='bbox 453 3087 466 3116; x_wconf 90' lang='grc'>¹</span> <span class='ocrx_word' id='word_1_298' title='bbox 499 3088 633 3141; x_wconf 89' lang='lat' dir='ltr'><strong>enim</strong></span> <span class='ocrx_word' id='word_1_299' title='bbox 671 3088 864 3142; x_wconf 91' lang='lat' dir='ltr'><strong>dicitur</strong></span> <span class='ocrx_word' id='word_1_300' title='bbox 886 3085 1082 3142; x_wconf 71' lang='lat' dir='ltr'><strong>l‘urtum</strong></span> <span class='ocrx_word' id='word_1_301' title='bbox 1129 3087 1196 3140; x_wconf 89' lang='lat' dir='ltr'><strong>de</strong></span> <span class='ocrx_word' id='word_1_302' title='bbox 1217 3102 1275 3141; x_wconf 88' lang='lat' dir='ltr'><strong>re</strong></span> <span class='ocrx_word' id='word_1_303' title='bbox 1297 3085 1528 3155; x_wconf 87' lang='lat' dir='ltr'><strong>publica,</strong></span> <span class='ocrx_word' id='word_1_304' title='bbox 1558 3093 1614 3140; x_wconf 86' lang='lat' dir='ltr'><strong>et</strong></span> <span class='ocrx_word' id='word_1_305' title='bbox 1647 3085 1757 3141; x_wconf 82' lang='lat' dir='ltr'><strong>non</strong></span> 
     </span>
    </p>
   </div>
   <div class='ocr_carea' id='block_1_43' title="bbox 195 3156 2289 3232">
    <p class='ocr_par' dir='ltr' id='par_1_43' title="bbox 195 3156 2289 3232">
     <span class='ocr_line' id='line_1_43' title="bbox 195 3156 2289 3232; baseline 0 -21"><span class='ocrx_word' id='word_1_306' title='bbox 195 3158 283 3212; x_wconf 85' lang='lat' dir='ltr'><strong>sic</strong></span> <span class='ocrx_word' id='word_1_307' title='bbox 313 3157 576 3232; x_wconf 79' lang='lat' dir='ltr'><strong>iudicatur</strong></span> <span class='ocrx_word' id='word_1_308' title='bbox 599 3161 789 3232; x_wconf 83' lang='lat' dir='ltr'><strong>(uttum</strong></span> <span class='ocrx_word' id='word_1_309' title='bbox 814 3159 1158 3232; x_wconf 78' lang='lat' dir='ltr'><strong>rciprivatae</strong></span> <span class='ocrx_word' id='word_1_310' title='bbox 1191 3156 1468 3232; x_wconf 81' lang='lat' dir='ltr'><strong>quomon</strong></span> <span class='ocrx_word' id='word_1_311' title='bbox 1492 3156 1756 3232; x_wconf 68' lang='lat' dir='ltr'><strong>publicae)</strong></span> <span class='ocrx_word' id='word_1_312' title='bbox 1787 3171 1832 3232; x_wconf 66' lang='grc' dir='ltr'><strong>(ς</strong></span> <span class='ocrx_word' id='word_1_313' title='bbox 1864 3156 2191 3225; x_wconf 81' lang='lat' dir='ltr'><strong>olieruntur;</strong></span> <span class='ocrx_word' id='word_1_314' title='bbox 2234 3168 2289 3232; x_wconf 82' lang='lat' dir='ltr'><strong>et</strong></span> 
     </span>
    </p>
   </div>
   <div class='ocr_carea' id='block_1_44' title="bbox 191 3226 1756 3297">
    <p class='ocr_par' dir='ltr' id='par_1_44' title="bbox 191 3226 1756 3297">
     <span class='ocr_line' id='line_1_44' title="bbox 191 3226 1756 3297; baseline -0.001 -15"><span class='ocrx_word' id='word_1_315' title='bbox 191 3237 405 3295; x_wconf 90' lang='lat' dir='ltr'><strong>quanto</strong></span> <span class='ocrx_word' id='word_1_316' title='bbox 433 3229 797 3282; x_wconf 81' lang='lat' dir='ltr'><strong>vehementius</strong></span> <span class='ocrx_word' id='word_1_317' title='bbox 819 3226 1128 3283; x_wconf 88' lang='lat' dir='ltr'><strong>iudicandus</strong></span> <span class='ocrx_word' id='word_1_318' title='bbox 1176 3236 1260 3280; x_wconf 88' lang='lat' dir='ltr'><strong>est</strong></span> <span class='ocrx_word' id='word_1_319' title='bbox 1311 3226 1605 3297; x_wconf 76' lang='lat' dir='ltr'><strong>sacrilegus</strong></span> <span class='ocrx_word' id='word_1_320' title='bbox 1651 3226 1756 3293; x_wconf 84' lang='lat' dir='ltr'><strong>fur,</strong></span> 
     </span>
    </p>
   </div>
   <div class='ocr_carea' id='block_1_45' title="bbox 186 3296 1762 3367">
    <p class='ocr_par' dir='ltr' id='par_1_45' title="bbox 186 3296 1762 3367">
     <span class='ocr_line' id='line_1_45' title="bbox 186 3296 1762 3367; baseline 0 -16"><span class='ocrx_word' id='word_1_321' title='bbox 186 3301 282 3366; x_wconf 86' lang='lat' dir='ltr'><strong>qui</strong></span> <span class='ocrx_word' id='word_1_322' title='bbox 331 3313 490 3352; x_wconf 87' lang='lat' dir='ltr'><strong>ausus</strong></span> <span class='ocrx_word' id='word_1_323' title='bbox 519 3300 678 3352; x_wconf 89' lang='lat' dir='ltr'><strong>fuerit</strong></span> <span class='ocrx_word' id='word_1_324' title='bbox 718 3315 822 3353; x_wconf 78' lang='lat' dir='ltr'><strong>tun</strong></span> <span class='ocrx_word' id='word_1_325' title='bbox 871 3298 1242 3367; x_wconf 86' lang='lat' dir='ltr'><strong>undecumque</strong></span> <span class='ocrx_word' id='word_1_326' title='bbox 1283 3296 1649 3367; x_wconf 13' lang='lat' dir='ltr'><strong>rtollere,’_sed</strong></span> <span class='ocrx_word' id='word_1_327' title='bbox 1695 3297 1762 3352; x_wconf 88' lang='lat' dir='ltr'><strong>de</strong></span> 
     </span>
    </p>
   </div>
   <div class='ocr_carea' id='block_1_46' title="bbox 182 3365 1764 3438">
    <p class='ocr_par' dir='ltr' id='par_1_46' title="bbox 182 3365 1764 3438">
     <span class='ocr_line' id='line_1_46' title="bbox 182 3365 1764 3438; baseline 0.003 -20"><span class='ocrx_word' id='word_1_328' title='bbox 182 3365 421 3423; x_wconf 65' lang='lat' dir='ltr'><strong>ecclesia</strong></span> <span class='ocrx_word' id='word_1_329' title='bbox 446 3369 636 3438; x_wconf 83' lang='lat' dir='ltr'><strong>tollere</strong></span> <span class='ocrx_word' id='word_1_330' title='bbox 664 3367 806 3434; x_wconf 80' lang='lat' dir='ltr'><strong>‘iQui</strong></span> <span class='ocrx_word' id='word_1_331' title='bbox 857 3368 1055 3438; x_wconf 87' lang='lat' dir='ltr'><strong>aliquid</strong></span> <span class='ocrx_word' id='word_1_332' title='bbox 1085 3365 1169 3423; x_wconf 54' lang='lat' dir='ltr'><strong>de&#39;</strong></span> <span class='ocrx_word' id='word_1_333' title='bbox 1182 3366 1409 3421; x_wconf 90' lang='lat' dir='ltr'><strong>ecclesia</strong></span> <span class='ocrx_word' id='word_1_334' title='bbox 1457 3365 1655 3438; x_wconf 20' lang='lat' dir='ltr'><strong>aufi-rt,</strong></span> <span class='ocrx_word' id='word_1_335' title='bbox 1676 3368 1764 3422; x_wconf 91' lang='lat' dir='ltr'><strong>vel</strong></span> 
     </span>
    </p>
   </div>
   <div class='ocr_carea' id='block_1_47' title="bbox 183 3437 1765 3510">
    <p class='ocr_par' dir='ltr' id='par_1_47' title="bbox 183 3437 1765 3510">
     <span class='ocr_line' id='line_1_47' title="bbox 183 3437 1765 3510; baseline 0.001 -20"><span class='ocrx_word' id='word_1_336' title='bbox 183 3438 425 3510; x_wconf 86' lang='lat' dir='ltr'><strong>furatur,</strong></span> <span class='ocrx_word' id='word_1_337' title='bbox 449 3437 615 3493; x_wconf 87' lang='lat' dir='ltr'><strong>Iudae</strong></span> <span class='ocrx_word' id='word_1_338' title='bbox 643 3440 853 3510; x_wconf 80' lang='lat' dir='ltr'><strong>perdito</strong></span> <span class='ocrx_word' id='word_1_339' title='bbox 882 3449 1243 3507; x_wconf 60' lang='lat' dir='ltr'><strong>comparatur.</strong></span> <span class='ocrx_word' id='word_1_340' title='bbox 1288 3455 1305 3488; x_wconf 78' lang='grc' dir='ltr'><strong>ι</strong></span> <span class='ocrx_word' id='word_1_341' title='bbox 1334 3437 1490 3510; x_wconf 73' lang='lat' dir='ltr'><strong>Nota,</strong></span> <span class='ocrx_word' id='word_1_342' title='bbox 1519 3437 1660 3510; x_wconf 85' lang='lat' dir='ltr'><strong>quod</strong></span> <span class='ocrx_word' id='word_1_343' title='bbox 1676 3443 1765 3494; x_wconf 81' lang='lat' dir='ltr'><strong>ali-</strong></span> 
     </span>
    </p>
   </div>
   <div class='ocr_carea' id='block_1_48' title="bbox 182 3506 1766 3577">
    <p class='ocr_par' dir='ltr' id='par_1_48' title="bbox 182 3506 1766 3577">
     <span class='ocr_line' id='line_1_48' title="bbox 182 3506 1766 3577; baseline 0.001 -17"><span class='ocrx_word' id='word_1_344' title='bbox 182 3509 316 3576; x_wconf 89' lang='lat' dir='ltr'><strong>quid</strong></span> <span class='ocrx_word' id='word_1_345' title='bbox 348 3509 368 3538; x_wconf 84' lang='grc'>¹</span> <span class='ocrx_word' id='word_1_346' title='bbox 401 3509 468 3563; x_wconf 90' lang='lat' dir='ltr'><strong>de</strong></span> <span class='ocrx_word' id='word_1_347' title='bbox 498 3506 727 3564; x_wconf 69' lang='lat' dir='ltr'><strong>ecclesia</strong></span> <span class='ocrx_word' id='word_1_348' title='bbox 767 3510 954 3563; x_wconf 90' lang='lat' dir='ltr'><strong>tollere</strong></span> <span class='ocrx_word' id='word_1_349' title='bbox 994 3506 1192 3562; x_wconf 86' lang='lat' dir='ltr'><strong>furtum</strong></span> <span class='ocrx_word' id='word_1_350' title='bbox 1222 3522 1338 3561; x_wconf 84' lang='lat' dir='ltr'><strong>esse</strong></span> <span class='ocrx_word' id='word_1_351' title='bbox 1367 3506 1554 3577; x_wconf 88' lang='lat' dir='ltr'><strong>beatus</strong></span> <span class='ocrx_word' id='word_1_352' title='bbox 1584 3507 1766 3577; x_wconf 79' lang='lat' dir='ltr'><strong>Augu-</strong></span> 
     </span>
    </p>
   </div>
   <div class='ocr_carea' id='block_1_49' title="bbox 179 3576 1766 3648">
    <p class='ocr_par' dir='ltr' id='par_1_49' title="bbox 179 3576 1766 3648">
     <span class='ocr_line' id='line_1_49' title="bbox 179 3576 1766 3648; baseline 0 -16"><span class='ocrx_word' id='word_1_353' title='bbox 179 3579 364 3633; x_wconf 89' lang='lat' dir='ltr'><strong>stinus</strong></span> <span class='ocrx_word' id='word_1_354' title='bbox 385 3590 677 3644; x_wconf 88' lang='lat' dir='ltr'><strong>asseveret,</strong></span> <span class='ocrx_word' id='word_1_355' title='bbox 711 3588 766 3634; x_wconf 86' lang='lat' dir='ltr'><strong>et</strong></span> <span class='ocrx_word' id='word_1_356' title='bbox 795 3588 1117 3648; x_wconf 63' lang='lat' dir='ltr'><strong>patratort-m</strong></span> <span class='ocrx_word' id='word_1_357' title='bbox 1160 3579 1290 3630; x_wconf 89' lang='lat' dir='ltr'><strong>tanti</strong></span> <span class='ocrx_word' id='word_1_358' title='bbox 1317 3577 1440 3630; x_wconf 84' lang='lat' dir='ltr'><strong>furti</strong></span> <span class='ocrx_word' id='word_1_359' title='bbox 1468 3576 1636 3631; x_wconf 90' lang='lat' dir='ltr'><strong>furem</strong></span> <span class='ocrx_word' id='word_1_360' title='bbox 1676 3576 1766 3632; x_wconf 74' lang='lat' dir='ltr'><strong>Sa-</strong></span> 
     </span>
    </p>
   </div>
   <div class='ocr_carea' id='block_1_50' title="bbox 183 3648 1763 3718">
    <p class='ocr_par' dir='ltr' id='par_1_50' title="bbox 183 3648 1763 3718">
     <span class='ocr_line' id='line_1_50' title="bbox 183 3648 1763 3718; baseline -0.001 -16"><span class='ocrx_word' id='word_1_361' title='bbox 183 3649 448 3717; x_wconf 74' lang='lat' dir='ltr'><strong>crilegum</strong></span> <span class='ocrx_word' id='word_1_362' title='bbox 471 3649 725 3718; x_wconf 80' lang='lat' dir='ltr'><strong>appellet,</strong></span> <span class='ocrx_word' id='word_1_363' title='bbox 759 3665 963 3703; x_wconf 87' lang='lat' dir='ltr'><strong>necnon</strong></span> <span class='ocrx_word' id='word_1_364' title='bbox 995 3659 1050 3703; x_wconf 89' lang='lat' dir='ltr'><strong>et</strong></span> <span class='ocrx_word' id='word_1_365' title='bbox 1083 3648 1241 3701; x_wconf 88' lang='lat' dir='ltr'><strong>Iudae</strong></span> <span class='ocrx_word' id='word_1_366' title='bbox 1271 3648 1478 3718; x_wconf 79' lang='lat' dir='ltr'><strong>perdito</strong></span> <span class='ocrx_word' id='word_1_367' title='bbox 1511 3649 1763 3716; x_wconf 88' lang='lat' dir='ltr'><strong>aequipa-</strong></span> 
     </span>
    </p>
   </div>
   <div class='ocr_carea' id='block_1_51' title="bbox 180 3717 1762 3788">
    <p class='ocr_par' dir='ltr' id='par_1_51' title="bbox 180 3717 1762 3788">
     <span class='ocr_line' id='line_1_51' title="bbox 180 3717 1762 3788; baseline -0.002 -16"><span class='ocrx_word' id='word_1_368' title='bbox 180 3727 292 3772; x_wconf 78' lang='lat' dir='ltr'><strong>ret.</strong></span> <span class='ocrx_word' id='word_1_369' title='bbox 327 3725 391 3772; x_wconf 68' lang='lat' dir='ltr'><strong>Et</strong></span> <span class='ocrx_word' id='word_1_370' title='bbox 414 3717 537 3788; x_wconf 85' lang='lat' dir='ltr'><strong>post</strong></span> <span class='ocrx_word' id='word_1_371' title='bbox 561 3734 766 3787; x_wconf 84' lang='lat' dir='ltr'><strong>pauca:</strong></span> <span class='ocrx_word' id='word_1_372' title='bbox 807 3737 825 3769; x_wconf 77' lang='lat' dir='ltr'><strong>t</strong></span> <span class='ocrx_word' id='word_1_373' title='bbox 861 3722 1055 3784; x_wconf 76' lang='lat' dir='ltr'><strong>Quare,</strong></span> <span class='ocrx_word' id='word_1_374' title='bbox 1093 3719 1282 3787; x_wconf 86' lang='lat' dir='ltr'><strong>inquit,</strong></span> <span class='ocrx_word' id='word_1_375' title='bbox 1328 3717 1532 3788; x_wconf 75' lang='lat' dir='ltr'><strong>loculos</strong></span> <span class='ocrx_word' id='word_1_376' title='bbox 1559 3718 1762 3785; x_wconf 84' lang='lat' dir='ltr'><strong>habuit,</strong></span> 
     </span>
    </p>
   </div>
   <div class='ocr_carea' id='block_1_52' title="bbox 180 3786 1766 3858">
    <p class='ocr_par' dir='ltr' id='par_1_52' title="bbox 180 3786 1766 3858">
     <span class='ocr_line' id='line_1_52' title="bbox 180 3786 1766 3858; baseline 0 -16"><span class='ocrx_word' id='word_1_377' title='bbox 180 3789 274 3842; x_wconf 89' lang='lat' dir='ltr'><strong>cui</strong></span> <span class='ocrx_word' id='word_1_378' title='bbox 316 3786 490 3858; x_wconf 76' lang='lat' dir='ltr'><strong>angeli</strong></span> <span class='ocrx_word' id='word_1_379' title='bbox 525 3786 998 3851; x_wconf 84' lang='lat' dir='ltr'><strong>ntinistraverunt,</strong></span> <span class='ocrx_word' id='word_1_380' title='bbox 1039 3788 1135 3842; x_wconf 90' lang='lat' dir='ltr'><strong>nisi</strong></span> <span class='ocrx_word' id='word_1_381' title='bbox 1171 3786 1304 3856; x_wconf 86' lang='lat' dir='ltr'><strong>quia</strong></span> <span class='ocrx_word' id='word_1_382' title='bbox 1344 3786 1569 3842; x_wconf 56' lang='lat' dir='ltr'><strong>ecclesia</strong></span> <span class='ocrx_word' id='word_1_383' title='bbox 1600 3787 1766 3852; x_wconf 79' lang='lat' dir='ltr'><strong>ipsius</strong></span> 
     </span>
    </p>
   </div>
   <div class='ocr_carea' id='block_1_53' title="bbox 180 3858 1763 3925">
    <p class='ocr_par' dir='ltr' id='par_1_53' title="bbox 180 3858 1763 3925">
     <span class='ocr_line' id='line_1_53' title="bbox 180 3858 1763 3925; baseline -0.001 -13"><span class='ocrx_word' id='word_1_384' title='bbox 180 3859 395 3913; x_wconf 90' lang='lat' dir='ltr'><strong>loculos</strong></span> <span class='ocrx_word' id='word_1_385' title='bbox 422 3875 548 3912; x_wconf 90' lang='lat' dir='ltr'><strong>suos</strong></span> <span class='ocrx_word' id='word_1_386' title='bbox 581 3860 822 3914; x_wconf 86' lang='lat' dir='ltr'><strong>habitura</strong></span> <span class='ocrx_word' id='word_1_387' title='bbox 846 3869 960 3913; x_wconf 88' lang='lat' dir='ltr'><strong>erat</strong></span> <span class='ocrx_word' id='word_1_388' title='bbox 987 3859 1010 3912; x_wconf 87' lang='lat'><strong>?</strong></span> <span class='ocrx_word' id='word_1_389' title='bbox 1043 3879 1059 3908; x_wconf 84' lang='lat' dir='ltr'><strong>i</strong></span> <span class='ocrx_word' id='word_1_390' title='bbox 1099 3859 1234 3912; x_wconf 81' lang='lat' dir='ltr'><strong>Ecce</strong></span> <span class='ocrx_word' id='word_1_391' title='bbox 1263 3858 1456 3925; x_wconf 87' lang='lat' dir='ltr'><strong>quibus</strong></span> <span class='ocrx_word' id='word_1_392' title='bbox 1503 3858 1637 3910; x_wconf 89' lang='lat' dir='ltr'><strong>tanti</strong></span> <span class='ocrx_word' id='word_1_393' title='bbox 1663 3859 1763 3911; x_wconf 89' lang='lat' dir='ltr'><strong>do-</strong></span> 
     </span>
    </p>
   </div>
   <div class='ocr_carea' id='block_1_54' title="bbox 180 3927 1766 3996">
    <p class='ocr_par' dir='ltr' id='par_1_54' title="bbox 180 3927 1766 3996">
     <span class='ocr_line' id='line_1_54' title="bbox 180 3927 1766 3996; baseline 0 -14"><span class='ocrx_word' id='word_1_394' title='bbox 180 3929 360 3982; x_wconf 84' lang='lat' dir='ltr'><strong>ctoris</strong></span> <span class='ocrx_word' id='word_1_395' title='bbox 400 3929 739 3983; x_wconf 88' lang='lat' dir='ltr'><strong>documentis</strong></span> <span class='ocrx_word' id='word_1_396' title='bbox 765 3929 1099 3990; x_wconf 86' lang='lat' dir='ltr'><strong>instruitnur,</strong></span> <span class='ocrx_word' id='word_1_397' title='bbox 1143 3928 1266 3994; x_wconf 90' lang='lat' dir='ltr'><strong>quia</strong></span> <span class='ocrx_word' id='word_1_398' title='bbox 1304 3927 1447 3996; x_wconf 91' lang='lat' dir='ltr'><strong>quod</strong></span> <span class='ocrx_word' id='word_1_399' title='bbox 1494 3927 1547 3979; x_wconf 90' lang='lat' dir='ltr'><strong>in</strong></span> <span class='ocrx_word' id='word_1_400' title='bbox 1587 3928 1766 3994; x_wconf 88' lang='lat' dir='ltr'><strong>capite</strong></span> 
     </span>
    </p>
   </div>
   <div class='ocr_carea' id='block_1_55' title="bbox 179 3997 1768 4068">
    <p class='ocr_par' dir='ltr' id='par_1_55' title="bbox 179 3997 1768 4068">
     <span class='ocr_line' id='line_1_55' title="bbox 179 3997 1768 4068; baseline 0.001 -18"><span class='ocrx_word' id='word_1_401' title='bbox 179 4001 505 4068; x_wconf 82' lang='lat' dir='ltr'><strong>praecessit,</strong></span> <span class='ocrx_word' id='word_1_402' title='bbox 535 4001 587 4052; x_wconf 90' lang='lat' dir='ltr'><strong>in</strong></span> <span class='ocrx_word' id='word_1_403' title='bbox 610 4014 836 4068; x_wconf 83' lang='lat' dir='ltr'><strong>corpore</strong></span> <span class='ocrx_word' id='word_1_404' title='bbox 866 4000 1000 4066; x_wconf 91' lang='lat' dir='ltr'><strong>eius,</strong></span> <span class='ocrx_word' id='word_1_405' title='bbox 1021 4000 1161 4066; x_wconf 86' lang='lat' dir='ltr'><strong>quod</strong></span> <span class='ocrx_word' id='word_1_406' title='bbox 1187 4006 1268 4050; x_wconf 88' lang='lat' dir='ltr'><strong>est</strong></span> <span class='ocrx_word' id='word_1_407' title='bbox 1289 3997 1535 4061; x_wconf 86' lang='lat' dir='ltr'><strong>ecclesia,</strong></span> <span class='ocrx_word' id='word_1_408' title='bbox 1559 3997 1768 4051; x_wconf 84' lang='lat' dir='ltr'><strong>videtur</strong></span> 
     </span>
    </p>
   </div>
   <div class='ocr_carea' id='block_1_56' title="bbox 181 4067 1764 4136">
    <p class='ocr_par' dir='ltr' id='par_1_56' title="bbox 181 4067 1764 4136">
     <span class='ocr_line' id='line_1_56' title="bbox 181 4067 1764 4136; baseline -0.001 -15"><span class='ocrx_word' id='word_1_409' title='bbox 181 4067 492 4136; x_wconf 75' lang='lat' dir='ltr'><strong>impletum.</strong></span> <span class='ocrx_word' id='word_1_410' title='bbox 520 4069 686 4122; x_wconf 80' lang='lat' dir='ltr'><strong>Porro</strong></span> <span class='ocrx_word' id='word_1_411' title='bbox 709 4067 995 4123; x_wconf 74' lang='lat' dir='ltr'><strong>Christum</strong></span> <span class='ocrx_word' id='word_1_412' title='bbox 1028 4078 1082 4121; x_wconf 90' lang='lat' dir='ltr'><strong>et</strong></span> <span class='ocrx_word' id='word_1_413' title='bbox 1113 4068 1396 4122; x_wconf 87' lang='lat' dir='ltr'><strong>ecclesiam</strong></span> <span class='ocrx_word' id='word_1_414' title='bbox 1439 4081 1596 4121; x_wconf 89' lang='lat' dir='ltr'><strong>unam</strong></span> <span class='ocrx_word' id='word_1_415' title='bbox 1639 4082 1764 4136; x_wconf 87' lang='lat' dir='ltr'><strong>per-</strong></span> 
     </span>
    </p>
   </div>
   <div class='ocr_carea' id='block_1_57' title="bbox 179 4136 1765 4204">
    <p class='ocr_par' dir='ltr' id='par_1_57' title="bbox 179 4136 1765 4204">
     <span class='ocr_line' id='line_1_57' title="bbox 179 4136 1765 4204; baseline -0.002 -12"><span class='ocrx_word' id='word_1_416' title='bbox 179 4153 378 4192; x_wconf 87' lang='lat' dir='ltr'><strong>sonant</strong></span> <span class='ocrx_word' id='word_1_417' title='bbox 406 4153 529 4192; x_wconf 88' lang='lat' dir='ltr'><strong>esse</strong></span> <span class='ocrx_word' id='word_1_418' title='bbox 559 4155 664 4192; x_wconf 91' lang='lat' dir='ltr'><strong>non</strong></span> <span class='ocrx_word' id='word_1_419' title='bbox 705 4143 990 4194; x_wconf 72' lang='lat' dir='ltr'><strong>ne:cimus.</strong></span> <span class='ocrx_word' id='word_1_420' title='bbox 1051 4136 1115 4190; x_wconf 84' lang='lat' dir='ltr'><strong>Et</strong></span> <span class='ocrx_word' id='word_1_421' title='bbox 1164 4138 1285 4191; x_wconf 87' lang='lat' dir='ltr'><strong>ideo</strong></span> <span class='ocrx_word' id='word_1_422' title='bbox 1328 4152 1464 4204; x_wconf 88' lang='lat' dir='ltr'><strong>quae</strong></span> <span class='ocrx_word' id='word_1_423' title='bbox 1505 4137 1765 4190; x_wconf 90' lang='lat' dir='ltr'><strong>ecclesiae</strong></span> 
     </span>
    </p>
   </div>
   <div class='ocr_carea' id='block_1_58' title="bbox 181 4206 1761 4278">
    <p class='ocr_par' dir='ltr' id='par_1_58' title="bbox 181 4206 1761 4278">
     <span class='ocr_line' id='line_1_58' title="bbox 181 4206 1761 4278; baseline -0.001 -16"><span class='ocrx_word' id='word_1_424' title='bbox 181 4217 354 4272; x_wconf 80' lang='lat' dir='ltr'><strong>sont,</strong></span> <span class='ocrx_word' id='word_1_425' title='bbox 399 4208 594 4263; x_wconf 84' lang='lat' dir='ltr'><strong>Clu-isti</strong></span> <span class='ocrx_word' id='word_1_426' title='bbox 631 4218 788 4276; x_wconf 88' lang='lat' dir='ltr'><strong>suttt;</strong></span> <span class='ocrx_word' id='word_1_427' title='bbox 833 4220 888 4263; x_wconf 76' lang='lat' dir='ltr'><strong>et</strong></span> <span class='ocrx_word' id='word_1_428' title='bbox 934 4223 1073 4278; x_wconf 86' lang='lat' dir='ltr'><strong>quae</strong></span> <span class='ocrx_word' id='word_1_429' title='bbox 1131 4207 1391 4278; x_wconf 82' lang='lat' dir='ltr'><strong>ecclesiae</strong></span> <span class='ocrx_word' id='word_1_430' title='bbox 1438 4206 1761 4278; x_wconf 72' lang='lat' dir='ltr'><strong>offeruntur,</strong></span> 
     </span>
    </p>
   </div>
   <div class='ocr_carea' id='block_1_59' title="bbox 183 4275 1766 4347">
    <p class='ocr_par' dir='ltr' id='par_1_59' title="bbox 183 4275 1766 4347">
     <span class='ocr_line' id='line_1_59' title="bbox 183 4275 1766 4347; baseline 0 -17"><span class='ocrx_word' id='word_1_431' title='bbox 183 4277 410 4332; x_wconf 82' lang='lat' dir='ltr'><strong>Christo</strong></span> <span class='ocrx_word' id='word_1_432' title='bbox 435 4275 852 4346; x_wconf 79' lang='lat' dir='ltr'><strong>oﬂ&#39;eruntttr;et</strong></span> <span class='ocrx_word' id='word_1_433' title='bbox 888 4275 1028 4347; x_wconf 83' lang='lat' dir='ltr'><strong>quae</strong></span> <span class='ocrx_word' id='word_1_434' title='bbox 1053 4279 1120 4347; x_wconf 89' lang='lat' dir='ltr'><strong>ah</strong></span> <span class='ocrx_word' id='word_1_435' title='bbox 1145 4277 1370 4347; x_wconf 83' lang='lat' dir='ltr'><strong>ecclesia</strong></span> <span class='ocrx_word' id='word_1_436' title='bbox 1424 4275 1766 4347; x_wconf 17' lang='lat' dir='ltr'><strong>eiusitollun-</strong></span> 
     </span>
    </p>
   </div>
   <div class='ocr_carea' id='block_1_60' title="bbox 183 4346 1766 4416">
    <p class='ocr_par' dir='ltr' id='par_1_60' title="bbox 183 4346 1766 4416">
     <span class='ocr_line' id='line_1_60' title="bbox 183 4346 1766 4416; baseline 0 -16"><span class='ocrx_word' id='word_1_437' title='bbox 183 4359 304 4413; x_wconf 90' lang='lat' dir='ltr'><strong>tur,</strong></span> <span class='ocrx_word' id='word_1_438' title='bbox 337 4349 711 4416; x_wconf 87' lang='lat' dir='ltr'><strong>proculdubio</strong></span> <span class='ocrx_word' id='word_1_439' title='bbox 753 4346 964 4404; x_wconf 85' lang='lat' dir='ltr'><strong>Christo</strong></span> <span class='ocrx_word' id='word_1_440' title='bbox 1015 4346 1293 4401; x_wconf 87' lang='lat' dir='ltr'><strong>tolluntur.</strong></span> <span class='ocrx_word' id='word_1_441' title='bbox 1331 4346 1478 4410; x_wconf 83' lang='lat' dir='ltr'><strong>Esto,</strong></span> <span class='ocrx_word' id='word_1_442' title='bbox 1529 4346 1766 4400; x_wconf 81' lang='lat' dir='ltr'><strong>futurum</strong></span> 
     </span>
    </p>
   </div>
   <div class='ocr_carea' id='block_1_61' title="bbox 180 4417 1764 4482">
    <p class='ocr_par' dir='ltr' id='par_1_61' title="bbox 180 4417 1764 4482">
     <span class='ocr_line' id='line_1_61' title="bbox 180 4417 1764 4482; baseline 0.001 -12"><span class='ocrx_word' id='word_1_443' title='bbox 180 4427 330 4482; x_wconf 75' lang='lat' dir='ltr'><strong>erat,</strong></span> <span class='ocrx_word' id='word_1_444' title='bbox 362 4419 868 4474; x_wconf 74' lang='lat' dir='ltr'><strong>utecclesiaChristi</strong></span> <span class='ocrx_word' id='word_1_445' title='bbox 901 4433 1143 4474; x_wconf 90' lang='lat' dir='ltr'><strong>nummos</strong></span> <span class='ocrx_word' id='word_1_446' title='bbox 1157 4417 1400 4471; x_wconf 89' lang='lat' dir='ltr'><strong>haberet.</strong></span> <span class='ocrx_word' id='word_1_447' title='bbox 1427 4417 1764 4482; x_wconf 74' lang='lat' dir='ltr'><strong>Sinummos,</strong></span> 
     </span>
    </p>
   </div>
   <div class='ocr_carea' id='block_1_62' title="bbox 181 4488 1760 4558">
    <p class='ocr_par' dir='ltr' id='par_1_62' title="bbox 181 4488 1760 4558">
     <span class='ocr_line' id='line_1_62' title="bbox 181 4488 1760 4558; baseline 0.001 -18"><span class='ocrx_word' id='word_1_448' title='bbox 181 4489 385 4556; x_wconf 85' lang='lat' dir='ltr'><strong>utique</strong></span> <span class='ocrx_word' id='word_1_449' title='bbox 414 4499 468 4542; x_wconf 89' lang='lat' dir='ltr'><strong>et</strong></span> <span class='ocrx_word' id='word_1_450' title='bbox 499 4491 710 4556; x_wconf 79' lang='lat' dir='ltr'><strong>praedia</strong></span> <span class='ocrx_word' id='word_1_451' title='bbox 747 4499 802 4543; x_wconf 89' lang='lat' dir='ltr'><strong>et</strong></span> <span class='ocrx_word' id='word_1_452' title='bbox 849 4489 1131 4558; x_wconf 72' lang='lat' dir='ltr'><strong>mancipia</strong></span> <span class='ocrx_word' id='word_1_453' title='bbox 1169 4497 1224 4541; x_wconf 88' lang='lat' dir='ltr'><strong>et</strong></span> <span class='ocrx_word' id='word_1_454' title='bbox 1262 4488 1590 4541; x_wconf 84' lang='lat' dir='ltr'><strong>diversarum</strong></span> <span class='ocrx_word' id='word_1_455' title='bbox 1641 4501 1760 4555; x_wconf 88' lang='lat' dir='ltr'><strong>spe-</strong></span> 
     </span>
    </p>
   </div>
   <div class='ocr_carea' id='block_1_63' title="bbox 180 4557 1764 4625">
    <p class='ocr_par' dir='ltr' id='par_1_63' title="bbox 180 4557 1764 4625">
     <span class='ocr_line' id='line_1_63' title="bbox 180 4557 1764 4625; baseline 0.001 -15"><span class='ocrx_word' id='word_1_456' title='bbox 180 4560 402 4612; x_wconf 84' lang='lat' dir='ltr'><strong>cierum</strong></span> <span class='ocrx_word' id='word_1_457' title='bbox 427 4559 706 4613; x_wconf 86' lang='lat' dir='ltr'><strong>innumera</strong></span> <span class='ocrx_word' id='word_1_458' title='bbox 735 4557 1069 4613; x_wconf 79' lang='lat' dir='ltr'><strong>ornamenta.</strong></span> <span class='ocrx_word' id='word_1_459' title='bbox 1097 4557 1162 4610; x_wconf 87' lang='lat' dir='ltr'><strong>Et</strong></span> <span class='ocrx_word' id='word_1_460' title='bbox 1196 4559 1321 4625; x_wconf 91' lang='lat' dir='ltr'><strong>quia</strong></span> <span class='ocrx_word' id='word_1_461' title='bbox 1357 4557 1618 4612; x_wconf 89' lang='lat' dir='ltr'><strong>inlicitum</strong></span> <span class='ocrx_word' id='word_1_462' title='bbox 1671 4559 1764 4625; x_wconf 87' lang='lat' dir='ltr'><strong>sit,</strong></span> 
     </span>
    </p>
   </div>
   <div class='ocr_carea' id='block_1_64' title="bbox 179 4626 1766 4697">
    <p class='ocr_par' dir='ltr' id='par_1_64' title="bbox 179 4626 1766 4697">
     <span class='ocr_line' id='line_1_64' title="bbox 179 4626 1766 4697; baseline 0.001 -15"><span class='ocrx_word' id='word_1_463' title='bbox 179 4644 255 4682; x_wconf 73' lang='lat' dir='ltr'><strong>ea</strong></span> <span class='ocrx_word' id='word_1_464' title='bbox 286 4643 428 4697; x_wconf 85' lang='lat' dir='ltr'><strong>quae</strong></span> <span class='ocrx_word' id='word_1_465' title='bbox 455 4629 802 4684; x_wconf 87' lang='lat' dir='ltr'><strong>conferuntur</strong></span> <span class='ocrx_word' id='word_1_466' title='bbox 831 4631 1092 4684; x_wconf 88' lang='lat' dir='ltr'><strong>ecclesiae</strong></span> <span class='ocrx_word' id='word_1_467' title='bbox 1135 4629 1351 4693; x_wconf 86' lang='lat' dir='ltr'><strong>auferri,</strong></span> <span class='ocrx_word' id='word_1_468' title='bbox 1397 4628 1540 4682; x_wconf 88' lang='lat' dir='ltr'><strong>beati</strong></span> <span class='ocrx_word' id='word_1_469' title='bbox 1577 4626 1766 4684; x_wconf 91' lang='lat' dir='ltr'><strong>Hiero-</strong></span> 
     </span>
    </p>
   </div>
   <div class='ocr_carea' id='block_1_65' title="bbox 177 4698 1764 4769">
    <p class='ocr_par' dir='ltr' id='par_1_65' title="bbox 177 4698 1764 4769">
     <span class='ocr_line' id='line_1_65' title="bbox 177 4698 1764 4769; baseline 0 -16"><span class='ocrx_word' id='word_1_470' title='bbox 177 4699 340 4768; x_wconf 73' lang='lat' dir='ltr'><strong>nymi</strong></span> <span class='ocrx_word' id='word_1_471' title='bbox 371 4700 654 4754; x_wconf 87' lang='lat' dir='ltr'><strong>scribentis</strong></span> <span class='ocrx_word' id='word_1_472' title='bbox 681 4701 732 4754; x_wconf 93' lang='lat' dir='ltr'><strong>in</strong></span> <span class='ocrx_word' id='word_1_473' title='bbox 780 4699 1119 4769; x_wconf 80' lang='lat' dir='ltr'><strong>expositione</strong></span> <span class='ocrx_word' id='word_1_474' title='bbox 1163 4698 1355 4752; x_wconf 83' lang='lat' dir='ltr'><strong>Mathei</strong></span> <span class='ocrx_word' id='word_1_475' title='bbox 1400 4698 1764 4767; x_wconf 86' lang='lat' dir='ltr'><strong>euangelistae</strong></span> 
     </span>
    </p>
   </div>
   <div class='ocr_carea' id='block_1_66' title="bbox 179 4767 1765 4838">
    <p class='ocr_par' dir='ltr' id='par_1_66' title="bbox 179 4767 1765 4838">
     <span class='ocr_line' id='line_1_66' title="bbox 179 4767 1765 4838; baseline 0.001 -16"><span class='ocrx_word' id='word_1_476' title='bbox 179 4767 359 4822; x_wconf 67' lang='lat' dir='ltr'><strong>verba</strong></span> <span class='ocrx_word' id='word_1_477' title='bbox 407 4769 480 4823; x_wconf 86' lang='lat' dir='ltr'><strong>ita</strong></span> <span class='ocrx_word' id='word_1_478' title='bbox 534 4767 867 4824; x_wconf 42' lang='lat' dir='ltr'><strong>testamur:—</strong></span> <span class='ocrx_word' id='word_1_479' title='bbox 909 4788 926 4820; x_wconf 76' lang='grc' dir='ltr'><strong>ι</strong></span> <span class='ocrx_word' id='word_1_480' title='bbox 964 4767 1182 4831; x_wconf 88' lang='lat' dir='ltr'><strong>Omnes,</strong></span> <span class='ocrx_word' id='word_1_481' title='bbox 1242 4769 1435 4838; x_wconf 90' lang='lat' dir='ltr'><strong>inquit,</strong></span> <span class='ocrx_word' id='word_1_482' title='bbox 1487 4771 1574 4838; x_wconf 85' lang='lat' dir='ltr'><strong>qui</strong></span> <span class='ocrx_word' id='word_1_483' title='bbox 1625 4771 1765 4838; x_wconf 85' lang='lat' dir='ltr'><strong>stipe</strong></span> 
     </span>
    </p>
   </div>
   <div class='ocr_carea' id='block_1_67' title="bbox 180 4838 1764 4908">
    <p class='ocr_par' dir='ltr' id='par_1_67' title="bbox 180 4838 1764 4908">
     <span class='ocr_line' id='line_1_67' title="bbox 180 4838 1764 4908; baseline 0.001 -16"><span class='ocrx_word' id='word_1_484' title='bbox 180 4839 381 4907; x_wconf 76' lang='lat' dir='ltr'><strong>templi</strong></span> <span class='ocrx_word' id='word_1_485' title='bbox 427 4840 611 4907; x_wconf 89' lang='lat' dir='ltr'><strong>ethis,</strong></span> <span class='ocrx_word' id='word_1_486' title='bbox 659 4855 798 4908; x_wconf 84' lang='lat' dir='ltr'><strong>quae</strong></span> <span class='ocrx_word' id='word_1_487' title='bbox 845 4840 1194 4894; x_wconf 81' lang='lat' dir='ltr'><strong>conferuntur</strong></span> <span class='ocrx_word' id='word_1_488' title='bbox 1223 4839 1276 4892; x_wconf 89' lang='lat' dir='ltr'><strong>itt</strong></span> <span class='ocrx_word' id='word_1_489' title='bbox 1328 4854 1452 4891; x_wconf 86' lang='lat' dir='ltr'><strong>usus</strong></span> <span class='ocrx_word' id='word_1_490' title='bbox 1481 4838 1764 4908; x_wconf 78' lang='lat' dir='ltr'><strong>ecclesiae,</strong></span> 
     </span>
    </p>
   </div>
   <div class='ocr_carea' id='block_1_68' title="bbox 181 4908 1765 4978">
    <p class='ocr_par' dir='ltr' id='par_1_68' title="bbox 181 4908 1765 4978">
     <span class='ocr_line' id='line_1_68' title="bbox 181 4908 1765 4978; baseline 0.001 -16"><span class='ocrx_word' id='word_1_491' title='bbox 181 4911 491 4964; x_wconf 77' lang='lat' dir='ltr'><strong>abutuntur</strong></span> <span class='ocrx_word' id='word_1_492' title='bbox 518 4910 573 4964; x_wconf 89' lang='lat' dir='ltr'><strong>in</strong></span> <span class='ocrx_word' id='word_1_493' title='bbox 604 4910 723 4964; x_wconf 90' lang='lat' dir='ltr'><strong>aliis</strong></span> <span class='ocrx_word' id='word_1_494' title='bbox 751 4911 930 4974; x_wconf 87' lang='lat' dir='ltr'><strong>rebus,</strong></span> <span class='ocrx_word' id='word_1_495' title='bbox 960 4911 1151 4978; x_wconf 86' lang='lat' dir='ltr'><strong>quibus</strong></span> <span class='ocrx_word' id='word_1_496' title='bbox 1202 4923 1351 4963; x_wconf 86' lang='lat' dir='ltr'><strong>suam</strong></span> <span class='ocrx_word' id='word_1_497' title='bbox 1382 4908 1634 4978; x_wconf 81' lang='lat' dir='ltr'><strong>expleant</strong></span> <span class='ocrx_word' id='word_1_498' title='bbox 1672 4925 1765 4964; x_wconf 76' lang='lat' dir='ltr'><strong>vo-</strong></span> 
     </span>
    </p>
   </div>
   <div class='ocr_carea' id='block_1_69' title="bbox 179 4981 1766 5048">
    <p class='ocr_par' dir='ltr' id='par_1_69' title="bbox 179 4981 1766 5048">
     <span class='ocr_line' id='line_1_69' title="bbox 179 4981 1766 5048; baseline 0 -14"><span class='ocrx_word' id='word_1_499' title='bbox 179 4982 480 5048; x_wconf 72' lang='lat' dir='ltr'><strong>luntatem,</strong></span> <span class='ocrx_word' id='word_1_500' title='bbox 510 4981 714 5035; x_wconf 86' lang='lat' dir='ltr'><strong>similes</strong></span> <span class='ocrx_word' id='word_1_501' title='bbox 733 4989 857 5035; x_wconf 91' lang='lat' dir='ltr'><strong>sunt</strong></span> <span class='ocrx_word' id='word_1_502' title='bbox 876 4983 1172 5035; x_wconf 85' lang='lat' dir='ltr'><strong>scribarum</strong></span> <span class='ocrx_word' id='word_1_503' title='bbox 1215 4987 1269 5033; x_wconf 92' lang='lat' dir='ltr'><strong>et</strong></span> <span class='ocrx_word' id='word_1_504' title='bbox 1313 4981 1650 5033; x_wconf 81' lang='lat' dir='ltr'><strong>sacerdotum</strong></span> <span class='ocrx_word' id='word_1_505' title='bbox 1680 4994 1766 5034; x_wconf 75' lang='lat' dir='ltr'><strong>re-</strong></span> 
     </span>
    </p>
   </div>
   <div class='ocr_carea' id='block_1_70' title="bbox 177 5049 1688 5117">
    <p class='ocr_par' dir='ltr' id='par_1_70' title="bbox 177 5049 1688 5117">
     <span class='ocr_line' id='line_1_70' title="bbox 177 5049 1688 5117; baseline -0.003 -11"><span class='ocrx_word' id='word_1_506' title='bbox 177 5052 509 5106; x_wconf 57' lang='lat' dir='ltr'><strong>«timentium</strong></span> <span class='ocrx_word' id='word_1_507' title='bbox 539 5051 867 5105; x_wconf 79' lang='lat' dir='ltr'><strong>mendatium</strong></span> <span class='ocrx_word' id='word_1_508' title='bbox 888 5060 943 5104; x_wconf 85' lang='lat' dir='ltr'><strong>et</strong></span> <span class='ocrx_word' id='word_1_509' title='bbox 963 5055 1270 5117; x_wconf 75' lang='lat' dir='ltr'><strong>sanguinem</strong></span> <span class='ocrx_word' id='word_1_510' title='bbox 1319 5049 1633 5104; x_wconf 86' lang='lat' dir='ltr'><strong>Salvatoris.</strong></span> <span class='ocrx_word' id='word_1_511' title='bbox 1670 5069 1688 5101; x_wconf 73' lang='grc' dir='ltr'><strong>ι</strong></span> 
     </span>
    </p>
   </div>
   <div class='ocr_carea' id='block_1_71' title="bbox 266 5118 1767 5192">
    <p class='ocr_par' dir='ltr' id='par_1_71' title="bbox 266 5118 1767 5192">
     <span class='ocr_line' id='line_1_71' title="bbox 266 5118 1767 5192; baseline 0.001 -21"><span class='ocrx_word' id='word_1_512' title='bbox 266 5119 335 5172; x_wconf 74' lang='lat' dir='ltr'><strong>4t.</strong></span> <span class='ocrx_word' id='word_1_513' title='bbox 345 5118 394 5192; x_wconf 70' lang='lat'><strong>5.</strong></span> <span class='ocrx_word' id='word_1_514' title='bbox 415 5122 561 5184; x_wconf 79' lang='lat' dir='ltr'><strong>Quod</strong></span> <span class='ocrx_word' id='word_1_515' title='bbox 582 5122 817 5192; x_wconf 80' lang='lat' dir='ltr'><strong>quicquid</strong></span> <span class='ocrx_word' id='word_1_516' title='bbox 829 5121 1043 5188; x_wconf 69' lang='lat' dir='ltr'><strong>o/Terlur</strong></span> <span class='ocrx_word' id='word_1_517' title='bbox 1062 5121 1302 5184; x_wconf 86' lang='lat' dir='ltr'><strong>Domino,</strong></span> <span class='ocrx_word' id='word_1_518' title='bbox 1317 5129 1767 5192; x_wconf 63' lang='lat' dir='ltr'><strong>sattctutnsancto-</strong></span> 
     </span>
    </p>
   </div>
   <div class='ocr_carea' id='block_1_72' title="bbox 178 5188 1768 5260">
    <p class='ocr_par' dir='ltr' id='par_1_72' title="bbox 178 5188 1768 5260">
     <span class='ocr_line' id='line_1_72' title="bbox 178 5188 1768 5260; baseline -0.001 -15"><span class='ocrx_word' id='word_1_519' title='bbox 178 5207 311 5245; x_wconf 84' lang='lat' dir='ltr'><strong>rum</strong></span> <span class='ocrx_word' id='word_1_520' title='bbox 346 5190 410 5243; x_wconf 83' lang='lat' dir='ltr'><strong>sit</strong></span> <span class='ocrx_word' id='word_1_521' title='bbox 439 5202 484 5244; x_wconf 85' lang='lat' dir='ltr'><strong>et</strong></span> <span class='ocrx_word' id='word_1_522' title='bbox 511 5191 532 5221; x_wconf 85' lang='grc'>³</span> <span class='ocrx_word' id='word_1_523' title='bbox 553 5188 620 5243; x_wconf 77' lang='lat' dir='ltr'><strong>ad</strong></span> <span class='ocrx_word' id='word_1_524' title='bbox 650 5188 728 5244; x_wconf 81' lang='lat' dir='ltr'><strong>ius</strong></span> <span class='ocrx_word' id='word_1_525' title='bbox 767 5193 1019 5260; x_wconf 57' lang='lat' dir='ltr'><strong>pertineat</strong></span> <span class='ocrx_word' id='word_1_526' title='bbox 1053 5194 1390 5243; x_wconf 77' lang='lat' dir='ltr'><strong>sacerdotum.</strong></span> <span class='ocrx_word' id='word_1_527' title='bbox 1427 5188 1565 5242; x_wconf 79' lang='lat' dir='ltr'><strong>Nulli</strong></span> <span class='ocrx_word' id='word_1_528' title='bbox 1607 5189 1768 5244; x_wconf 83' lang='lat' dir='ltr'><strong>liceat</strong></span> 
     </span>
    </p>
   </div>
   <div class='ocr_carea' id='block_1_73' title="bbox 179 5260 1766 5332">
    <p class='ocr_par' dir='ltr' id='par_1_73' title="bbox 179 5260 1766 5332">
     <span class='ocr_line' id='line_1_73' title="bbox 179 5260 1766 5332; baseline -0.004 -14"><span class='ocrx_word' id='word_1_529' title='bbox 179 5264 449 5332; x_wconf 64' lang='lat' dir='ltr'><strong>ignorare</strong></span> <span class='ocrx_word' id='word_1_530' title='bbox 473 5263 616 5332; x_wconf 89' lang='lat' dir='ltr'><strong>quod</strong></span> <span class='ocrx_word' id='word_1_531' title='bbox 645 5277 823 5324; x_wconf 88' lang='lat' dir='ltr'><strong>omne,</strong></span> <span class='ocrx_word' id='word_1_532' title='bbox 858 5263 1000 5332; x_wconf 87' lang='lat' dir='ltr'><strong>quod</strong></span> <span class='ocrx_word' id='word_1_533' title='bbox 1019 5261 1244 5316; x_wconf 89' lang='lat' dir='ltr'><strong>Domino</strong></span> <span class='ocrx_word' id='word_1_534' title='bbox 1273 5269 1638 5332; x_wconf 81' lang='lat' dir='ltr'><strong>consecratur,</strong></span> <span class='ocrx_word' id='word_1_535' title='bbox 1653 5260 1766 5332; x_wconf 81' lang='lat' dir='ltr'><strong>sive</strong></span> 
     </span>
    </p>
   </div>
   <div class='ocr_carea' id='block_1_74' title="bbox 181 5330 1766 5402">
    <p class='ocr_par' dir='ltr' id='par_1_74' title="bbox 181 5330 1766 5402">
     <span class='ocr_line' id='line_1_74' title="bbox 181 5330 1766 5402; baseline -0.002 -16"><span class='ocrx_word' id='word_1_536' title='bbox 181 5334 362 5402; x_wconf 85' lang='lat' dir='ltr'><strong>homo</strong></span> <span class='ocrx_word' id='word_1_537' title='bbox 392 5331 678 5386; x_wconf 82' lang='lat' dir='ltr'><strong>fueritsive</strong></span> <span class='ocrx_word' id='word_1_538' title='bbox 695 5330 888 5384; x_wconf 86' lang='lat' dir='ltr'><strong>animal</strong></span> <span class='ocrx_word' id='word_1_539' title='bbox 902 5332 1014 5385; x_wconf 77' lang='lat' dir='ltr'><strong>sive</strong></span> <span class='ocrx_word' id='word_1_540' title='bbox 1051 5345 1179 5399; x_wconf 73' lang='lat' dir='ltr'><strong>ager</strong></span> <span class='ocrx_word' id='word_1_541' title='bbox 1195 5335 1275 5382; x_wconf 73' lang='lat' dir='ltr'><strong>vel</strong></span> <span class='ocrx_word' id='word_1_542' title='bbox 1309 5330 1561 5402; x_wconf 75' lang='lat' dir='ltr'><strong>quiequid</strong></span> <span class='ocrx_word' id='word_1_543' title='bbox 1601 5330 1766 5384; x_wconf 88' lang='lat' dir='ltr'><strong>semel</strong></span> 
     </span>
    </p>
   </div>
   <div class='ocr_carea' id='block_1_75' title="bbox 183 5399 1764 5466">
    <p class='ocr_par' dir='ltr' id='par_1_75' title="bbox 183 5399 1764 5466">
     <span class='ocr_line' id='line_1_75' title="bbox 183 5399 1764 5466; baseline -0.001 -10"><span class='ocrx_word' id='word_1_544' title='bbox 183 5401 363 5456; x_wconf 85' lang='lat' dir='ltr'><strong>luerit</strong></span> <span class='ocrx_word' id='word_1_545' title='bbox 391 5412 784 5466; x_wconf 74' lang='lat' dir='ltr'><strong>consecratum,</strong></span> <span class='ocrx_word' id='word_1_546' title='bbox 805 5409 1379 5456; x_wconf 50' lang='lat' dir='ltr'><strong>sanetumsanctorum</strong></span> <span class='ocrx_word' id='word_1_547' title='bbox 1408 5399 1511 5452; x_wconf 67' lang='lat' dir='ltr'><strong>erit</strong></span> <span class='ocrx_word' id='word_1_548' title='bbox 1537 5399 1764 5455; x_wconf 88' lang='lat' dir='ltr'><strong>Domino</strong></span> 
     </span>
    </p>
   </div>
   <div class='ocr_carea' id='block_1_76' title="bbox 178 5469 1769 5542">
    <p class='ocr_par' dir='ltr' id='par_1_76' title="bbox 178 5469 1769 5542">
     <span class='ocr_line' id='line_1_76' title="bbox 178 5469 1769 5542; baseline -0.003 -17"><span class='ocrx_word' id='word_1_549' title='bbox 178 5473 260 5526; x_wconf 83' lang='lat' dir='ltr'><strong>ad</strong></span> <span class='ocrx_word' id='word_1_550' title='bbox 292 5471 380 5524; x_wconf 88' lang='lat' dir='ltr'><strong>ius</strong></span> <span class='ocrx_word' id='word_1_551' title='bbox 407 5473 639 5541; x_wconf 88' lang='lat' dir='ltr'><strong>pertinet</strong></span> <span class='ocrx_word' id='word_1_552' title='bbox 664 5477 1036 5538; x_wconf 69' lang='lat' dir='ltr'><strong>sacerdotum;</strong></span> <span class='ocrx_word' id='word_1_553' title='bbox 1069 5480 1286 5542; x_wconf 87' lang='lat' dir='ltr'><strong>propter</strong></span> <span class='ocrx_word' id='word_1_554' title='bbox 1315 5469 1457 5538; x_wconf 89' lang='lat' dir='ltr'><strong>quod</strong></span> <span class='ocrx_word' id='word_1_555' title='bbox 1488 5471 1769 5524; x_wconf 82' lang='lat' dir='ltr'><strong>inexcusa-</strong></span> 
     </span>
    </p>
   </div>
   <div class='ocr_carea' id='block_1_77' title="bbox 1795 4527 1845 4588">
    <p class='ocr_par' dir='ltr' id='par_1_77' title="bbox 1795 4527 1845 4588">
     <span class='ocr_line' id='line_1_77' title="bbox 1795 4527 1845 4588; baseline 0 0"><span class='ocrx_word' id='word_1_556' title='bbox 1795 4527 1845 4588; x_wconf 93' lang='lat' dir='ltr'><strong>D</strong></span> 
     </span>
    </p>
   </div>
   <div class='ocr_carea' id='block_1_78' title="bbox 1863 573 3446 652">
    <p class='ocr_par' dir='ltr' id='par_1_78' title="bbox 1863 573 3446 652">
     <span class='ocr_line' id='line_1_78' title="bbox 1863 573 3446 652; baseline 0.013 -29"><span class='ocrx_word' id='word_1_557' title='bbox 1863 573 2305 652; x_wconf 63' lang='lat' dir='ltr'><strong>emendationem</strong></span> <span class='ocrx_word' id='word_1_558' title='bbox 2351 577 2718 646; x_wconf 85' lang='lat' dir='ltr'><strong>ecclesiaeqne</strong></span> <span class='ocrx_word' id='word_1_559' title='bbox 2747 578 2769 609; x_wconf 72' lang='grc'>⁸</span> <span class='ocrx_word' id='word_1_560' title='bbox 2805 573 3272 652; x_wconf 56' lang='lat' dir='ltr'><strong>satisfactionem?</strong></span> <span class='ocrx_word' id='word_1_561' title='bbox 3303 573 3446 652; x_wconf 72' lang='lat' dir='ltr'><strong>quod</strong></span> 
     </span>
    </p>
   </div>
   <div class='ocr_carea' id='block_1_79' title="bbox 1877 639 3447 721">
    <p class='ocr_par' dir='ltr' id='par_1_79' title="bbox 1877 639 3447 721">
     <span class='ocr_line' id='line_1_79' title="bbox 1877 639 3447 721; baseline 0.013 -28"><span class='ocrx_word' id='word_1_562' title='bbox 1877 639 1904 721; x_wconf 64' lang='grc' dir='ltr'><strong>ξ</strong></span> <span class='ocrx_word' id='word_1_563' title='bbox 1939 643 2012 694; x_wconf 89' lang='lat' dir='ltr'><strong>sit</strong></span> <span class='ocrx_word' id='word_1_564' title='bbox 2031 643 2323 721; x_wconf 66' lang='lat' dir='ltr'><strong>sacrilegus</strong></span> <span class='ocrx_word' id='word_1_565' title='bbox 2366 655 2422 700; x_wconf 88' lang='lat' dir='ltr'><strong>et</strong></span> <span class='ocrx_word' id='word_1_566' title='bbox 2450 663 2556 700; x_wconf 87' lang='lat' dir='ltr'><strong>non</strong></span> <span class='ocrx_word' id='word_1_567' title='bbox 2589 639 2794 702; x_wconf 70' lang='lat' dir='ltr'><strong>tantum</strong></span> <span class='ocrx_word' id='word_1_568' title='bbox 2822 650 3136 721; x_wconf 77' lang='lat' dir='ltr'><strong>sacrilegus,</strong></span> <span class='ocrx_word' id='word_1_569' title='bbox 3161 654 3254 710; x_wconf 86' lang='lat' dir='ltr'><strong>sed</strong></span> <span class='ocrx_word' id='word_1_570' title='bbox 3283 639 3447 712; x_wconf 43' lang='lat' dir='ltr'><strong>etiam</strong></span> 
     </span>
    </p>
   </div>
   <div class='ocr_carea' id='block_1_80' title="bbox 1878 707 2295 780">
    <p class='ocr_par' dir='ltr' id='par_1_80' title="bbox 1878 707 2295 780">
     <span class='ocr_line' id='line_1_80' title="bbox 1878 707 2295 780; baseline 0.017 -19"><span class='ocrx_word' id='word_1_571' title='bbox 1878 707 1972 780; x_wconf 18' lang='lat' dir='ltr'><strong>fur,</strong></span> <span class='ocrx_word' id='word_1_572' title='bbox 1983 727 2038 764; x_wconf 84' lang='lat' dir='ltr'><strong>sa</strong></span> <span class='ocrx_word' id='word_1_573' title='bbox 2046 713 2119 765; x_wconf 91' lang='lat' dir='ltr'><strong>cri</strong></span> <span class='ocrx_word' id='word_1_574' title='bbox 2128 707 2295 780; x_wconf 73' lang='lat' dir='ltr'><strong>legas.</strong></span> 
     </span>
    </p>
   </div>
   <div class='ocr_carea' id='block_1_81' title="bbox 1947 779 3446 862">
    <p class='ocr_par' dir='ltr' id='par_1_81' title="bbox 1947 779 3446 862">
     <span class='ocr_line' id='line_1_81' title="bbox 1947 779 3446 862; baseline 0.012 -31"><span class='ocrx_word' id='word_1_575' title='bbox 2220 785 2298 862; x_wconf 81' lang='lat' dir='ltr'><strong>Itis</strong></span> <span class='ocrx_word' id='word_1_576' title='bbox 2326 785 2588 862; x_wconf 69' lang='lat' dir='ltr'><strong>sacrilegis</strong></span> <span class='ocrx_word' id='word_1_577' title='bbox 2627 788 2719 862; x_wconf 26' lang='grc' dir='ltr'><strong>Δριιί</strong></span> <span class='ocrx_word' id='word_1_578' title='bbox 2750 789 2997 862; x_wconf 77' lang='lat' dir='ltr'><strong>ecclesiae</strong></span> <span class='ocrx_word' id='word_1_579' title='bbox 3025 794 3231 862; x_wconf 69' lang='lat' dir='ltr'><strong>eTusque</strong></span> <span class='ocrx_word' id='word_1_580' title='bbox 3273 812 3446 851; x_wconf 86' lang='lat' dir='ltr'><strong>sacer-</strong></span> 
     </span>
    </p>
   </div>
   <div class='ocr_carea' id='block_1_82' title="bbox 1877 851 3447 930">
    <p class='ocr_par' dir='ltr' id='par_1_82' title="bbox 1877 851 3447 930">
     <span class='ocr_line' id='line_1_82' title="bbox 1877 851 3447 930; baseline 0.011 -27"><span class='ocrx_word' id='word_1_581' title='bbox 1877 851 2075 930; x_wconf 65' lang='lat' dir='ltr'><strong>dotibus</strong></span> <span class='ocrx_word' id='word_1_582' title='bbox 2112 854 2331 906; x_wconf 72' lang='lat' dir='ltr'><strong>iniurias</strong></span> <span class='ocrx_word' id='word_1_583' title='bbox 2352 851 2678 930; x_wconf 46' lang='lat' dir='ltr'><strong>infera-nt._Si</strong></span> <span class='ocrx_word' id='word_1_584' title='bbox 2699 858 2827 930; x_wconf 82' lang='lat' dir='ltr'><strong>quis</strong></span> <span class='ocrx_word' id='word_1_585' title='bbox 2851 859 2900 913; x_wconf 92' lang='lat' dir='ltr'><strong>in</strong></span> <span class='ocrx_word' id='word_1_586' title='bbox 2931 860 3034 915; x_wconf 91' lang='lat' dir='ltr'><strong>hoc</strong></span> <span class='ocrx_word' id='word_1_587' title='bbox 3075 851 3244 930; x_wconf 76' lang='lat' dir='ltr'><strong>genus</strong></span> <span class='ocrx_word' id='word_1_588' title='bbox 3271 868 3447 920; x_wconf 82' lang='lat' dir='ltr'><strong>sacri-</strong></span> 
     </span>
    </p>
   </div>
   <div class='ocr_carea' id='block_1_83' title="bbox 1877 921 3445 996">
    <p class='ocr_par' dir='ltr' id='par_1_83' title="bbox 1877 921 3445 996">
     <span class='ocr_line' id='line_1_83' title="bbox 1877 921 3445 996; baseline 0.012 -23"><span class='ocrx_word' id='word_1_589' title='bbox 1877 921 2006 991; x_wconf 76' lang='lat' dir='ltr'><strong>legii</strong></span> <span class='ocrx_word' id='word_1_590' title='bbox 2031 931 2349 996; x_wconf 73' lang='lat' dir='ltr'><strong>prorttpertt,</strong></span> <span class='ocrx_word' id='word_1_591' title='bbox 2376 921 2431 996; x_wconf 86' lang='lat' dir='ltr'><strong>ut</strong></span> <span class='ocrx_word' id='word_1_592' title='bbox 2453 926 2499 977; x_wconf 88' lang='lat' dir='ltr'><strong>itt</strong></span> <span class='ocrx_word' id='word_1_593' title='bbox 2518 921 2773 996; x_wconf 78' lang='lat' dir='ltr'><strong>ecclesias</strong></span> <span class='ocrx_word' id='word_1_594' title='bbox 2793 921 3191 996; x_wconf 40' lang='lat' dir='ltr'><strong>earumqucvrcs</strong></span> <span class='ocrx_word' id='word_1_595' title='bbox 3225 937 3445 992; x_wconf 88' lang='lat' dir='ltr'><strong>inruens</strong></span> 
     </span>
    </p>
   </div>
   <div class='ocr_carea' id='block_1_84' title="bbox 1873 991 3444 1072">
    <p class='ocr_par' dir='ltr' id='par_1_84' title="bbox 1873 991 3444 1072">
     <span class='ocr_line' id='line_1_84' title="bbox 1873 991 3444 1072; baseline 0.01 -28"><span class='ocrx_word' id='word_1_596' title='bbox 1873 991 2240 1072; x_wconf 73' lang='lat' dir='ltr'><strong>sacerdotibus</strong></span> <span class='ocrx_word' id='word_1_597' title='bbox 2263 995 2601 1072; x_wconf 80' lang='lat' dir='ltr'><strong>et_ttt_ittt_stris</strong></span> <span class='ocrx_word' id='word_1_598' title='bbox 2619 997 2710 1072; x_wconf 83' lang='lat' dir='ltr'><strong>vel_</strong></span> <span class='ocrx_word' id='word_1_599' title='bbox 2737 998 2848 1072; x_wconf 81' lang='lat' dir='ltr'><strong>ipso</strong></span> <span class='ocrx_word' id='word_1_600' title='bbox 2875 991 3040 1072; x_wconf 74' lang='lat' dir='ltr'><strong>cultui</strong></span> <span class='ocrx_word' id='word_1_601' title='bbox 3065 1000 3175 1072; x_wconf 83' lang='lat' dir='ltr'><strong>_loc</strong></span> <span class='ocrx_word' id='word_1_602' title='bbox 3199 1019 3316 1072; x_wconf 53' lang='lat' dir='ltr'><strong>ique</strong></span> <span class='ocrx_word' id='word_1_603' title='bbox 3347 991 3444 1059; x_wconf 42' lang='lat' dir='ltr'><strong>ali;</strong></span> 
     </span>
    </p>
   </div>
   <div class='ocr_carea' id='block_1_85' title="bbox 1875 1061 3442 1141">
    <p class='ocr_par' dir='ltr' id='par_1_85' title="bbox 1875 1061 3442 1141">
     <span class='ocr_line' id='line_1_85' title="bbox 1875 1061 3442 1141; baseline 0.011 -29"><span class='ocrx_word' id='word_1_604' title='bbox 1875 1061 2282 1141; x_wconf 66' lang='lat' dir='ltr'><strong>quiditttpOI&#39;tet</strong></span> <span class='ocrx_word' id='word_1_605' title='bbox 2330 1064 2554 1141; x_wconf 80' lang='lat' dir='ltr'><strong>iniuriae</strong></span> <span class='ocrx_word' id='word_1_606' title='bbox 2585 1072 2664 1141; x_wconf 80' lang='lat' dir='ltr'><strong>vel</strong></span> <span class='ocrx_word' id='word_1_607' title='bbox 2698 1067 2888 1141; x_wconf 70' lang='lat' dir='ltr'><strong>inierat</strong></span> <span class='ocrx_word' id='word_1_608' title='bbox 2935 1069 3001 1122; x_wconf 88' lang='lat' dir='ltr'><strong>ad</strong></span> <span class='ocrx_word' id='word_1_609' title='bbox 3046 1061 3442 1130; x_wconf 57' lang='lat' dir='ltr'><strong>divini&#39;cttllns</strong></span> 
     </span>
    </p>
   </div>
   <div class='ocr_carea' id='block_1_86' title="bbox 1876 1132 3440 1212">
    <p class='ocr_par' dir='ltr' id='par_1_86' title="bbox 1876 1132 3440 1212">
     <span class='ocr_line' id='line_1_86' title="bbox 1876 1132 3440 1212; baseline 0.01 -30"><span class='ocrx_word' id='word_1_610' title='bbox 1876 1132 2142 1212; x_wconf 76' lang='lat' dir='ltr'><strong>iniuriam,</strong></span> <span class='ocrx_word' id='word_1_611' title='bbox 2198 1132 2248 1184; x_wconf 93' lang='lat' dir='ltr'><strong>iu</strong></span> <span class='ocrx_word' id='word_1_612' title='bbox 2281 1135 2556 1212; x_wconf 54' lang='lat' dir='ltr'><strong>convictos</strong></span> <span class='ocrx_word' id='word_1_613' title='bbox 2597 1138 2710 1212; x_wconf 87' lang='lat' dir='ltr'><strong>sive</strong></span> <span class='ocrx_word' id='word_1_614' title='bbox 2758 1138 3030 1212; x_wconf 80' lang='lat' dir='ltr'><strong>confessos</strong></span> <span class='ocrx_word' id='word_1_615' title='bbox 3060 1157 3181 1196; x_wconf 90' lang='lat' dir='ltr'><strong>reos</strong></span> <span class='ocrx_word' id='word_1_616' title='bbox 3226 1145 3440 1212; x_wconf 84' lang='lat' dir='ltr'><strong>capitali</strong></span> 
     </span>
    </p>
   </div>
   <div class='ocr_carea' id='block_1_87' title="bbox 1873 1202 3444 1281">
    <p class='ocr_par' dir='ltr' id='par_1_87' title="bbox 1873 1202 3444 1281">
     <span class='ocr_line' id='line_1_87' title="bbox 1873 1202 3444 1281; baseline 0.008 -28"><span class='ocrx_word' id='word_1_617' title='bbox 1873 1202 2133 1281; x_wconf 76' lang='lat' dir='ltr'><strong>sententia</strong></span> <span class='ocrx_word' id='word_1_618' title='bbox 2158 1204 2368 1281; x_wconf 73' lang='lat' dir='ltr'><strong>noverit</strong></span> <span class='ocrx_word' id='word_1_619' title='bbox 2406 1204 2955 1281; x_wconf 72' lang='lat' dir='ltr'><strong>vindicandunt._l\‘ec</strong></span> <span class='ocrx_word' id='word_1_620' title='bbox 2997 1202 3329 1280; x_wconf 72' lang='lat' dir='ltr'><strong>expectetur,</strong></span> <span class='ocrx_word' id='word_1_621' title='bbox 3386 1221 3444 1269; x_wconf 85' lang='lat' dir='ltr'><strong>ut</strong></span> 
     </span>
    </p>
   </div>
   <div class='ocr_carea' id='block_1_88' title="bbox 1873 1271 3442 1350">
    <p class='ocr_par' dir='ltr' id='par_1_88' title="bbox 1873 1271 3442 1350">
     <span class='ocr_line' id='line_1_88' title="bbox 1873 1271 3442 1350; baseline 0.011 -28"><span class='ocrx_word' id='word_1_622' title='bbox 1873 1271 2701 1350; x_wconf 61' lang='lat' dir='ltr'><strong>episcopusiniuriaepropriae</strong></span> <span class='ocrx_word' id='word_1_623' title='bbox 2737 1278 2990 1350; x_wconf 83' lang='lat' dir='ltr'><strong>ultionem</strong></span> <span class='ocrx_word' id='word_1_624' title='bbox 3040 1271 3327 1350; x_wconf 47' lang='lat' dir='ltr'><strong>deposcat;</strong></span> <span class='ocrx_word' id='word_1_625' title='bbox 3357 1286 3442 1340; x_wconf 88' lang='lat' dir='ltr'><strong>cui</strong></span> 
     </span>
    </p>
   </div>
   <div class='ocr_carea' id='block_1_89' title="bbox 1871 1340 3443 1420">
    <p class='ocr_par' dir='ltr' id='par_1_89' title="bbox 1871 1340 3443 1420">
     <span class='ocr_line' id='line_1_89' title="bbox 1871 1340 3443 1420; baseline 0.01 -27"><span class='ocrx_word' id='word_1_626' title='bbox 1871 1340 2128 1395; x_wconf 87' lang='lat' dir='ltr'><strong>sanctitas</strong></span> <span class='ocrx_word' id='word_1_627' title='bbox 2159 1340 2467 1420; x_wconf 76' lang='lat' dir='ltr'><strong>ignoscendi</strong></span> <span class='ocrx_word' id='word_1_628' title='bbox 2496 1345 2846 1420; x_wconf 29' lang='lat' dir='ltr'><strong>soli‘gloriam</strong></span> <span class='ocrx_word' id='word_1_629' title='bbox 2889 1340 3216 1420; x_wconf 62' lang='lat' dir='ltr'><strong>‘derelint&#39;tuit</strong></span> <span class='ocrx_word' id='word_1_630' title='bbox 3253 1340 3312 1405; x_wconf 75' lang='grc'><strong>⁶.’</strong></span> <span class='ocrx_word' id='word_1_631' title='bbox 3335 1354 3443 1408; x_wconf 85' lang='lat' dir='ltr'><strong>Sit-</strong></span> 
     </span>
    </p>
   </div>
   <div class='ocr_carea' id='block_1_90' title="bbox 1871 1412 3435 1489">
    <p class='ocr_par' dir='ltr' id='par_1_90' title="bbox 1871 1412 3435 1489">
     <span class='ocr_line' id='line_1_90' title="bbox 1871 1412 3435 1489; baseline 0.01 -26"><span class='ocrx_word' id='word_1_632' title='bbox 1871 1425 1976 1489; x_wconf 79' lang='lat' dir='ltr'><strong>que</strong></span> <span class='ocrx_word' id='word_1_633' title='bbox 2003 1412 2209 1465; x_wconf 85' lang='lat' dir='ltr'><strong>cunctis</strong></span> <span class='ocrx_word' id='word_1_634' title='bbox 2231 1428 2336 1467; x_wconf 90' lang='lat' dir='ltr'><strong>non</strong></span> <span class='ocrx_word' id='word_1_635' title='bbox 2359 1414 2812 1489; x_wconf 79' lang='lat' dir='ltr'><strong>solutn_lih_erum,</strong></span> <span class='ocrx_word' id='word_1_636' title='bbox 2843 1418 2938 1472; x_wconf 89' lang='lat' dir='ltr'><strong>sed</strong></span> <span class='ocrx_word' id='word_1_637' title='bbox 2966 1412 3129 1489; x_wconf 78' lang='lat' dir='ltr'><strong>etiam</strong></span> <span class='ocrx_word' id='word_1_638' title='bbox 3151 1423 3435 1489; x_wconf 86' lang='lat' dir='ltr'><strong>laudabile,</strong></span> 
     </span>
    </p>
   </div>
   <div class='ocr_carea' id='block_1_91' title="bbox 1872 1480 3434 1549">
    <p class='ocr_par' dir='ltr' id='par_1_91' title="bbox 1872 1480 3434 1549">
     <span class='ocr_line' id='line_1_91' title="bbox 1872 1480 3434 1549; baseline 0.011 -17"><span class='ocrx_word' id='word_1_639' title='bbox 1872 1480 2048 1533; x_wconf 85' lang='lat' dir='ltr'><strong>factas</strong></span> <span class='ocrx_word' id='word_1_640' title='bbox 2098 1491 2310 1536; x_wconf 89' lang='lat' dir='ltr'><strong>atroces</strong></span> <span class='ocrx_word' id='word_1_641' title='bbox 2363 1483 2734 1538; x_wconf 85' lang='lat' dir='ltr'><strong>sacerdotibus</strong></span> <span class='ocrx_word' id='word_1_642' title='bbox 2787 1480 2879 1546; x_wconf 84' lang='lat' dir='ltr'><strong>aut</strong></span> <span class='ocrx_word' id='word_1_643' title='bbox 2914 1488 3168 1544; x_wconf 87' lang='lat' dir='ltr'><strong>ministris</strong></span> <span class='ocrx_word' id='word_1_644' title='bbox 3215 1480 3434 1549; x_wconf 75' lang='lat' dir='ltr'><strong>iniurias</strong></span> 
     </span>
    </p>
   </div>
   <div class='ocr_carea' id='block_1_92' title="bbox 1872 1549 3438 1625">
    <p class='ocr_par' dir='ltr' id='par_1_92' title="bbox 1872 1549 3438 1625">
     <span class='ocr_line' id='line_1_92' title="bbox 1872 1549 3438 1625; baseline 0.011 -24"><span class='ocrx_word' id='word_1_645' title='bbox 1872 1549 2034 1625; x_wconf 80' lang='lat' dir='ltr'><strong>veluti</strong></span> <span class='ocrx_word' id='word_1_646' title='bbox 2072 1553 2342 1619; x_wconf 89' lang='lat' dir='ltr'><strong>publicum</strong></span> <span class='ocrx_word' id='word_1_647' title='bbox 2375 1555 2578 1608; x_wconf 89' lang='lat' dir='ltr'><strong>crimen</strong></span> <span class='ocrx_word' id='word_1_648' title='bbox 2610 1558 2861 1625; x_wconf 89' lang='lat' dir='ltr'><strong>persequi</strong></span> <span class='ocrx_word' id='word_1_649' title='bbox 2908 1571 2972 1612; x_wconf 88' lang='lat' dir='ltr'><strong>ac</strong></span> <span class='ocrx_word' id='word_1_650' title='bbox 3001 1560 3068 1614; x_wconf 91' lang='lat' dir='ltr'><strong>de</strong></span> <span class='ocrx_word' id='word_1_651' title='bbox 3111 1561 3305 1617; x_wconf 89' lang='lat' dir='ltr'><strong>talibus</strong></span> <span class='ocrx_word' id='word_1_652' title='bbox 3332 1565 3438 1619; x_wconf 87' lang='lat' dir='ltr'><strong>reis</strong></span> 
     </span>
    </p>
   </div>
   <div class='ocr_carea' id='block_1_93' title="bbox 1875 1620 2375 1678">
    <p class='ocr_par' dir='ltr' id='par_1_93' title="bbox 1875 1620 2375 1678">
     <span class='ocr_line' id='line_1_93' title="bbox 1875 1620 2375 1678; baseline 0.01 -6"><span class='ocrx_word' id='word_1_653' title='bbox 1875 1620 2133 1674; x_wconf 90' lang='lat' dir='ltr'><strong>ultionem</strong></span> <span class='ocrx_word' id='word_1_654' title='bbox 2164 1625 2375 1678; x_wconf 79' lang='lat' dir='ltr'><strong>mereri.</strong></span> 
     </span>
    </p>
   </div>
   <div class='ocr_carea' id='block_1_94' title="bbox 1938 1689 3438 1768">
    <p class='ocr_par' dir='ltr' id='par_1_94' title="bbox 1938 1689 3438 1768">
     <span class='ocr_line' id='line_1_94' title="bbox 1938 1689 3438 1768; baseline 0.01 -26"><span class='ocrx_word' id='word_1_655' title='bbox 1938 1689 2060 1743; x_wconf 66' lang='lat'><strong>407.</strong></span> <span class='ocrx_word' id='word_1_656' title='bbox 2093 1689 2242 1754; x_wconf 84' lang='lat' dir='ltr'><strong>Quod</strong></span> <span class='ocrx_word' id='word_1_657' title='bbox 2263 1695 2456 1768; x_wconf 75' lang='lat' dir='ltr'><strong>omnia,</strong></span> <span class='ocrx_word' id='word_1_658' title='bbox 2479 1710 2609 1764; x_wconf 84' lang='lat' dir='ltr'><strong>quae</strong></span> <span class='ocrx_word' id='word_1_659' title='bbox 2632 1694 3064 1768; x_wconf 51' lang='lat' dir='ltr'><strong>Dedo/feruntur,</strong></span> <span class='ocrx_word' id='word_1_660' title='bbox 3086 1701 3266 1768; x_wconf 85' lang='lat' dir='ltr'><strong>procul</strong></span> <span class='ocrx_word' id='word_1_661' title='bbox 3286 1701 3438 1758; x_wconf 80' lang='lat' dir='ltr'><strong>dubio</strong></span> 
     </span>
    </p>
   </div>
   <div class='ocr_carea' id='block_1_95' title="bbox 1869 1762 3440 1842">
    <p class='ocr_par' dir='ltr' id='par_1_95' title="bbox 1869 1762 3440 1842">
     <span class='ocr_line' id='line_1_95' title="bbox 1869 1762 3440 1842; baseline 0.008 -30"><span class='ocrx_word' id='word_1_662' title='bbox 1869 1768 1917 1812; x_wconf 89' lang='lat' dir='ltr'><strong>et</strong></span> <span class='ocrx_word' id='word_1_663' title='bbox 1939 1769 2325 1842; x_wconf 44' lang='lat' dir='ltr'><strong>congerantur:</strong></span> <span class='ocrx_word' id='word_1_664' title='bbox 2353 1762 2539 1817; x_wconf 81' lang='lat' dir='ltr'><strong>Omnia</strong></span> <span class='ocrx_word' id='word_1_665' title='bbox 2569 1779 2708 1834; x_wconf 88' lang='lat' dir='ltr'><strong>quae</strong></span> <span class='ocrx_word' id='word_1_666' title='bbox 2739 1762 2964 1842; x_wconf 73' lang='lat' dir='ltr'><strong>Domino</strong></span> <span class='ocrx_word' id='word_1_667' title='bbox 2990 1762 3409 1842; x_wconf 72' lang='lat' dir='ltr'><strong>olieruntur,pro</strong></span> <span class='ocrx_word' id='word_1_668' title='bbox 3428 1803 3440 1812; x_wconf 62' lang='grc' dir='ltr'><strong>ν</strong></span> 
     </span>
    </p>
   </div>
   <div class='ocr_carea' id='block_1_96' title="bbox 1871 1829 3439 1896">
    <p class='ocr_par' dir='ltr' id='par_1_96' title="bbox 1871 1829 3439 1896">
     <span class='ocr_line' id='line_1_96' title="bbox 1871 1829 3439 1896; baseline 0.008 -13"><span class='ocrx_word' id='word_1_669' title='bbox 1871 1829 1958 1883; x_wconf 85' lang='lat' dir='ltr'><strong>cui</strong></span> <span class='ocrx_word' id='word_1_670' title='bbox 1984 1830 2145 1884; x_wconf 91' lang='lat' dir='ltr'><strong>dubio</strong></span> <span class='ocrx_word' id='word_1_671' title='bbox 2178 1833 2402 1887; x_wconf 90' lang='lat' dir='ltr'><strong>Domino</strong></span> <span class='ocrx_word' id='word_1_672' title='bbox 2432 1829 2834 1890; x_wconf 74' lang='lat' dir='ltr'><strong>c0nsecrantur.</strong></span> <span class='ocrx_word' id='word_1_673' title='bbox 2866 1835 2928 1889; x_wconf 82' lang='lat' dir='ltr'><strong>Et</strong></span> <span class='ocrx_word' id='word_1_674' title='bbox 2977 1853 3085 1892; x_wconf 92' lang='lat' dir='ltr'><strong>non</strong></span> <span class='ocrx_word' id='word_1_675' title='bbox 3130 1829 3328 1895; x_wconf 47' lang='lat' dir='ltr'><strong>stilum.</strong></span> <span class='ocrx_word' id='word_1_676' title='bbox 3349 1856 3439 1896; x_wconf 85' lang='lat' dir='ltr'><strong>sa-</strong></span> 
     </span>
    </p>
   </div>
   <div class='ocr_carea' id='block_1_97' title="bbox 1866 1900 3438 1976">
    <p class='ocr_par' dir='ltr' id='par_1_97' title="bbox 1866 1900 3438 1976">
     <span class='ocr_line' id='line_1_97' title="bbox 1866 1900 3438 1976; baseline 0.008 -24"><span class='ocrx_word' id='word_1_677' title='bbox 1866 1900 2088 1964; x_wconf 72' lang='lat' dir='ltr'><strong>crificia,</strong></span> <span class='ocrx_word' id='word_1_678' title='bbox 2132 1916 2274 1969; x_wconf 86' lang='lat' dir='ltr'><strong>quae</strong></span> <span class='ocrx_word' id='word_1_679' title='bbox 2314 1917 2344 1956; x_wconf 92' lang='lat' dir='ltr'><strong>a</strong></span> <span class='ocrx_word' id='word_1_680' title='bbox 2385 1904 2768 1976; x_wconf 74' lang='lat' dir='ltr'><strong>sacerdotibus</strong></span> <span class='ocrx_word' id='word_1_681' title='bbox 2797 1921 2960 1976; x_wconf 89' lang='lat' dir='ltr'><strong>super</strong></span> <span class='ocrx_word' id='word_1_682' title='bbox 2993 1909 3164 1963; x_wconf 88' lang='lat' dir='ltr'><strong>altare</strong></span> <span class='ocrx_word' id='word_1_683' title='bbox 3210 1909 3438 1966; x_wconf 90' lang='lat' dir='ltr'><strong>Domino</strong></span> 
     </span>
    </p>
   </div>
   <div class='ocr_carea' id='block_1_98' title="bbox 1867 1973 3437 2035">
    <p class='ocr_par' dir='ltr' id='par_1_98' title="bbox 1867 1973 3437 2035">
     <span class='ocr_line' id='line_1_98' title="bbox 1867 1973 3437 2035; baseline 0.009 -14"><span class='ocrx_word' id='word_1_684' title='bbox 1867 1981 2290 2035; x_wconf 83' lang='lat' dir='ltr'><strong>consecrantur,</strong></span> <span class='ocrx_word' id='word_1_685' title='bbox 2350 1973 2655 2029; x_wconf 88' lang='lat' dir='ltr'><strong>oblationes</strong></span> <span class='ocrx_word' id='word_1_686' title='bbox 2707 1973 2939 2030; x_wconf 80' lang='lat' dir='ltr'><strong>ﬁdelium</strong></span> <span class='ocrx_word' id='word_1_687' title='bbox 2988 1977 3282 2034; x_wconf 90' lang='lat' dir='ltr'><strong>dicuntur:</strong></span> <span class='ocrx_word' id='word_1_688' title='bbox 3341 1983 3437 2035; x_wconf 80' lang='lat' dir='ltr'><strong>sed</strong></span> 
     </span>
    </p>
   </div>
   <div class='ocr_carea' id='block_1_99' title="bbox 1865 2039 3433 2120">
    <p class='ocr_par' dir='ltr' id='par_1_99' title="bbox 1865 2039 3433 2120">
     <span class='ocr_line' id='line_1_99' title="bbox 1865 2039 3433 2120; baseline 0.009 -29"><span class='ocrx_word' id='word_1_689' title='bbox 1865 2039 2114 2120; x_wconf 77' lang='lat' dir='ltr'><strong>quicquid</strong></span> <span class='ocrx_word' id='word_1_690' title='bbox 2147 2043 2194 2120; x_wconf 83' lang='lat' dir='ltr'><strong>e_i</strong></span> <span class='ocrx_word' id='word_1_691' title='bbox 2227 2057 2257 2096; x_wconf 90' lang='lat' dir='ltr'><strong>a</strong></span> <span class='ocrx_word' id='word_1_692' title='bbox 2288 2041 2781 2120; x_wconf 28' lang='lat' dir='ltr'><strong>lidelibushol‘iertur</strong></span> <span class='ocrx_word' id='word_1_693' title='bbox 2815 2047 2857 2120; x_wconf 85' lang='lat'><strong>&#39;_&#39;,</strong></span> <span class='ocrx_word' id='word_1_694' title='bbox 2900 2050 3015 2101; x_wconf 86' lang='lat' dir='ltr'><strong>sive</strong></span> <span class='ocrx_word' id='word_1_695' title='bbox 3047 2048 3099 2102; x_wconf 93' lang='lat' dir='ltr'><strong>in</strong></span> <span class='ocrx_word' id='word_1_696' title='bbox 3130 2050 3433 2119; x_wconf 88' lang='lat' dir='ltr'><strong>mancipiis,</strong></span> 
     </span>
    </p>
   </div>
   <div class='ocr_carea' id='block_1_100' title="bbox 1864 2111 3434 2188">
    <p class='ocr_par' dir='ltr' id='par_1_100' title="bbox 1864 2111 3434 2188">
     <span class='ocr_line' id='line_1_100' title="bbox 1864 2111 3434 2188; baseline 0.008 -27"><span class='ocrx_word' id='word_1_697' title='bbox 1864 2111 1978 2188; x_wconf 73' lang='lat' dir='ltr'><strong>sive</strong></span> <span class='ocrx_word' id='word_1_698' title='bbox 2001 2111 2240 2188; x_wconf 28' lang='lat' dir='ltr'><strong>iunagris,</strong></span> <span class='ocrx_word' id='word_1_699' title='bbox 2276 2113 2464 2188; x_wconf 64' lang='lat' dir='ltr'><strong>vitreis,</strong></span> <span class='ocrx_word' id='word_1_700' title='bbox 2497 2115 2661 2188; x_wconf 80' lang='lat' dir='ltr'><strong>silvis,</strong></span> <span class='ocrx_word' id='word_1_701' title='bbox 2697 2116 3072 2188; x_wconf 15' lang='lat' dir='ltr'><strong>pratis,raquis</strong></span> <span class='ocrx_word' id='word_1_702' title='bbox 3101 2111 3434 2188; x_wconf 79' lang='lat' dir='ltr'><strong>aqttarumve</strong></span> 
     </span>
    </p>
   </div>
   <div class='ocr_carea' id='block_1_101' title="bbox 1863 2179 3429 2257">
    <p class='ocr_par' dir='ltr' id='par_1_101' title="bbox 1863 2179 3429 2257">
     <span class='ocr_line' id='line_1_101' title="bbox 1863 2179 3429 2257; baseline 0.009 -27"><span class='ocrx_word' id='word_1_703' title='bbox 1863 2179 2195 2257; x_wconf 67' lang='lat' dir='ltr'><strong>(iecur-sibus,</strong></span> <span class='ocrx_word' id='word_1_704' title='bbox 2228 2181 2487 2257; x_wconf 80' lang='lat' dir='ltr'><strong>artiﬁciis,</strong></span> <span class='ocrx_word' id='word_1_705' title='bbox 2528 2179 2709 2257; x_wconf 56' lang='lat' dir='ltr'><strong>libris,</strong></span> <span class='ocrx_word' id='word_1_706' title='bbox 2740 2179 3071 2257; x_wconf 68' lang='lat' dir='ltr'><strong>utcnSililius,</strong></span> <span class='ocrx_word' id='word_1_707' title='bbox 3104 2179 3284 2257; x_wconf 76' lang='lat' dir='ltr'><strong>petris,</strong></span> <span class='ocrx_word' id='word_1_708' title='bbox 3335 2204 3429 2244; x_wconf 89' lang='lat' dir='ltr'><strong>ae-</strong></span> 
     </span>
    </p>
   </div>
   <div class='ocr_carea' id='block_1_102' title="bbox 1866 2247 3430 2325">
    <p class='ocr_par' dir='ltr' id='par_1_102' title="bbox 1866 2247 3430 2325">
     <span class='ocr_line' id='line_1_102' title="bbox 1866 2247 3430 2325; baseline 0.007 -23"><span class='ocrx_word' id='word_1_709' title='bbox 1866 2247 2076 2325; x_wconf 84' lang='lat' dir='ltr'><strong>diliciis,</strong></span> <span class='ocrx_word' id='word_1_710' title='bbox 2108 2251 2460 2325; x_wconf 81' lang='lat' dir='ltr'><strong>vestimentis,</strong></span> <span class='ocrx_word' id='word_1_711' title='bbox 2510 2253 2754 2325; x_wconf 80' lang='lat' dir='ltr'><strong>pellibus,</strong></span> <span class='ocrx_word' id='word_1_712' title='bbox 2806 2247 3071 2317; x_wconf 67' lang='lat' dir='ltr'><strong>lauiliciis.</strong></span> <span class='ocrx_word' id='word_1_713' title='bbox 3104 2247 3430 2325; x_wconf 61' lang='lat' dir='ltr'><strong>&#39;pecoribus,</strong></span> 
     </span>
    </p>
   </div>
   <div class='ocr_carea' id='block_1_103' title="bbox 1867 2321 3430 2392">
    <p class='ocr_par' dir='ltr' id='par_1_103' title="bbox 1867 2321 3430 2392">
     <span class='ocr_line' id='line_1_103' title="bbox 1867 2321 3430 2392; baseline 0.008 -21"><span class='ocrx_word' id='word_1_714' title='bbox 1867 2321 2097 2387; x_wconf 78' lang='lat' dir='ltr'><strong>pascuis,</strong></span> <span class='ocrx_word' id='word_1_715' title='bbox 2122 2321 2464 2392; x_wconf 85' lang='lat' dir='ltr'><strong>membranis.</strong></span> <span class='ocrx_word' id='word_1_716' title='bbox 2511 2321 2800 2379; x_wconf 82' lang='lat' dir='ltr'><strong>mobilibus</strong></span> <span class='ocrx_word' id='word_1_717' title='bbox 2831 2333 2884 2379; x_wconf 89' lang='lat' dir='ltr'><strong>et</strong></span> <span class='ocrx_word' id='word_1_718' title='bbox 2933 2321 3310 2392; x_wconf 85' lang='lat' dir='ltr'><strong>immobilibus,</strong></span> <span class='ocrx_word' id='word_1_719' title='bbox 3347 2321 3430 2383; x_wconf 85' lang='lat' dir='ltr'><strong>vel</strong></span> 
     </span>
    </p>
   </div>
   <div class='ocr_carea' id='block_1_104' title="bbox 1863 2390 3433 2458">
    <p class='ocr_par' dir='ltr' id='par_1_104' title="bbox 1863 2390 3433 2458">
     <span class='ocr_line' id='line_1_104' title="bbox 1863 2390 3433 2458; baseline 0.006 -16"><span class='ocrx_word' id='word_1_720' title='bbox 1863 2403 2230 2458; x_wconf 87' lang='lat' dir='ltr'><strong>quaecumque</strong></span> <span class='ocrx_word' id='word_1_721' title='bbox 2257 2390 2322 2443; x_wconf 91' lang='lat' dir='ltr'><strong>de</strong></span> <span class='ocrx_word' id='word_1_722' title='bbox 2349 2392 2431 2444; x_wconf 87' lang='lat' dir='ltr'><strong>his</strong></span> <span class='ocrx_word' id='word_1_723' title='bbox 2457 2393 2632 2455; x_wconf 84' lang='lat' dir='ltr'><strong>rebus,</strong></span> <span class='ocrx_word' id='word_1_724' title='bbox 2659 2409 2796 2458; x_wconf 89' lang='lat' dir='ltr'><strong>quae</strong></span> <span class='ocrx_word' id='word_1_725' title='bbox 2824 2395 2888 2447; x_wconf 87' lang='lat' dir='ltr'><strong>ad</strong></span> <span class='ocrx_word' id='word_1_726' title='bbox 2925 2395 3134 2450; x_wconf 88' lang='lat' dir='ltr'><strong>laudent</strong></span> <span class='ocrx_word' id='word_1_727' title='bbox 3176 2396 3268 2450; x_wconf 85' lang='lat' dir='ltr'><strong>Dei</strong></span> <span class='ocrx_word' id='word_1_728' title='bbox 3299 2390 3433 2452; x_wconf 82' lang='lat' dir='ltr'><strong>lium</strong></span> 
     </span>
    </p>
   </div>
   <div class='ocr_carea' id='block_1_105' title="bbox 1863 2459 3430 2536">
    <p class='ocr_par' dir='ltr' id='par_1_105' title="bbox 1863 2459 3430 2536">
     <span class='ocr_line' id='line_1_105' title="bbox 1863 2459 3430 2536; baseline 0.006 -24"><span class='ocrx_word' id='word_1_729' title='bbox 1863 2459 1944 2514; x_wconf 90' lang='lat' dir='ltr'><strong>vel</strong></span> <span class='ocrx_word' id='word_1_730' title='bbox 1972 2459 2400 2536; x_wconf 78' lang='lat' dir='ltr'><strong>supplementum</strong></span> <span class='ocrx_word' id='word_1_731' title='bbox 2429 2473 2647 2518; x_wconf 87' lang='lat' dir='ltr'><strong>sanctae</strong></span> <span class='ocrx_word' id='word_1_732' title='bbox 2677 2459 2770 2517; x_wconf 88' lang='lat' dir='ltr'><strong>Dei</strong></span> <span class='ocrx_word' id='word_1_733' title='bbox 2805 2465 3065 2520; x_wconf 87' lang='lat' dir='ltr'><strong>ecclesiae</strong></span> <span class='ocrx_word' id='word_1_734' title='bbox 3092 2467 3312 2536; x_wconf 81' lang='lat' dir='ltr'><strong>eiusque</strong></span> <span class='ocrx_word' id='word_1_735' title='bbox 3339 2483 3430 2522; x_wconf 89' lang='lat' dir='ltr'><strong>sa-</strong></span> 
     </span>
    </p>
   </div>
   <div class='ocr_carea' id='block_1_106' title="bbox 1861 2529 3432 2604">
    <p class='ocr_par' dir='ltr' id='par_1_106' title="bbox 1861 2529 3432 2604">
     <span class='ocr_line' id='line_1_106' title="bbox 1861 2529 3432 2604; baseline 0.006 -21"><span class='ocrx_word' id='word_1_736' title='bbox 1861 2529 2169 2604; x_wconf 78' lang='lat' dir='ltr'><strong>cerdotibus</strong></span> <span class='ocrx_word' id='word_1_737' title='bbox 2195 2538 2356 2599; x_wconf 89' lang='lat' dir='ltr'><strong>atque</strong></span> <span class='ocrx_word' id='word_1_738' title='bbox 2384 2540 2626 2586; x_wconf 87' lang='lat' dir='ltr'><strong>ornatum</strong></span> <span class='ocrx_word' id='word_1_739' title='bbox 2655 2544 2895 2602; x_wconf 87' lang='lat' dir='ltr'><strong>prestare</strong></span> <span class='ocrx_word' id='word_1_740' title='bbox 2941 2547 3181 2604; x_wconf 77' lang='lat' dir='ltr'><strong>possunt,</strong></span> <span class='ocrx_word' id='word_1_741' title='bbox 3204 2529 3432 2592; x_wconf 82' lang='lat' dir='ltr'><strong>Domino</strong></span> 
     </span>
    </p>
   </div>
   <div class='ocr_carea' id='block_1_107' title="bbox 1862 2600 3436 2674">
    <p class='ocr_par' dir='ltr' id='par_1_107' title="bbox 1862 2600 3436 2674">
     <span class='ocr_line' id='line_1_107' title="bbox 1862 2600 3436 2674; baseline 0.004 -20"><span class='ocrx_word' id='word_1_742' title='bbox 1862 2600 2234 2674; x_wconf 68' lang='lat' dir='ltr'><strong>ecclesiaeque</strong></span> <span class='ocrx_word' id='word_1_743' title='bbox 2258 2604 2460 2674; x_wconf 76' lang='lat' dir='ltr'><strong>suae&quot;</strong></span> <span class='ocrx_word' id='word_1_744' title='bbox 2504 2617 2534 2655; x_wconf 89' lang='lat' dir='ltr'><strong>a</strong></span> <span class='ocrx_word' id='word_1_745' title='bbox 2575 2600 2993 2674; x_wconf 83' lang='lat' dir='ltr'><strong>quibuscumque</strong></span> <span class='ocrx_word' id='word_1_746' title='bbox 3019 2600 3176 2660; x_wconf 51' lang='lat' dir='ltr'><strong>ultro&#39;</strong></span> <span class='ocrx_word' id='word_1_747' title='bbox 3200 2605 3436 2661; x_wconf 78' lang='lat' dir='ltr'><strong>offerun-</strong></span> 
     </span>
    </p>
   </div>
   <div class='ocr_carea' id='block_1_108' title="bbox 1863 2668 3438 2744">
    <p class='ocr_par' dir='ltr' id='par_1_108' title="bbox 1863 2668 3438 2744">
     <span class='ocr_line' id='line_1_108' title="bbox 1863 2668 3438 2744; baseline 0.006 -22"><span class='ocrx_word' id='word_1_748' title='bbox 1863 2676 1971 2744; x_wconf 86' lang='lat' dir='ltr'><strong>tur,</strong></span> <span class='ocrx_word' id='word_1_749' title='bbox 2004 2668 2616 2744; x_wconf 70' lang='lat' dir='ltr'><strong>Dominoindubitanter</strong></span> <span class='ocrx_word' id='word_1_750' title='bbox 2631 2668 3012 2744; x_wconf 74' lang='lat' dir='ltr'><strong>consecrantur</strong></span> <span class='ocrx_word' id='word_1_751' title='bbox 3031 2686 3086 2728; x_wconf 89' lang='lat' dir='ltr'><strong>et</strong></span> <span class='ocrx_word' id='word_1_752' title='bbox 3113 2675 3178 2730; x_wconf 91' lang='lat' dir='ltr'><strong>ad</strong></span> <span class='ocrx_word' id='word_1_753' title='bbox 3205 2676 3285 2729; x_wconf 92' lang='lat' dir='ltr'><strong>ius</strong></span> <span class='ocrx_word' id='word_1_754' title='bbox 3313 2692 3438 2744; x_wconf 89' lang='lat' dir='ltr'><strong>per-</strong></span> 
     </span>
    </p>
   </div>
   <div class='ocr_carea' id='block_1_109' title="bbox 1863 2739 3434 2813">
    <p class='ocr_par' dir='ltr' id='par_1_109' title="bbox 1863 2739 3434 2813">
     <span class='ocr_line' id='line_1_109' title="bbox 1863 2739 3434 2813; baseline 0.006 -21"><span class='ocrx_word' id='word_1_755' title='bbox 1863 2739 2036 2793; x_wconf 88' lang='lat' dir='ltr'><strong>tinent</strong></span> <span class='ocrx_word' id='word_1_756' title='bbox 2062 2740 2420 2796; x_wconf 84' lang='lat' dir='ltr'><strong>sacerdomm.</strong></span> <span class='ocrx_word' id='word_1_757' title='bbox 2449 2741 2513 2796; x_wconf 89' lang='lat' dir='ltr'><strong>Et</strong></span> <span class='ocrx_word' id='word_1_758' title='bbox 2559 2747 2684 2813; x_wconf 87' lang='lat' dir='ltr'><strong>quia</strong></span> <span class='ocrx_word' id='word_1_759' title='bbox 2728 2741 2998 2799; x_wconf 89' lang='lat' dir='ltr'><strong>Christum</strong></span> <span class='ocrx_word' id='word_1_760' title='bbox 3051 2753 3108 2800; x_wconf 90' lang='lat' dir='ltr'><strong>et</strong></span> <span class='ocrx_word' id='word_1_761' title='bbox 3146 2739 3434 2801; x_wconf 79' lang='lat' dir='ltr'><strong>ecclesiam</strong></span> 
     </span>
    </p>
   </div>
   <div class='ocr_carea' id='block_1_110' title="bbox 1865 2814 3432 2887">
    <p class='ocr_par' dir='ltr' id='par_1_110' title="bbox 1865 2814 3432 2887">
     <span class='ocr_line' id='line_1_110' title="bbox 1865 2814 3432 2887; baseline 0.006 -25"><span class='ocrx_word' id='word_1_762' title='bbox 1865 2825 2020 2863; x_wconf 92' lang='lat' dir='ltr'><strong>unam</strong></span> <span class='ocrx_word' id='word_1_763' title='bbox 2063 2825 2346 2887; x_wconf 78' lang='lat' dir='ltr'><strong>personam</strong></span> <span class='ocrx_word' id='word_1_764' title='bbox 2389 2827 2507 2868; x_wconf 89' lang='lat' dir='ltr'><strong>esse</strong></span> <span class='ocrx_word' id='word_1_765' title='bbox 2540 2814 2804 2887; x_wconf 76' lang='lat' dir='ltr'><strong>veraciter</strong></span> <span class='ocrx_word' id='word_1_766' title='bbox 2848 2816 3208 2884; x_wconf 77' lang='lat' dir='ltr'><strong>agnoscimus,</strong></span> <span class='ocrx_word' id='word_1_767' title='bbox 3261 2833 3432 2887; x_wconf 81' lang='lat' dir='ltr'><strong>quae-</strong></span> 
     </span>
    </p>
   </div>
   <div class='ocr_carea' id='block_1_111' title="bbox 1860 2881 3434 2954">
    <p class='ocr_par' dir='ltr' id='par_1_111' title="bbox 1860 2881 3434 2954">
     <span class='ocr_line' id='line_1_111' title="bbox 1860 2881 3434 2954; baseline 0.003 -20"><span class='ocrx_word' id='word_1_768' title='bbox 1860 2881 2542 2954; x_wconf 79' lang='lat' dir='ltr'><strong>cumqueecclesiaesunt,</strong></span> <span class='ocrx_word' id='word_1_769' title='bbox 2571 2883 2768 2938; x_wconf 76' lang='lat' dir='ltr'><strong>Christi</strong></span> <span class='ocrx_word' id='word_1_770' title='bbox 2809 2881 2962 2949; x_wconf 76' lang='lat' dir='ltr'><strong>sutit&#39;;</strong></span> <span class='ocrx_word' id='word_1_771' title='bbox 2997 2896 3051 2941; x_wconf 90' lang='lat' dir='ltr'><strong>et</strong></span> <span class='ocrx_word' id='word_1_772' title='bbox 3088 2881 3228 2954; x_wconf 85' lang='lat' dir='ltr'><strong>quae</strong></span> <span class='ocrx_word' id='word_1_773' title='bbox 3255 2881 3434 2943; x_wconf 73' lang='lat' dir='ltr'><strong>eccle-</strong></span> 
     </span>
    </p>
   </div>
   <div class='ocr_carea' id='block_1_112' title="bbox 1860 2949 3436 3024">
    <p class='ocr_par' dir='ltr' id='par_1_112' title="bbox 1860 2949 3436 3024">
     <span class='ocr_line' id='line_1_112' title="bbox 1860 2949 3436 3024; baseline 0.006 -23"><span class='ocrx_word' id='word_1_774' title='bbox 1860 2952 1973 3024; x_wconf 83' lang='lat' dir='ltr'><strong>siae</strong></span> <span class='ocrx_word' id='word_1_775' title='bbox 2001 2949 2155 3024; x_wconf 89' lang='lat' dir='ltr'><strong>vel_in</strong></span> <span class='ocrx_word' id='word_1_776' title='bbox 2188 2952 2508 3024; x_wconf 58' lang='lat' dir='ltr'><strong>supradictis</strong></span> <span class='ocrx_word' id='word_1_777' title='bbox 2538 2954 2621 3007; x_wconf 87' lang='lat' dir='ltr'><strong>vel</strong></span> <span class='ocrx_word' id='word_1_778' title='bbox 2671 2953 2722 3007; x_wconf 92' lang='lat' dir='ltr'><strong>in</strong></span> <span class='ocrx_word' id='word_1_779' title='bbox 2751 2949 3176 3024; x_wconf 84' lang='lat' dir='ltr'><strong>quibuscumque</strong></span> <span class='ocrx_word' id='word_1_780' title='bbox 3227 2958 3436 3024; x_wconf 87' lang='lat' dir='ltr'><strong>specie-</strong></span> 
     </span>
    </p>
   </div>
   <div class='ocr_carea' id='block_1_113' title="bbox 1861 3019 3431 3092">
    <p class='ocr_par' dir='ltr' id='par_1_113' title="bbox 1861 3019 3431 3092">
     <span class='ocr_line' id='line_1_113' title="bbox 1861 3019 3431 3092; baseline 0.004 -18"><span class='ocrx_word' id='word_1_781' title='bbox 1861 3019 2166 3092; x_wconf 76' lang='lat' dir='ltr'><strong>bus_,_sive</strong></span> <span class='ocrx_word' id='word_1_782' title='bbox 2224 3021 2694 3087; x_wconf 85' lang='lat' dir='ltr'><strong>pollicitationibus</strong></span> <span class='ocrx_word' id='word_1_783' title='bbox 2748 3019 2861 3077; x_wconf 84' lang='lat' dir='ltr'><strong>sive</strong></span> <span class='ocrx_word' id='word_1_784' title='bbox 2921 3019 3273 3092; x_wconf 48' lang='lat' dir='ltr'><strong>pignoribus.-</strong></span> <span class='ocrx_word' id='word_1_785' title='bbox 3315 3026 3431 3080; x_wconf 84' lang='lat' dir='ltr'><strong>sive</strong></span> 
     </span>
    </p>
   </div>
   <div class='ocr_carea' id='block_1_114' title="bbox 1860 3089 3431 3160">
    <p class='ocr_par' dir='ltr' id='par_1_114' title="bbox 1860 3089 3431 3160">
     <span class='ocr_line' id='line_1_114' title="bbox 1860 3089 3431 3160; baseline 0.006 -18"><span class='ocrx_word' id='word_1_786' title='bbox 1860 3089 2073 3160; x_wconf 80' lang='lat' dir='ltr'><strong>scriptis</strong></span> <span class='ocrx_word' id='word_1_787' title='bbox 2092 3089 2205 3142; x_wconf 88' lang='lat' dir='ltr'><strong>sive</strong></span> <span class='ocrx_word' id='word_1_788' title='bbox 2237 3092 2608 3160; x_wconf 90' lang='lat' dir='ltr'><strong>corporalibus</strong></span> <span class='ocrx_word' id='word_1_789' title='bbox 2658 3095 2818 3147; x_wconf 83' lang='lat' dir='ltr'><strong>rebus</strong></span> <span class='ocrx_word' id='word_1_790' title='bbox 2871 3089 3184 3158; x_wconf 70' lang='lat' dir='ltr'><strong>oﬂ‘eruntur,</strong></span> <span class='ocrx_word' id='word_1_791' title='bbox 3217 3096 3431 3151; x_wconf 88' lang='lat' dir='ltr'><strong>Christo</strong></span> 
     </span>
    </p>
   </div>
   <div class='ocr_carea' id='block_1_115' title="bbox 2350 3161 3435 3234">
    <p class='ocr_par' dir='ltr' id='par_1_115' title="bbox 2350 3161 3435 3234">
     <span class='ocr_line' id='line_1_115' title="bbox 2350 3161 3435 3234; baseline 0.008 -23"><span class='ocrx_word' id='word_1_792' title='bbox 2350 3176 2488 3230; x_wconf 88' lang='lat' dir='ltr'><strong>quae</strong></span> <span class='ocrx_word' id='word_1_793' title='bbox 2541 3162 2625 3234; x_wconf 92' lang='lat' dir='ltr'><strong>ab_</strong></span> <span class='ocrx_word' id='word_1_794' title='bbox 2657 3161 2885 3234; x_wconf 74' lang='lat' dir='ltr'><strong>ecclesia</strong></span> <span class='ocrx_word' id='word_1_795' title='bbox 2926 3163 3041 3219; x_wconf 91' lang='lat' dir='ltr'><strong>eius</strong></span> <span class='ocrx_word' id='word_1_796' title='bbox 3088 3180 3435 3234; x_wconf 89' lang='lat' dir='ltr'><strong>quocumque</strong></span> 
     </span>
    </p>
   </div>
   <div class='ocr_carea' id='block_1_116' title="bbox 1865 3228 3433 3300">
    <p class='ocr_par' dir='ltr' id='par_1_116' title="bbox 1865 3228 3433 3300">
     <span class='ocr_line' id='line_1_116' title="bbox 1865 3228 3433 3300; baseline 0.003 -16"><span class='ocrx_word' id='word_1_797' title='bbox 1865 3238 2172 3300; x_wconf 88' lang='lat' dir='ltr'><strong>commento</strong></span> <span class='ocrx_word' id='word_1_798' title='bbox 2201 3228 2502 3300; x_wconf 79' lang='lat' dir='ltr'><strong>alienantur</strong></span> <span class='ocrx_word' id='word_1_799' title='bbox 2544 3232 2629 3286; x_wconf 90' lang='lat' dir='ltr'><strong>vel</strong></span> <span class='ocrx_word' id='word_1_800' title='bbox 2658 3231 2935 3296; x_wconf 91' lang='lat' dir='ltr'><strong>tolluntur,</strong></span> <span class='ocrx_word' id='word_1_801' title='bbox 2983 3228 3433 3300; x_wconf 35' lang='lat' dir='ltr'><strong>sive—alienando,</strong></span> 
     </span>
    </p>
   </div>
   <div class='ocr_carea' id='block_1_117' title="bbox 1848 3299 3438 3372">
    <p class='ocr_par' dir='ltr' id='par_1_117' title="bbox 1848 3299 3438 3372">
     <span class='ocr_line' id='line_1_117' title="bbox 1848 3299 3438 3372; baseline 0.003 -18"><span class='ocrx_word' id='word_1_802' title='bbox 1848 3299 1975 3372; x_wconf 76' lang='lat' dir='ltr'><strong>&quot;sive</strong></span> <span class='ocrx_word' id='word_1_803' title='bbox 1997 3299 2276 3372; x_wconf 78' lang='lat' dir='ltr'><strong>vastando,</strong></span> <span class='ocrx_word' id='word_1_804' title='bbox 2309 3301 2421 3372; x_wconf 85' lang='lat' dir='ltr'><strong>sive</strong></span> <span class='ocrx_word' id='word_1_805' title='bbox 2446 3300 2768 3368; x_wconf 87' lang='lat' dir='ltr'><strong>iuvadendo,</strong></span> <span class='ocrx_word' id='word_1_806' title='bbox 2791 3304 2909 3372; x_wconf 67' lang='lat' dir='ltr'><strong>sive</strong></span> <span class='ocrx_word' id='word_1_807' title='bbox 2928 3304 3287 3372; x_wconf 6' lang='lat' dir='ltr'><strong>amittorando,</strong></span> <span class='ocrx_word' id='word_1_808' title='bbox 3325 3299 3438 3360; x_wconf 87' lang='lat' dir='ltr'><strong>sive</strong></span> 
     </span>
    </p>
   </div>
   <div class='ocr_carea' id='block_1_118' title="bbox 1865 3369 3440 3444">
    <p class='ocr_par' dir='ltr' id='par_1_118' title="bbox 1865 3369 3440 3444">
     <span class='ocr_line' id='line_1_118' title="bbox 1865 3369 3440 3444; baseline 0.003 -22"><span class='ocrx_word' id='word_1_809' title='bbox 1865 3369 2188 3444; x_wconf 80' lang='lat' dir='ltr'><strong>diripiendo,</strong></span> <span class='ocrx_word' id='word_1_810' title='bbox 2216 3369 2426 3444; x_wconf 83' lang='lat' dir='ltr'><strong>Christo</strong></span> <span class='ocrx_word' id='word_1_811' title='bbox 2459 3372 2738 3426; x_wconf 87' lang='lat' dir='ltr'><strong>tolluntur.</strong></span> <span class='ocrx_word' id='word_1_812' title='bbox 2789 3369 2849 3444; x_wconf 77' lang='lat' dir='ltr'><strong>Et</strong></span> <span class='ocrx_word' id='word_1_813' title='bbox 2894 3371 2938 3426; x_wconf 91' lang='lat' dir='ltr'><strong>si</strong></span> <span class='ocrx_word' id='word_1_814' title='bbox 2969 3376 3034 3425; x_wconf 88' lang='lat' dir='ltr'><strong>ab</strong></span> <span class='ocrx_word' id='word_1_815' title='bbox 3065 3378 3238 3429; x_wconf 90' lang='lat' dir='ltr'><strong>amico</strong></span> <span class='ocrx_word' id='word_1_816' title='bbox 3270 3369 3440 3444; x_wconf 82' lang='lat' dir='ltr'><strong>quip-</strong></span> 
     </span>
    </p>
   </div>
   <div class='ocr_carea' id='block_1_119' title="bbox 1865 3437 3440 3512">
    <p class='ocr_par' dir='ltr' id='par_1_119' title="bbox 1865 3437 3440 3512">
     <span class='ocr_line' id='line_1_119' title="bbox 1865 3437 3440 3512; baseline 0.003 -21"><span class='ocrx_word' id='word_1_817' title='bbox 1865 3437 2011 3509; x_wconf 81' lang='lat' dir='ltr'><strong>piant</strong></span> <span class='ocrx_word' id='word_1_818' title='bbox 2040 3453 2231 3512; x_wconf 79' lang='lat' dir='ltr'><strong>rapere</strong></span> <span class='ocrx_word' id='word_1_819' title='bbox 2263 3437 2460 3494; x_wconf 75' lang='lat' dir='ltr'><strong>furtum</strong></span> <span class='ocrx_word' id='word_1_820' title='bbox 2507 3452 2611 3506; x_wconf 79' lang='lat' dir='ltr'><strong>est,</strong></span> <span class='ocrx_word' id='word_1_821' title='bbox 2658 3442 2911 3512; x_wconf 88' lang='lat' dir='ltr'><strong>precipue</strong></span> <span class='ocrx_word' id='word_1_822' title='bbox 2950 3443 3163 3499; x_wconf 89' lang='lat' dir='ltr'><strong>Christo</strong></span> <span class='ocrx_word' id='word_1_823' title='bbox 3213 3437 3440 3498; x_wconf 77' lang='lat' dir='ltr'><strong>Domino</strong></span> 
     </span>
    </p>
   </div>
   <div class='ocr_carea' id='block_1_120' title="bbox 1866 3508 3445 3582">
    <p class='ocr_par' dir='ltr' id='par_1_120' title="bbox 1866 3508 3445 3582">
     <span class='ocr_line' id='line_1_120' title="bbox 1866 3508 3445 3582; baseline 0.004 -21"><span class='ocrx_word' id='word_1_824' title='bbox 1866 3508 2074 3582; x_wconf 78' lang='lat' dir='ltr'><strong>nostro,</strong></span> <span class='ocrx_word' id='word_1_825' title='bbox 2096 3508 2290 3582; x_wconf 68' lang='lat' dir='ltr'><strong>quiest</strong></span> <span class='ocrx_word' id='word_1_826' title='bbox 2317 3526 2410 3564; x_wconf 84' lang='lat' dir='ltr'><strong>rex</strong></span> <span class='ocrx_word' id='word_1_827' title='bbox 2443 3524 2626 3582; x_wconf 83' lang='lat' dir='ltr'><strong>regum</strong></span> <span class='ocrx_word' id='word_1_828' title='bbox 2656 3508 2712 3566; x_wconf 73' lang='lat' dir='ltr'><strong>et</strong></span> <span class='ocrx_word' id='word_1_829' title='bbox 2743 3508 2997 3582; x_wconf 81' lang='lat' dir='ltr'><strong>Dominus</strong></span> <span class='ocrx_word' id='word_1_830' title='bbox 3026 3513 3445 3582; x_wconf 84' lang='lat' dir='ltr'><strong>dominantium,</strong></span> 
     </span>
    </p>
   </div>
   <div class='ocr_carea' id='block_1_121' title="bbox 1865 3577 3443 3652">
    <p class='ocr_par' dir='ltr' id='par_1_121' title="bbox 1865 3577 3443 3652">
     <span class='ocr_line' id='line_1_121' title="bbox 1865 3577 3443 3652; baseline 0.005 -22"><span class='ocrx_word' id='word_1_831' title='bbox 1865 3579 2063 3652; x_wconf 78' lang='lat' dir='ltr'><strong>aliquid</strong></span> <span class='ocrx_word' id='word_1_832' title='bbox 2098 3577 2321 3652; x_wconf 82' lang='lat' dir='ltr'><strong>auferre</strong></span> <span class='ocrx_word' id='word_1_833' title='bbox 2373 3581 2455 3652; x_wconf 74' lang='lat' dir='ltr'><strong>yel</strong></span> <span class='ocrx_word' id='word_1_834' title='bbox 2488 3577 2744 3647; x_wconf 76' lang='lat' dir='ltr'><strong>alienare,</strong></span> <span class='ocrx_word' id='word_1_835' title='bbox 2775 3581 3053 3652; x_wconf 87' lang='lat' dir='ltr'><strong>subripere</strong></span> <span class='ocrx_word' id='word_1_836' title='bbox 3099 3584 3182 3637; x_wconf 89' lang='lat' dir='ltr'><strong>vel</strong></span> <span class='ocrx_word' id='word_1_837' title='bbox 3230 3577 3443 3638; x_wconf 60' lang='lat' dir='ltr'><strong>vastare</strong></span> 
     </span>
    </p>
   </div>
   <div class='ocr_carea' id='block_1_122' title="bbox 1865 3647 3448 3722">
    <p class='ocr_par' dir='ltr' id='par_1_122' title="bbox 1865 3647 3448 3722">
     <span class='ocr_line' id='line_1_122' title="bbox 1865 3647 3448 3722; baseline 0.004 -21"><span class='ocrx_word' id='word_1_838' title='bbox 1865 3649 2207 3722; x_wconf 75' lang='lat' dir='ltr'><strong>sacrilegium</strong></span> <span class='ocrx_word' id='word_1_839' title='bbox 2235 3659 2338 3704; x_wconf 92' lang='lat' dir='ltr'><strong>est.</strong></span> <span class='ocrx_word' id='word_1_840' title='bbox 2362 3647 2558 3704; x_wconf 84' lang='lat' dir='ltr'><strong>Omnes</strong></span> <span class='ocrx_word' id='word_1_841' title='bbox 2587 3665 2820 3719; x_wconf 89' lang='lat' dir='ltr'><strong>namque</strong></span> <span class='ocrx_word' id='word_1_842' title='bbox 2848 3647 3108 3708; x_wconf 80' lang='lat' dir='ltr'><strong>ecclesiae</strong></span> <span class='ocrx_word' id='word_1_843' title='bbox 3144 3668 3272 3722; x_wconf 87' lang='lat' dir='ltr'><strong>prae</strong></span> <span class='ocrx_word' id='word_1_844' title='bbox 3293 3655 3448 3708; x_wconf 81' lang='lat' dir='ltr'><strong>loues</strong></span> 
     </span>
    </p>
   </div>
   <div class='ocr_carea' id='block_1_123' title="bbox 1865 3719 3443 3790">
    <p class='ocr_par' dir='ltr' id='par_1_123' title="bbox 1865 3719 3443 3790">
     <span class='ocr_line' id='line_1_123' title="bbox 1865 3719 3443 3790; baseline 0.005 -20"><span class='ocrx_word' id='word_1_845' title='bbox 1865 3719 2300 3790; x_wconf 82' lang='lat' dir='ltr'><strong>manifestissime</strong></span> <span class='ocrx_word' id='word_1_846' title='bbox 2321 3722 2717 3790; x_wconf 10' lang='lat' dir='ltr'><strong>sunlrsacrilegi</strong></span> <span class='ocrx_word' id='word_1_847' title='bbox 2743 3738 2758 3785; x_wconf 91' lang='lat'>;</span> <span class='ocrx_word' id='word_1_848' title='bbox 2791 3732 2847 3774; x_wconf 86' lang='lat' dir='ltr'><strong>et</strong></span> <span class='ocrx_word' id='word_1_849' title='bbox 2872 3723 3048 3776; x_wconf 89' lang='lat' dir='ltr'><strong>nullus</strong></span> <span class='ocrx_word' id='word_1_850' title='bbox 3092 3738 3120 3775; x_wconf 90' lang='lat' dir='ltr'><strong>a</strong></span> <span class='ocrx_word' id='word_1_851' title='bbox 3146 3719 3443 3790; x_wconf 81' lang='lat' dir='ltr'><strong>sacrilegiis</strong></span> 
     </span>
    </p>
   </div>
   <div class='ocr_carea' id='block_1_124' title="bbox 1867 3788 3443 3861">
    <p class='ocr_par' dir='ltr' id='par_1_124' title="bbox 1867 3788 3443 3861">
     <span class='ocr_line' id='line_1_124' title="bbox 1867 3788 3443 3861; baseline 0.004 -22"><span class='ocrx_word' id='word_1_852' title='bbox 1867 3788 1966 3840; x_wconf 66' lang='lat' dir='ltr'><strong>nisi</strong></span> <span class='ocrx_word' id='word_1_853' title='bbox 1986 3803 2089 3861; x_wconf 83' lang='lat' dir='ltr'><strong>per</strong></span> <span class='ocrx_word' id='word_1_854' title='bbox 2117 3804 2306 3856; x_wconf 89' lang='lat' dir='ltr'><strong>puram</strong></span> <span class='ocrx_word' id='word_1_855' title='bbox 2356 3789 2742 3861; x_wconf 75' lang='lat' dir='ltr'><strong>probatumque</strong></span> <span class='ocrx_word' id='word_1_856' title='bbox 2772 3799 2930 3861; x_wconf 83' lang='lat' dir='ltr'><strong>atque</strong></span> <span class='ocrx_word' id='word_1_857' title='bbox 2959 3791 3224 3861; x_wconf 86' lang='lat' dir='ltr'><strong>publicam</strong></span> <span class='ocrx_word' id='word_1_858' title='bbox 3259 3788 3443 3859; x_wconf 79' lang='lat' dir='ltr'><strong>poeni-</strong></span> 
     </span>
    </p>
   </div>
   <div class='ocr_carea' id='block_1_125' title="bbox 1868 3858 3445 3930">
    <p class='ocr_par' dir='ltr' id='par_1_125' title="bbox 1868 3858 3445 3930">
     <span class='ocr_line' id='line_1_125' title="bbox 1868 3858 3445 3930; baseline 0.004 -21"><span class='ocrx_word' id='word_1_859' title='bbox 1868 3858 2087 3910; x_wconf 88' lang='lat' dir='ltr'><strong>tentiam</strong></span> <span class='ocrx_word' id='word_1_860' title='bbox 2115 3867 2168 3911; x_wconf 88' lang='lat' dir='ltr'><strong>et</strong></span> <span class='ocrx_word' id='word_1_861' title='bbox 2191 3873 2287 3928; x_wconf 90' lang='lat' dir='ltr'><strong>per</strong></span> <span class='ocrx_word' id='word_1_862' title='bbox 2306 3859 2563 3930; x_wconf 84' lang='lat' dir='ltr'><strong>ecclesiae</strong></span> <span class='ocrx_word' id='word_1_863' title='bbox 2585 3858 3002 3930; x_wconf 70' lang='lat' dir='ltr'><strong>satisfactionem</strong></span> <span class='ocrx_word' id='word_1_864' title='bbox 3033 3858 3445 3930; x_wconf 59' lang='lat' dir='ltr'><strong>episcopOrumo</strong></span> 
     </span>
    </p>
   </div>
   <div class='ocr_carea' id='block_1_126' title="bbox 1865 3928 3439 3995">
    <p class='ocr_par' dir='ltr' id='par_1_126' title="bbox 1865 3928 3439 3995">
     <span class='ocr_line' id='line_1_126' title="bbox 1865 3928 3439 3995; baseline 0.003 -16"><span class='ocrx_word' id='word_1_865' title='bbox 1865 3941 1972 3994; x_wconf 93' lang='lat' dir='ltr'><strong>qtte</strong></span> <span class='ocrx_word' id='word_1_866' title='bbox 2001 3942 2097 3994; x_wconf 89' lang='lat' dir='ltr'><strong>per</strong></span> <span class='ocrx_word' id='word_1_867' title='bbox 2125 3943 2313 3981; x_wconf 86' lang='lat' dir='ltr'><strong>manus</strong></span> <span class='ocrx_word' id='word_1_868' title='bbox 2353 3928 2748 3995; x_wconf 89' lang='lat' dir='ltr'><strong>itupositionem</strong></span> <span class='ocrx_word' id='word_1_869' title='bbox 2788 3928 2935 3982; x_wconf 84' lang='lat' dir='ltr'><strong>iuxta</strong></span> <span class='ocrx_word' id='word_1_870' title='bbox 2981 3928 3267 3984; x_wconf 79' lang='lat' dir='ltr'><strong>canonicas</strong></span> <span class='ocrx_word' id='word_1_871' title='bbox 3313 3946 3439 3984; x_wconf 85' lang='lat' dir='ltr'><strong>san-</strong></span> 
     </span>
    </p>
   </div>
   <div class='ocr_carea' id='block_1_127' title="bbox 1866 3997 3441 4067">
    <p class='ocr_par' dir='ltr' id='par_1_127' title="bbox 1866 3997 3441 4067">
     <span class='ocr_line' id='line_1_127' title="bbox 1866 3997 3441 4067; baseline 0.002 -17"><span class='ocrx_word' id='word_1_872' title='bbox 1866 3998 2073 4050; x_wconf 91' lang='lat' dir='ltr'><strong>ctiones</strong></span> <span class='ocrx_word' id='word_1_873' title='bbox 2097 3997 2587 4051; x_wconf 85' lang='lat' dir='ltr'><strong>reconciliationem</strong></span> <span class='ocrx_word' id='word_1_874' title='bbox 2635 4012 2855 4060; x_wconf 72' lang='lat' dir='ltr'><strong>regnum</strong></span> <span class='ocrx_word' id='word_1_875' title='bbox 2884 3999 2977 4053; x_wconf 88' lang='lat' dir='ltr'><strong>Dei</strong></span> <span class='ocrx_word' id='word_1_876' title='bbox 3011 4001 3337 4067; x_wconf 82' lang='lat' dir='ltr'><strong>possidebit;</strong></span> <span class='ocrx_word' id='word_1_877' title='bbox 3385 4008 3441 4053; x_wconf 83' lang='lat' dir='ltr'><strong>et</strong></span> 
     </span>
    </p>
   </div>
   <div class='ocr_carea' id='block_1_128' title="bbox 1867 4067 3438 4134">
    <p class='ocr_par' dir='ltr' id='par_1_128' title="bbox 1867 4067 3438 4134">
     <span class='ocr_line' id='line_1_128' title="bbox 1867 4067 3438 4134; baseline 0.001 -14"><span class='ocrx_word' id='word_1_878' title='bbox 1867 4082 1973 4120; x_wconf 90' lang='lat' dir='ltr'><strong>non</strong></span> <span class='ocrx_word' id='word_1_879' title='bbox 1995 4067 2166 4120; x_wconf 89' lang='lat' dir='ltr'><strong>solum</strong></span> <span class='ocrx_word' id='word_1_880' title='bbox 2197 4081 2225 4118; x_wconf 92' lang='lat' dir='ltr'><strong>a</strong></span> <span class='ocrx_word' id='word_1_881' title='bbox 2257 4081 2421 4134; x_wconf 67' lang='lat' dir='ltr'><strong>regno</strong></span> <span class='ocrx_word' id='word_1_882' title='bbox 2453 4067 2544 4121; x_wconf 90' lang='lat' dir='ltr'><strong>Dei</strong></span> <span class='ocrx_word' id='word_1_883' title='bbox 2573 4068 2631 4120; x_wconf 86' lang='lat' dir='ltr'><strong>lit</strong></span> <span class='ocrx_word' id='word_1_884' title='bbox 2653 4067 2879 4132; x_wconf 88' lang='lat' dir='ltr'><strong>alienus,</strong></span> <span class='ocrx_word' id='word_1_885' title='bbox 2905 4069 2999 4122; x_wconf 85' lang='lat' dir='ltr'><strong>sed</strong></span> <span class='ocrx_word' id='word_1_886' title='bbox 3040 4068 3200 4122; x_wconf 89' lang='lat' dir='ltr'><strong>etiam</strong></span> <span class='ocrx_word' id='word_1_887' title='bbox 3232 4085 3261 4121; x_wconf 89' lang='lat' dir='ltr'><strong>a</strong></span> <span class='ocrx_word' id='word_1_888' title='bbox 3293 4069 3438 4122; x_wconf 80' lang='lat' dir='ltr'><strong>limi-</strong></span> 
     </span>
    </p>
   </div>
   <div class='ocr_carea' id='block_1_129' title="bbox 1867 4135 3434 4206">
    <p class='ocr_par' dir='ltr' id='par_1_129' title="bbox 1867 4135 3434 4206">
     <span class='ocr_line' id='line_1_129' title="bbox 1867 4135 3434 4206; baseline 0.002 -18"><span class='ocrx_word' id='word_1_889' title='bbox 1867 4137 2024 4190; x_wconf 87' lang='lat' dir='ltr'><strong>nibus</strong></span> <span class='ocrx_word' id='word_1_890' title='bbox 2050 4146 2271 4192; x_wconf 85' lang='lat' dir='ltr'><strong>sanctae</strong></span> <span class='ocrx_word' id='word_1_891' title='bbox 2292 4135 2551 4190; x_wconf 84' lang='lat' dir='ltr'><strong>ecclesiae</strong></span> <span class='ocrx_word' id='word_1_892' title='bbox 2577 4145 2631 4190; x_wconf 89' lang='lat' dir='ltr'><strong>et</strong></span> <span class='ocrx_word' id='word_1_893' title='bbox 2663 4137 2946 4205; x_wconf 86' lang='lat' dir='ltr'><strong>praecipue</strong></span> <span class='ocrx_word' id='word_1_894' title='bbox 2975 4138 3041 4192; x_wconf 91' lang='lat' dir='ltr'><strong>ab</strong></span> <span class='ocrx_word' id='word_1_895' title='bbox 3086 4138 3248 4204; x_wconf 87' lang='lat' dir='ltr'><strong>illius,</strong></span> <span class='ocrx_word' id='word_1_896' title='bbox 3272 4153 3434 4206; x_wconf 88' lang='lat' dir='ltr'><strong>quam</strong></span> 
     </span>
    </p>
   </div>
   <div class='ocr_carea' id='block_1_130' title="bbox 1867 4206 3443 4274">
    <p class='ocr_par' dir='ltr' id='par_1_130' title="bbox 1867 4206 3443 4274">
     <span class='ocr_line' id='line_1_130' title="bbox 1867 4206 3443 4274; baseline 0.001 -15"><span class='ocrx_word' id='word_1_897' title='bbox 1867 4206 2042 4272; x_wconf 75' lang='lat' dir='ltr'><strong>laesit,</strong></span> <span class='ocrx_word' id='word_1_898' title='bbox 2085 4221 2254 4270; x_wconf 82' lang='lat' dir='ltr'><strong>usque</strong></span> <span class='ocrx_word' id='word_1_899' title='bbox 2285 4207 2350 4260; x_wconf 90' lang='lat' dir='ltr'><strong>ad</strong></span> <span class='ocrx_word' id='word_1_900' title='bbox 2379 4207 2710 4274; x_wconf 86' lang='lat' dir='ltr'><strong>praedictam</strong></span> <span class='ocrx_word' id='word_1_901' title='bbox 2758 4206 3179 4261; x_wconf 76' lang='lat' dir='ltr'><strong>satisfactionem</strong></span> <span class='ocrx_word' id='word_1_902' title='bbox 3208 4209 3443 4262; x_wconf 83' lang='lat' dir='ltr'><strong>extorris</strong></span> 
     </span>
    </p>
   </div>
   <div class='ocr_carea' id='block_1_131' title="bbox 1867 4275 3442 4346">
    <p class='ocr_par' dir='ltr' id='par_1_131' title="bbox 1867 4275 3442 4346">
     <span class='ocr_line' id='line_1_131' title="bbox 1867 4275 3442 4346; baseline 0.001 -16"><span class='ocrx_word' id='word_1_903' title='bbox 1867 4276 2118 4330; x_wconf 84' lang='lat' dir='ltr'><strong>ellicitur.</strong></span> <span class='ocrx_word' id='word_1_904' title='bbox 2152 4275 2357 4330; x_wconf 90' lang='lat' dir='ltr'><strong>Talium</strong></span> <span class='ocrx_word' id='word_1_905' title='bbox 2383 4291 2510 4330; x_wconf 88' lang='lat' dir='ltr'><strong>vero</strong></span> <span class='ocrx_word' id='word_1_906' title='bbox 2539 4279 2799 4330; x_wconf 87' lang='lat' dir='ltr'><strong>scelerum</strong></span> <span class='ocrx_word' id='word_1_907' title='bbox 2822 4278 3183 4346; x_wconf 86' lang='lat' dir='ltr'><strong>patratoribus</strong></span> <span class='ocrx_word' id='word_1_908' title='bbox 3205 4277 3300 4331; x_wconf 92' lang='lat' dir='ltr'><strong>nisi</strong></span> <span class='ocrx_word' id='word_1_909' title='bbox 3320 4287 3442 4346; x_wconf 90' lang='lat' dir='ltr'><strong>post</strong></span> 
     </span>
    </p>
   </div>
   <div class='ocr_carea' id='block_1_132' title="bbox 1871 4345 3446 4416">
    <p class='ocr_par' dir='ltr' id='par_1_132' title="bbox 1871 4345 3446 4416">
     <span class='ocr_line' id='line_1_132' title="bbox 1871 4345 3446 4416; baseline 0.003 -16"><span class='ocrx_word' id='word_1_910' title='bbox 1871 4347 2194 4416; x_wconf 88' lang='lat' dir='ltr'><strong>praedictam</strong></span> <span class='ocrx_word' id='word_1_911' title='bbox 2249 4345 2672 4400; x_wconf 86' lang='lat' dir='ltr'><strong>satisfactionem</strong></span> <span class='ocrx_word' id='word_1_912' title='bbox 2725 4345 2834 4402; x_wconf 78' lang='lat' dir='ltr'><strong>nec</strong></span> <span class='ocrx_word' id='word_1_913' title='bbox 2878 4349 3012 4402; x_wconf 82' lang='lat' dir='ltr'><strong>vivis</strong></span> <span class='ocrx_word' id='word_1_914' title='bbox 3071 4363 3171 4402; x_wconf 89' lang='lat' dir='ltr'><strong>nec</strong></span> <span class='ocrx_word' id='word_1_915' title='bbox 3217 4345 3446 4404; x_wconf 81' lang='lat' dir='ltr'><strong>mortuis</strong></span> 
     </span>
    </p>
   </div>
   <div class='ocr_carea' id='block_1_133' title="bbox 1869 4416 3438 4489">
    <p class='ocr_par' dir='ltr' id='par_1_133' title="bbox 1869 4416 3438 4489">
     <span class='ocr_line' id='line_1_133' title="bbox 1869 4416 3438 4489; baseline 0.001 -19"><span class='ocrx_word' id='word_1_916' title='bbox 1869 4417 2266 4489; x_wconf 89' lang='lat' dir='ltr'><strong>communicare</strong></span> <span class='ocrx_word' id='word_1_917' title='bbox 2285 4416 2503 4489; x_wconf 86' lang='lat' dir='ltr'><strong>minime</strong></span> <span class='ocrx_word' id='word_1_918' title='bbox 2524 4417 2958 4489; x_wconf 41' lang='lat' dir='ltr'><strong>debemustquia</strong></span> <span class='ocrx_word' id='word_1_919' title='bbox 2986 4420 3075 4489; x_wconf 88' lang='lat' dir='ltr'><strong>qui</strong></span> <span class='ocrx_word' id='word_1_920' title='bbox 3107 4420 3246 4489; x_wconf 86' lang='lat' dir='ltr'><strong>rapit</strong></span> <span class='ocrx_word' id='word_1_921' title='bbox 3275 4433 3438 4488; x_wconf 88' lang='lat' dir='ltr'><strong>pecu-</strong></span> 
     </span>
    </p>
   </div>
   <div class='ocr_carea' id='block_1_134' title="bbox 1872 4487 3438 4558">
    <p class='ocr_par' dir='ltr' id='par_1_134' title="bbox 1872 4487 3438 4558">
     <span class='ocr_line' id='line_1_134' title="bbox 1872 4487 3438 4558; baseline -0.001 -17"><span class='ocrx_word' id='word_1_922' title='bbox 1872 4488 2014 4541; x_wconf 90' lang='lat' dir='ltr'><strong>niam</strong></span> <span class='ocrx_word' id='word_1_923' title='bbox 2039 4488 2269 4558; x_wconf 83' lang='lat' dir='ltr'><strong>proximi</strong></span> <span class='ocrx_word' id='word_1_924' title='bbox 2295 4502 2397 4552; x_wconf 85' lang='lat' dir='ltr'><strong>sm,</strong></span> <span class='ocrx_word' id='word_1_925' title='bbox 2441 4487 2774 4555; x_wconf 87' lang='lat' dir='ltr'><strong>iniquitatem</strong></span> <span class='ocrx_word' id='word_1_926' title='bbox 2805 4487 2960 4551; x_wconf 85' lang='lat' dir='ltr'><strong>facit;</strong></span> <span class='ocrx_word' id='word_1_927' title='bbox 2990 4487 3079 4558; x_wconf 81' lang='lat' dir='ltr'><strong>qui</strong></span> <span class='ocrx_word' id='word_1_928' title='bbox 3135 4487 3312 4542; x_wconf 84' lang='lat' dir='ltr'><strong>autem</strong></span> <span class='ocrx_word' id='word_1_929' title='bbox 3342 4505 3438 4558; x_wconf 81' lang='lat' dir='ltr'><strong>pe-</strong></span> 
     </span>
    </p>
   </div>
   <div class='ocr_carea' id='block_1_135' title="bbox 1871 4557 3443 4628">
    <p class='ocr_par' dir='ltr' id='par_1_135' title="bbox 1871 4557 3443 4628">
     <span class='ocr_line' id='line_1_135' title="bbox 1871 4557 3443 4628; baseline 0.001 -16"><span class='ocrx_word' id='word_1_930' title='bbox 1871 4558 2082 4612; x_wconf 89' lang='lat' dir='ltr'><strong>cuniam</strong></span> <span class='ocrx_word' id='word_1_931' title='bbox 2113 4557 2374 4628; x_wconf 85' lang='lat' dir='ltr'><strong>ecclesiae</strong></span> <span class='ocrx_word' id='word_1_932' title='bbox 2417 4558 2730 4628; x_wconf 78' lang='lat' dir='ltr'><strong>abstulerit,</strong></span> <span class='ocrx_word' id='word_1_933' title='bbox 2779 4557 3116 4628; x_wconf 73' lang='lat' dir='ltr'><strong>sacrilegium</strong></span> <span class='ocrx_word' id='word_1_934' title='bbox 3164 4559 3305 4612; x_wconf 86' lang='lat' dir='ltr'><strong>facit.</strong></span> <span class='ocrx_word' id='word_1_935' title='bbox 3336 4557 3443 4628; x_wconf 75' lang='lat' dir='ltr'><strong>Qui</strong></span> 
     </span>
    </p>
   </div>
   <div class='ocr_carea' id='block_1_136' title="bbox 1869 4627 3446 4695">
    <p class='ocr_par' dir='ltr' id='par_1_136' title="bbox 1869 4627 3446 4695">
     <span class='ocr_line' id='line_1_136' title="bbox 1869 4627 3446 4695; baseline 0 -13"><span class='ocrx_word' id='word_1_936' title='bbox 1869 4643 1974 4682; x_wconf 92' lang='lat' dir='ltr'><strong>non</strong></span> <span class='ocrx_word' id='word_1_937' title='bbox 2002 4627 2174 4681; x_wconf 89' lang='lat' dir='ltr'><strong>solum</strong></span> <span class='ocrx_word' id='word_1_938' title='bbox 2199 4627 2463 4695; x_wconf 86' lang='lat' dir='ltr'><strong>sacrilegi,</strong></span> <span class='ocrx_word' id='word_1_939' title='bbox 2487 4627 2581 4683; x_wconf 86' lang='lat' dir='ltr'><strong>sed</strong></span> <span class='ocrx_word' id='word_1_940' title='bbox 2609 4627 2769 4681; x_wconf 81' lang='lat' dir='ltr'><strong>etiam</strong></span> <span class='ocrx_word' id='word_1_941' title='bbox 2800 4628 2942 4682; x_wconf 90' lang='lat' dir='ltr'><strong>fu&#39;res</strong></span> <span class='ocrx_word' id='word_1_942' title='bbox 2972 4627 3210 4695; x_wconf 74' lang='lat' dir='ltr'><strong>sacrilegi</strong></span> <span class='ocrx_word' id='word_1_943' title='bbox 3249 4636 3302 4684; x_wconf 89' lang='lat' dir='ltr'><strong>et</strong></span> <span class='ocrx_word' id='word_1_944' title='bbox 3332 4627 3446 4695; x_wconf 84' lang='lat' dir='ltr'><strong>lupi</strong></span> 
     </span>
    </p>
   </div>
   <div class='ocr_carea' id='block_1_137' title="bbox 1870 4697 3440 4767">
    <p class='ocr_par' dir='ltr' id='par_1_137' title="bbox 1870 4697 3440 4767">
     <span class='ocr_line' id='line_1_137' title="bbox 1870 4697 3440 4767; baseline 0.001 -17"><span class='ocrx_word' id='word_1_945' title='bbox 1870 4707 2031 4766; x_wconf 88' lang='lat' dir='ltr'><strong>atque</strong></span> <span class='ocrx_word' id='word_1_946' title='bbox 2058 4697 2357 4752; x_wconf 85' lang='lat' dir='ltr'><strong>homicidae</strong></span> <span class='ocrx_word' id='word_1_947' title='bbox 2397 4713 2800 4767; x_wconf 86' lang='lat' dir='ltr'><strong>pauperumque</strong></span> <span class='ocrx_word' id='word_1_948' title='bbox 2830 4709 3111 4752; x_wconf 88' lang='lat' dir='ltr'><strong>necatores</strong></span> <span class='ocrx_word' id='word_1_949' title='bbox 3153 4706 3279 4750; x_wconf 90' lang='lat' dir='ltr'><strong>sunt</strong></span> <span class='ocrx_word' id='word_1_950' title='bbox 3308 4697 3349 4758; x_wconf 79' lang='lat'><strong>’,</strong></span> <span class='ocrx_word' id='word_1_951' title='bbox 3383 4706 3440 4752; x_wconf 91' lang='lat' dir='ltr'><strong>et</strong></span> 
     </span>
    </p>
   </div>
   <div class='ocr_carea' id='block_1_138' title="bbox 1868 4767 3444 4840">
    <p class='ocr_par' dir='ltr' id='par_1_138' title="bbox 1868 4767 3444 4840">
     <span class='ocr_line' id='line_1_138' title="bbox 1868 4767 3444 4840; baseline 0.001 -20"><span class='ocrx_word' id='word_1_952' title='bbox 1868 4768 2088 4840; x_wconf 82' lang='lat' dir='ltr'><strong>insuper</strong></span> <span class='ocrx_word' id='word_1_953' title='bbox 2114 4768 2473 4840; x_wconf 74' lang='lat' dir='ltr'><strong>anathentatis</strong></span> <span class='ocrx_word' id='word_1_954' title='bbox 2503 4767 2715 4822; x_wconf 88' lang='lat' dir='ltr'><strong>vinculo</strong></span> <span class='ocrx_word' id='word_1_955' title='bbox 2741 4768 3014 4840; x_wconf 86' lang='lat' dir='ltr'><strong>dampnati</strong></span> <span class='ocrx_word' id='word_1_956' title='bbox 3038 4782 3217 4823; x_wconf 89' lang='lat' dir='ltr'><strong>coram</strong></span> <span class='ocrx_word' id='word_1_957' title='bbox 3243 4767 3353 4821; x_wconf 88' lang='lat' dir='ltr'><strong>Deo</strong></span> <span class='ocrx_word' id='word_1_958' title='bbox 3384 4776 3444 4822; x_wconf 86' lang='lat' dir='ltr'><strong>et</strong></span> 
     </span>
    </p>
   </div>
   <div class='ocr_carea' id='block_1_139' title="bbox 1867 4838 2551 4892">
    <p class='ocr_par' dir='ltr' id='par_1_139' title="bbox 1867 4838 2551 4892">
     <span class='ocr_line' id='line_1_139' title="bbox 1867 4838 2551 4892; baseline 0 -1"><span class='ocrx_word' id='word_1_959' title='bbox 1867 4839 2066 4891; x_wconf 70' lang='lat' dir='ltr'><strong>sanctis</strong></span> <span class='ocrx_word' id='word_1_960' title='bbox 2096 4838 2210 4892; x_wconf 84' lang='lat' dir='ltr'><strong>eius</strong></span> <span class='ocrx_word' id='word_1_961' title='bbox 2231 4838 2551 4891; x_wconf 81' lang='lat' dir='ltr'><strong>elliciuntur.</strong></span> 
     </span>
    </p>
   </div>
   <div class='ocr_carea' id='block_1_140' title="bbox 1939 4905 3446 4980">
    <p class='ocr_par' dir='ltr' id='par_1_140' title="bbox 1939 4905 3446 4980">
     <span class='ocr_line' id='line_1_140' title="bbox 1939 4905 3446 4980; baseline 0.001 -22"><span class='ocrx_word' id='word_1_962' title='bbox 1939 4907 2088 4980; x_wconf 15' lang='lat'><strong>408.,</strong></span> <span class='ocrx_word' id='word_1_963' title='bbox 2115 4905 2183 4959; x_wconf 86' lang='lat' dir='ltr'><strong>Ut</strong></span> <span class='ocrx_word' id='word_1_964' title='bbox 2222 4907 2492 4961; x_wconf 74' lang='lat' dir='ltr'><strong>christiani</strong></span> <span class='ocrx_word' id='word_1_965' title='bbox 2516 4923 2596 4980; x_wconf 72' lang='lat' dir='ltr'><strong>ea:</strong></span> <span class='ocrx_word' id='word_1_966' title='bbox 2635 4909 3016 4980; x_wconf 84' lang='lat' dir='ltr'><strong>propinquitate</strong></span> <span class='ocrx_word' id='word_1_967' title='bbox 3051 4907 3130 4960; x_wconf 80' lang='lat' dir='ltr'><strong>sui</strong></span> <span class='ocrx_word' id='word_1_968' title='bbox 3172 4907 3446 4980; x_wconf 72' lang='lat' dir='ltr'><strong>sanguinis</strong></span> 
     </span>
    </p>
   </div>
   <div class='ocr_carea' id='block_1_141' title="bbox 1872 4978 3444 5047">
    <p class='ocr_par' dir='ltr' id='par_1_141' title="bbox 1872 4978 3444 5047">
     <span class='ocr_line' id='line_1_141' title="bbox 1872 4978 3444 5047; baseline -0.002 -16"><span class='ocrx_word' id='word_1_969' title='bbox 1872 4978 2124 5031; x_wconf 85' lang='lat' dir='ltr'><strong>connubia</strong></span> <span class='ocrx_word' id='word_1_970' title='bbox 2153 4991 2256 5029; x_wconf 82' lang='lat' dir='ltr'><strong>non</strong></span> <span class='ocrx_word' id='word_1_971' title='bbox 2288 4979 2477 5030; x_wconf 81' lang='lat' dir='ltr'><strong>ducant</strong></span> <span class='ocrx_word' id='word_1_972' title='bbox 2511 4979 2572 5030; x_wconf 87' lang='grc'><strong>¹⁰.</strong></span> <span class='ocrx_word' id='word_1_973' title='bbox 2607 4978 2682 5034; x_wconf 72' lang='lat' dir='ltr'><strong>Ne</strong></span> <span class='ocrx_word' id='word_1_974' title='bbox 2709 4978 2985 5034; x_wconf 87' lang='lat' dir='ltr'><strong>christiani</strong></span> <span class='ocrx_word' id='word_1_975' title='bbox 3013 4993 3078 5031; x_wconf 78' lang='lat' dir='ltr'><strong>ex</strong></span> <span class='ocrx_word' id='word_1_976' title='bbox 3129 4979 3444 5047; x_wconf 85' lang='lat' dir='ltr'><strong>pr0pinqui—</strong></span> 
     </span>
    </p>
   </div>
   <div class='ocr_carea' id='block_1_142' title="bbox 1872 5047 3435 5114">
    <p class='ocr_par' dir='ltr' id='par_1_142' title="bbox 1872 5047 3435 5114">
     <span class='ocr_line' id='line_1_142' title="bbox 1872 5047 3435 5114; baseline -0.002 -13"><span class='ocrx_word' id='word_1_977' title='bbox 1872 5057 1981 5102; x_wconf 88' lang='lat' dir='ltr'><strong>late</strong></span> <span class='ocrx_word' id='word_1_978' title='bbox 2013 5047 2094 5100; x_wconf 81' lang='lat' dir='ltr'><strong>sui</strong></span> <span class='ocrx_word' id='word_1_979' title='bbox 2124 5047 2400 5114; x_wconf 78' lang='lat' dir='ltr'><strong>sanguinis</strong></span> <span class='ocrx_word' id='word_1_980' title='bbox 2423 5049 2690 5104; x_wconf 89' lang='lat' dir='ltr'><strong>connubia</strong></span> <span class='ocrx_word' id='word_1_981' title='bbox 2719 5053 2934 5112; x_wconf 89' lang='lat' dir='ltr'><strong>ducant,</strong></span> <span class='ocrx_word' id='word_1_982' title='bbox 2958 5063 3056 5101; x_wconf 90' lang='lat' dir='ltr'><strong>nec</strong></span> <span class='ocrx_word' id='word_1_983' title='bbox 3077 5049 3194 5101; x_wconf 88' lang='lat' dir='ltr'><strong>sine</strong></span> <span class='ocrx_word' id='word_1_984' title='bbox 3213 5047 3435 5100; x_wconf 82' lang='lat' dir='ltr'><strong>benedi-</strong></span> 
     </span>
    </p>
   </div>
   <div class='ocr_carea' id='block_1_143' title="bbox 1869 5116 3434 5188">
    <p class='ocr_par' dir='ltr' id='par_1_143' title="bbox 1869 5116 3434 5188">
     <span class='ocr_line' id='line_1_143' title="bbox 1869 5116 3434 5188; baseline -0.004 -15"><span class='ocrx_word' id='word_1_985' title='bbox 1869 5119 2048 5173; x_wconf 89' lang='lat' dir='ltr'><strong>ctione</strong></span> <span class='ocrx_word' id='word_1_986' title='bbox 2091 5117 2385 5188; x_wconf 83' lang='lat' dir='ltr'><strong>sacerdotis</strong></span> <span class='ocrx_word' id='word_1_987' title='bbox 2431 5134 2556 5172; x_wconf 89' lang='lat' dir='ltr'><strong>cum</strong></span> <span class='ocrx_word' id='word_1_988' title='bbox 2602 5119 2895 5188; x_wconf 77' lang='lat' dir='ltr'><strong>virginibus</strong></span> <span class='ocrx_word' id='word_1_989' title='bbox 2926 5119 3128 5188; x_wconf 84' lang='lat' dir='ltr'><strong>nubere</strong></span> <span class='ocrx_word' id='word_1_990' title='bbox 3179 5116 3434 5180; x_wconf 86' lang='lat' dir='ltr'><strong>audeant,</strong></span> 
     </span>
    </p>
   </div>
   <div class='ocr_carea' id='block_1_144' title="bbox 1868 5187 3435 5257">
    <p class='ocr_par' dir='ltr' id='par_1_144' title="bbox 1868 5187 3435 5257">
     <span class='ocr_line' id='line_1_144' title="bbox 1868 5187 3435 5257; baseline -0.003 -15"><span class='ocrx_word' id='word_1_991' title='bbox 1868 5203 2044 5257; x_wconf 87' lang='lat' dir='ltr'><strong>neque</strong></span> <span class='ocrx_word' id='word_1_992' title='bbox 2071 5187 2258 5241; x_wconf 90' lang='lat' dir='ltr'><strong>viduas</strong></span> <span class='ocrx_word' id='word_1_993' title='bbox 2283 5189 2488 5256; x_wconf 90' lang='lat' dir='ltr'><strong>absque</strong></span> <span class='ocrx_word' id='word_1_994' title='bbox 2532 5187 2750 5243; x_wconf 82' lang='lat' dir='ltr'><strong>suorum</strong></span> <span class='ocrx_word' id='word_1_995' title='bbox 2782 5187 3119 5243; x_wconf 72' lang='lat' dir='ltr'><strong>sacerdotum</strong></span> <span class='ocrx_word' id='word_1_996' title='bbox 3167 5198 3435 5241; x_wconf 86' lang='lat' dir='ltr'><strong>consensu</strong></span> 
     </span>
    </p>
   </div>
   <div class='ocr_carea' id='block_1_145' title="bbox 1870 5258 3085 5328">
    <p class='ocr_par' dir='ltr' id='par_1_145' title="bbox 1870 5258 3085 5328">
     <span class='ocr_line' id='line_1_145' title="bbox 1870 5258 3085 5328; baseline -0.003 -15"><span class='ocrx_word' id='word_1_997' title='bbox 1870 5269 1921 5313; x_wconf 85' lang='lat' dir='ltr'><strong>et</strong></span> <span class='ocrx_word' id='word_1_998' title='bbox 1949 5258 2478 5328; x_wconf 84' lang='lat' dir='ltr'><strong>conhiventiaplebis</strong></span> <span class='ocrx_word' id='word_1_999' title='bbox 2501 5259 2696 5314; x_wconf 90' lang='lat' dir='ltr'><strong>ducere</strong></span> <span class='ocrx_word' id='word_1_1000' title='bbox 2725 5266 3085 5328; x_wconf 80' lang='lat' dir='ltr'><strong>praesumant.</strong></span> 
     </span>
    </p>
   </div>
   <div class='ocr_carea' id='block_1_146' title="bbox 1939 5325 3446 5396">
    <p class='ocr_par' dir='ltr' id='par_1_146' title="bbox 1939 5325 3446 5396">
     <span class='ocr_line' id='line_1_146' title="bbox 1939 5325 3446 5396; baseline -0.001 -17"><span class='ocrx_word' id='word_1_1001' title='bbox 1939 5325 2062 5381; x_wconf 67' lang='lat'><strong>409.</strong></span> <span class='ocrx_word' id='word_1_1002' title='bbox 2099 5327 2173 5381; x_wconf 83' lang='lat' dir='ltr'><strong>De</strong></span> <span class='ocrx_word' id='word_1_1003' title='bbox 2215 5343 2274 5381; x_wconf 86' lang='lat' dir='ltr'><strong>eo</strong></span> <span class='ocrx_word' id='word_1_1004' title='bbox 2299 5325 2383 5394; x_wconf 76' lang='lat' dir='ltr'><strong>qui</strong></span> <span class='ocrx_word' id='word_1_1005' title='bbox 2410 5345 2465 5381; x_wconf 81' lang='lat' dir='ltr'><strong>se</strong></span> <span class='ocrx_word' id='word_1_1006' title='bbox 2505 5325 2790 5382; x_wconf 41' lang='lat' dir='ltr'><strong>incestae—so</strong></span> <span class='ocrx_word' id='word_1_1007' title='bbox 2837 5327 3017 5381; x_wconf 85' lang='lat' dir='ltr'><strong>ordine</strong></span> <span class='ocrx_word' id='word_1_1008' title='bbox 3069 5327 3146 5378; x_wconf 89' lang='lat' dir='ltr'><strong>Itis</strong></span> <span class='ocrx_word' id='word_1_1009' title='bbox 3188 5325 3446 5396; x_wconf 75' lang='lat' dir='ltr'><strong>personis,</strong></span> 
     </span>
    </p>
   </div>
   <div class='ocr_carea' id='block_1_147' title="bbox 1903 5397 3442 5468">
    <p class='ocr_par' dir='ltr' id='par_1_147' title="bbox 1903 5397 3442 5468">
     <span class='ocr_line' id='line_1_147' title="bbox 1903 5397 3442 5468; baseline -0.001 -18"><span class='ocrx_word' id='word_1_1010' title='bbox 1903 5400 2046 5452; x_wconf 82' lang='lat' dir='ltr'><strong>nibus</strong></span> <span class='ocrx_word' id='word_1_1011' title='bbox 2083 5415 2115 5450; x_wconf 90' lang='lat' dir='ltr'><strong>a</strong></span> <span class='ocrx_word' id='word_1_1012' title='bbox 2161 5398 2560 5468; x_wconf 13' lang='lat' dir='ltr'><strong>divinisrregulis</strong></span> <span class='ocrx_word' id='word_1_1013' title='bbox 2598 5399 2902 5468; x_wconf 80' lang='lat' dir='ltr'><strong>prohibitum</strong></span> <span class='ocrx_word' id='word_1_1014' title='bbox 2952 5397 3442 5468; x_wconf 27' lang='lat' dir='ltr'><strong>estpconiunxer‘it.</strong></span> 
     </span>
    </p>
   </div>
   <div class='ocr_carea' id='block_1_148' title="bbox 1912 5465 3443 5536">
    <p class='ocr_par' dir='ltr' id='par_1_148' title="bbox 1912 5465 3443 5536">
     <span class='ocr_line' id='line_1_148' title="bbox 1912 5465 3443 5536; baseline -0.002 -14"><span class='ocrx_word' id='word_1_1015' title='bbox 1912 5469 2066 5536; x_wconf 90' lang='lat' dir='ltr'><strong>iquis</strong></span> <span class='ocrx_word' id='word_1_1016' title='bbox 2093 5469 2209 5522; x_wconf 88' lang='lat' dir='ltr'><strong>sine</strong></span> <span class='ocrx_word' id='word_1_1017' title='bbox 2237 5467 2405 5536; x_wconf 72' lang='lat' dir='ltr'><strong>gradu</strong></span> <span class='ocrx_word' id='word_1_1018' title='bbox 2430 5465 2512 5522; x_wconf 61' lang='lat' dir='ltr'><strong>&#39;se</strong></span> <span class='ocrx_word' id='word_1_1019' title='bbox 2543 5465 2606 5500; x_wconf 22' lang='lat' dir='ltr'><strong>“V</strong></span> <span class='ocrx_word' id='word_1_1020' title='bbox 2634 5470 2938 5524; x_wconf 79' lang='lat' dir='ltr'><strong>ittccstuoso</strong></span> <span class='ocrx_word' id='word_1_1021' title='bbox 2967 5465 3151 5520; x_wconf 84' lang='lat' dir='ltr'><strong>ordine</strong></span> <span class='ocrx_word' id='word_1_1022' title='bbox 3195 5481 3315 5520; x_wconf 87' lang='lat' dir='ltr'><strong>cum</strong></span> <span class='ocrx_word' id='word_1_1023' title='bbox 3357 5465 3443 5520; x_wconf 87' lang='lat' dir='ltr'><strong>his</strong></span> 
     </span>
    </p>
   </div>
   <div class='ocr_carea' id='block_1_149' title="bbox 1423 5565 2238 5640">
    <p class='ocr_par' dir='ltr' id='par_1_149' title="bbox 1423 5565 2238 5640">
     <span class='ocr_line' id='line_1_149' title="bbox 1423 5565 2238 5640; baseline -0.005 0"><span class='ocrx_word' id='word_1_1024' title='bbox 1423 5584 1805 5640; x_wconf 63' lang='lat' dir='ltr'><strong>mammas</strong></span> <span class='ocrx_word' id='word_1_1025' title='bbox 1840 5565 2238 5639; x_wconf 70' lang='lat' dir='ltr'><strong>LECTIUNES.</strong></span> 
     </span>
    </p>
   </div>
   <div class='ocr_carea' id='block_1_150' title="bbox 257 5682 1744 5755">
    <p class='ocr_par' dir='ltr' id='par_1_150' title="bbox 257 5682 1744 5755">
     <span class='ocr_line' id='line_1_150' title="bbox 257 5682 1744 5755; baseline -0.002 -15"><span class='ocrx_word' id='word_1_1026' title='bbox 257 5689 272 5716; x_wconf 83' lang='grc'>¹</span> <span class='ocrx_word' id='word_1_1027' title='bbox 317 5682 596 5755; x_wconf 77' lang='lat' dir='ltr'><strong>peculator</strong></span> <span class='ocrx_word' id='word_1_1028' title='bbox 629 5683 695 5738; x_wconf 85' lang='lat' dir='ltr'><strong>G.</strong></span> <span class='ocrx_word' id='word_1_1029' title='bbox 772 5686 791 5714; x_wconf 79' lang='grc'>⁸</span> <span class='ocrx_word' id='word_1_1030' title='bbox 822 5702 874 5739; x_wconf 90' lang='grc' dir='ltr'>ιι.</span> <span class='ocrx_word' id='word_1_1031' title='bbox 910 5684 1107 5754; x_wconf 87' lang='lat' dir='ltr'><strong>aliquid</strong></span> <span class='ocrx_word' id='word_1_1032' title='bbox 1128 5685 1269 5755; x_wconf 85' lang='lat' dir='ltr'><strong>quod</strong></span> <span class='ocrx_word' id='word_1_1033' title='bbox 1296 5683 1360 5755; x_wconf 82' lang='lat' dir='ltr'><strong>G.</strong></span> <span class='ocrx_word' id='word_1_1034' title='bbox 1460 5683 1480 5714; x_wconf 84' lang='grc'>³</span> <span class='ocrx_word' id='word_1_1035' title='bbox 1511 5684 1649 5755; x_wconf 75' lang='lat' dir='ltr'><strong>deest</strong></span> <span class='ocrx_word' id='word_1_1036' title='bbox 1681 5683 1744 5737; x_wconf 70' lang='grc' dir='ltr'><strong>(ἱ.</strong></span> 
     </span>
    </p>
   </div>
   <div class='ocr_carea' id='block_1_151' title="bbox 176 5753 1719 5828">
    <p class='ocr_par' dir='ltr' id='par_1_151' title="bbox 176 5753 1719 5828">
     <span class='ocr_line' id='line_1_151' title="bbox 176 5753 1719 5828; baseline -0.004 -16"><span class='ocrx_word' id='word_1_1037' title='bbox 176 5753 408 5824; x_wconf 84' lang='lat' dir='ltr'><strong>reliquit</strong></span> <span class='ocrx_word' id='word_1_1038' title='bbox 437 5753 608 5828; x_wconf 25' lang='lat' dir='ltr'><strong>lini.“</strong></span> <span class='ocrx_word' id='word_1_1039' title='bbox 631 5757 650 5785; x_wconf 82' lang='lat'>&#39;</span> <span class='ocrx_word' id='word_1_1040' title='bbox 681 5753 1030 5828; x_wconf 25' lang='lat' dir='ltr'><strong>qualecunque</strong></span> <span class='ocrx_word' id='word_1_1041' title='bbox 1057 5755 1104 5828; x_wconf 79' lang='lat' dir='ltr'><strong>ei</strong></span> <span class='ocrx_word' id='word_1_1042' title='bbox 1137 5753 1166 5808; x_wconf 89' lang='lat' dir='ltr'><strong>a</strong></span> <span class='ocrx_word' id='word_1_1043' title='bbox 1207 5754 1246 5828; x_wconf 70' lang='lat' dir='ltr'><strong>f.</strong></span> <span class='ocrx_word' id='word_1_1044' title='bbox 1279 5754 1575 5828; x_wconf 74' lang='lat' dir='ltr'><strong>olicrunlur</strong></span> <span class='ocrx_word' id='word_1_1045' title='bbox 1606 5753 1719 5807; x_wconf 76' lang='lat' dir='ltr'><strong>Bal.</strong></span> 
     </span>
    </p>
   </div>
   <div class='ocr_carea' id='block_1_152' title="bbox 177 5823 1404 5895">
    <p class='ocr_par' dir='ltr' id='par_1_152' title="bbox 177 5823 1404 5895">
     <span class='ocr_line' id='line_1_152' title="bbox 177 5823 1404 5895; baseline -0.004 -14"><span class='ocrx_word' id='word_1_1046' title='bbox 177 5823 394 5881; x_wconf 76' lang='lat' dir='ltr'><strong>ducant</strong></span> <span class='ocrx_word' id='word_1_1047' title='bbox 426 5824 490 5878; x_wconf 71' lang='grc' dir='ltr'><strong>(ἲ.</strong></span> <span class='ocrx_word' id='word_1_1048' title='bbox 573 5826 610 5855; x_wconf 81' lang='grc'>¹¹</span> <span class='ocrx_word' id='word_1_1049' title='bbox 642 5823 699 5895; x_wconf 70' lang='grc' dir='ltr'><strong>«ιζ</strong></span> <span class='ocrx_word' id='word_1_1050' title='bbox 736 5823 838 5880; x_wconf 77' lang='lat' dir='ltr'><strong>nun</strong></span> <span class='ocrx_word' id='word_1_1051' title='bbox 872 5823 1126 5894; x_wconf 26' lang='lat' dir='ltr'><strong>eo’grailu</strong></span> <span class='ocrx_word' id='word_1_1052' title='bbox 1154 5824 1246 5881; x_wconf 84' lang='lat' dir='ltr'><strong>sed</strong></span> <span class='ocrx_word' id='word_1_1053' title='bbox 1277 5827 1310 5878; x_wconf 90' lang='lat' dir='ltr'><strong>i.</strong></span> <span class='ocrx_word' id='word_1_1054' title='bbox 1341 5823 1404 5878; x_wconf 76' lang='grc' dir='ltr'><strong>(ἶ.</strong></span> 
     </span>
    </p>
   </div>
   <div class='ocr_carea' id='block_1_153' title="bbox 1823 5682 2655 5750">
    <p class='ocr_par' dir='ltr' id='par_1_153' title="bbox 1823 5682 2655 5750">
     <span class='ocr_line' id='line_1_153' title="bbox 1823 5682 2655 5750; baseline 0.004 -14"><span class='ocrx_word' id='word_1_1055' title='bbox 1823 5682 1842 5714; x_wconf 75' lang='grc'><strong>⁸</strong></span> <span class='ocrx_word' id='word_1_1056' title='bbox 1870 5682 2146 5738; x_wconf 89' lang='lat' dir='ltr'><strong>ecclesiae.</strong></span> <span class='ocrx_word' id='word_1_1057' title='bbox 2181 5696 2284 5750; x_wconf 90' lang='lat' dir='ltr'><strong>que</strong></span> <span class='ocrx_word' id='word_1_1058' title='bbox 2317 5699 2455 5736; x_wconf 89' lang='lat' dir='ltr'><strong>corr.</strong></span> <span class='ocrx_word' id='word_1_1059' title='bbox 2496 5692 2549 5736; x_wconf 89' lang='lat' dir='ltr'><strong>et</strong></span> <span class='ocrx_word' id='word_1_1060' title='bbox 2589 5682 2655 5739; x_wconf 77' lang='grc' dir='ltr'><strong>ϐ.</strong></span> 
     </span>
    </p>
   </div>
   <div class='ocr_carea' id='block_1_154' title="bbox 1799 5752 2670 5809">
    <p class='ocr_par' dir='ltr' id='par_1_154' title="bbox 1799 5752 2670 5809">
     <span class='ocr_line' id='line_1_154' title="bbox 1799 5752 2670 5809; baseline -0.001 -1"><span class='ocrx_word' id='word_1_1061' title='bbox 1799 5755 1818 5783; x_wconf 74' lang='grc'><em>⁸</em></span> <span class='ocrx_word' id='word_1_1062' title='bbox 1847 5755 1961 5808; x_wconf 89' lang='lat' dir='ltr'><strong>siue</strong></span> <span class='ocrx_word' id='word_1_1063' title='bbox 1987 5752 2102 5809; x_wconf 85' lang='lat' dir='ltr'><strong>Bal.</strong></span> <span class='ocrx_word' id='word_1_1064' title='bbox 2131 5753 2243 5807; x_wconf 85' lang='lat' dir='ltr'><strong>siue</strong></span> <span class='ocrx_word' id='word_1_1065' title='bbox 2274 5769 2407 5807; x_wconf 84' lang='lat' dir='ltr'><strong>corr.</strong></span> <span class='ocrx_word' id='word_1_1066' title='bbox 2448 5770 2576 5809; x_wconf 82' lang='lat' dir='ltr'><strong>suae</strong></span> <span class='ocrx_word' id='word_1_1067' title='bbox 2607 5753 2670 5808; x_wconf 75' lang='grc' dir='ltr'><strong>(ἱ.</strong></span> 
     </span>
    </p>
   </div>
   <div class='ocr_carea' id='block_1_155' title="bbox 2747 5679 3441 5749">
    <p class='ocr_par' dir='ltr' id='par_1_155' title="bbox 2747 5679 3441 5749">
     <span class='ocr_line' id='line_1_155' title="bbox 2747 5679 3441 5749; baseline -0.01 -12"><span class='ocrx_word' id='word_1_1068' title='bbox 2747 5683 2767 5713; x_wconf 79' lang='grc'>⁸</span> <span class='ocrx_word' id='word_1_1069' title='bbox 2797 5691 2852 5737; x_wconf 90' lang='lat' dir='ltr'><strong>et</strong></span> <span class='ocrx_word' id='word_1_1070' title='bbox 2894 5681 3034 5749; x_wconf 72' lang='lat' dir='ltr'><strong>quod</strong></span> <span class='ocrx_word' id='word_1_1071' title='bbox 3081 5680 3194 5734; x_wconf 84' lang='lat' dir='ltr'><strong>Bal.</strong></span> <span class='ocrx_word' id='word_1_1072' title='bbox 3285 5681 3304 5710; x_wconf 82' lang='grc'><strong>⁸</strong></span> <span class='ocrx_word' id='word_1_1073' title='bbox 3342 5679 3441 5731; x_wconf 85' lang='lat' dir='ltr'><strong>de-</strong></span> 
     </span>
    </p>
   </div>
   <div class='ocr_carea' id='block_1_156' title="bbox 2748 5751 3438 5807">
    <p class='ocr_par' dir='ltr' id='par_1_156' title="bbox 2748 5751 3438 5807">
     <span class='ocr_line' id='line_1_156' title="bbox 2748 5751 3438 5807; baseline -0.014 -1"><span class='ocrx_word' id='word_1_1074' title='bbox 2748 5754 2767 5781; x_wconf 57' lang='lat'>”</span> <span class='ocrx_word' id='word_1_1075' title='bbox 2800 5754 2940 5806; x_wconf 74' lang='lat' dir='ltr'><strong>dces!</strong></span> <span class='ocrx_word' id='word_1_1076' title='bbox 2972 5751 3084 5805; x_wconf 74' lang='lat' dir='ltr'><strong>Bal.</strong></span> <span class='ocrx_word' id='word_1_1077' title='bbox 3167 5751 3206 5782; x_wconf 82' lang='grc'><strong>¹⁰</strong></span> <span class='ocrx_word' id='word_1_1078' title='bbox 3233 5768 3282 5807; x_wconf 87' lang='lat' dir='ltr'><strong>c.</strong></span> <span class='ocrx_word' id='word_1_1079' title='bbox 3311 5767 3438 5804; x_wconf 78' lang='lat' dir='ltr'><strong>Con.-</strong></span> 
     </span>
    </p>
   </div>
  </div>
