3974 6340
532 294 636 367 799
1433 309 1495 364 Β.
1537 305 1787 364 cauom
1824 303 2036 360 MAGNI
2079 303 2099 358 (

2216 342 2228 356 .
2269 303 2448 359 PARS
2478 304 2521 360 1.
2568 305 2810 363 SECTIO
2849 306 2890 363 Ῐ.
3683 304 3697 312 ’
3725 303 3843 361 800

526 423 790 496 personis,
836 425 1030 494 quibus
1067 441 1097 480 a
1142 424 1336 480 divinis
1379 424 1575 495 regulis
1620 423 1947 493 prohibitum
1977 428 2092 496 est,
2125 423 2172 481 Α
2271 419 2396 476 418.
2429 421 3834 496 Deexcommunicundisiudicibusetpotentibus,qui

526 492 895 557 coniunxerit,
956 510 1234 564 usquequo
1286 492 1635 564 penitentiam
1668 492 2100 563 sequestratiune
2202 508 2304 545 non
2334 509 2389 545 se
2433 495 2835 565 emendaverint.
2883 495 2949 550 Ut
2974 495 3177 550 iudices
3222 504 3310 550 aut
3354 492 3654 565 potentes,
3723 492 3827 563 qui

528 573 815 631 testentur,
846 565 1061 633 utrique
1092 566 1471 620 communione
1516 569 1813 634 priventur,
1843 571 1898 616 et
1927 576 2102 634 neque
2202 577 2466 630 pauperes
2494 564 2823 634 obprimunt,
2855 565 2899 620 si
2925 566 3247 620 commoniti
3269 581 3299 619 a
3331 564 3595 634 pontifice
3621 582 3835 622 suos.

524 635 577 688 in
601 634 797 703 palatio
818 632 1017 689 habere
1039 634 1298 698 militiam,
1320 650 1492 704 neque
1518 632 1584 689 in
1617 634 1732 689 foro
1775 632 2099 704 agendarum
2203 632 2769 704 noniemendaverint,
2802 632 3362 691 excommunicentur.

520 698 808 774 causarum
841 705 1107 758 licentiam
1133 698 1424 760 habebunt:
1453 704 1583 758 Nam
1605 720 1790 760 eorum
1813 698 1907 772 qui
1943 702 2101 774 modo
2272 698 2398 774 £19,
2439 702 2508 755 Ut
2553 705 2908 774 episcOporum
2959 706 3150 759 iudicio
3217 708 3413 760 incesta
3455 707 3831 761 matrimonia

521 772 799 844 praedicto
846 774 861 804 ³
903 790 963 828 se
1009 774 1213 829 incesto
1258 775 1635 830 coniunxerint
1661 814 1678 841 ,
1725 770 1961 844 episcopi
2006 787 2101 844 seu
2202 770 2556 844 emendentur.
2583 770 2986 843 Prae—cipimus,
3013 786 3071 828 ut
3095 776 3241 829 iuxta
3272 777 3487 830 decreta
3518 792 3827 831 canonum

2202 842 2464 914 adulteria
2488 853 2543 897 et
2572 844 2777 899 incesta
2796 842 3175 910 matrimonia,
3206 861 3348 914 quae
3389 862 3497 899 non
3526 854 3675 900 sunt
3732 845 3827 899 le-

2201 911 2406 1037 glitiilna,
2432 914 2822 982 prohibeantur
2863 923 2918 970 et
2949 929 2999 983 θ,
3022 911 3332 985 iscoporum
3365 915 3569 971 iudicio
3599 932 3823 970 emcn-

2240 998 2304 1036 en
2335 998 2417 1036 ur.

2240 991 2417 1036 entur.

2272 1051 2396 1107 420.
2426 1051 2575 1115 Quod
2598 1055 2651 1108 in
2677 1070 2737 1109 eo
2769 1054 2882 1110 loco
2911 1054 3218 1110 manendum
3248 1057 3541 1125 unicuique,
3569 1054 3824 1108 ubicun-

2202 1138 2298 1191 que
2348 1132 2518 1196 ootum
2560 1128 2751 1196 caverit
2779 1126 2848 1196 9.7
2876 1126 2943 1181 L't
2985 1127 3353 1196 unusquisque
3395 1127 3448 1179 in
3502 1127 3659 1189 loco,
3727 1126 3824 1196 ubi

2205 1192 2527 1264 constitutus
2556 1194 2653 1248 fuit
2686 1205 2742 1250 et
2762 1195 2853 1250 ubi
2882 1205 3062 1250 votum
3092 1192 3363 1264 vovit,’ibi
3394 1204 3613 1250 maneat
3639 1205 3713 1249 et
3744 1195 3824 1248 ibi

2205 1262 2395 1317 reddat
2432 1272 2557 1317 vota
2586 1280 2701 1318 sua.

2275 1331 2400 1385 4'21.
2433 1333 2581 1397 Quod
2610 1337 2892 1391 maximum
2942 1345 3203 1403 peccatum
3229 1336 3296 1389 sit
3344 1334 3599 1403 spiritalis
3654 1351 3821 1388 com-

2204 1402 2388 1457 matris
2414 1406 2727 1459 coniunctio.
2754 1402 3042 1460 Sciendum
3070 1414 3155 1460 est
3178 1402 3449 1471 outuibus,
3469 1405 3621 1472 quod
3670 1422 3820 1459 con-

520 842 805 913 presbiteri
831 844 882 897 in
931 859 1158 909 quorum
1190 845 1387 901 diocesi
1420 845 1502 899 vel
1534 859 1670 913 pago
1700 859 1877 899 actum
1917 842 2099 907 fuerit,

518 914 635 982 regi
677 914 763 968 vel
801 914 1068 986 indicibus
1109 915 1283 970 scelus
1331 924 1696 986 perpetratum
1736 917 2054 986 annuntient
2083 954 2099 978 ,

520 994 581 1038 ut
634 998 756 1038 cum
797 984 927 1054 ipsis
975 987 994 1014 ²
1034 984 1653 1050 denuntiatum‘fuerit,
1711 1000 1771 1039 se
1816 985 1884 1037 ab
1913 998 2099 1054 eorum

520 1050 906 1109 communione
956 1064 1046 1110 aut
1097 1055 1497 1110 cohabitatione
1567 1061 1928 1122 sequestrent.
1996 1050 2102 1107 Res

519 1133 700 1195 autem
729 1139 914 1179 eorum
945 1126 1008 1179 ad
1037 1125 1237 1192 primos
1282 1133 1533 1195 parentes
1572 1140 1740 1195 usque
1787 1122 1855 1178 ad
1905 1138 2100 1193 seque-

518 1193 837 1248 strationem
863 1196 1178 1264 perven’ant
1223 1193 1322 1250 sub
1351 1211 1417 1251 ea
1468 1193 1796 1261 conditione,
1832 1203 1890 1248 ut
1945 1199 2100 1247 ante-

520 1278 681 1333 quam
706 1274 1077 1333 segregentur,
1112 1280 1204 1333 per
1234 1266 1440 1320 nullum
1470 1264 1741 1336 ingenium
1783 1278 1961 1332 neque
2007 1277 2103 1336 per

519 1332 794 1403 parentes,
814 1332 1004 1406 neque
1027 1332 1123 1404 per
1155 1337 1482 1406 emptionem
1510 1332 1703 1406 neque
1734 1350 1829 1406 per
1865 1332 2097 1406 auCtorif

519 1411 686 1475 tatem
716 1403 1005 1472 regiam’ad
1032 1403 1278 1475 proprias
1304 1405 1619 1473 perveniant
1665 1404 1971 1469 facultates,
2000 1403 2100 1458 nisi

519 1473 789 1545 prefatum
812 1474 989 1545 scelus
1037 1473 1480 1544 sequestrationis
1508 1475 1850 1545 separatione
1892 1483 1951 1529 et
1977 1490 2103 1543 poe-

520 1544 747 1597 nitentia
776 1544 795 1574 ’
819 1543 1108 1598 fateantur.

589 1611 714 1667 MO.
765 1614 848 1667 Ea:
876 1613 1005 1668 libro
1033 1616 1201 1685 legum
1232 1615 1503 1670 Theodosii
1533 1616 1587 1669 5.
1630 1616 1857 1685 capitulo
1909 1613 1993 1669 11.
2041 1614 2105 1669 de

518 1680 750 1753 incestis.
780 1685 932 1751 Quod
961 1680 1150 1739 incesti
1191 1701 1299 1740 non
1329 1689 1436 1739 sint
1464 1680 1960 1753 legitimi'heredes,
2005 1685 2100 1741 sed

518 1751 737 1824 infamia
755 1755 886 1824 Hsint
914 1762 1129 1808 notatae
1154 1764 1411 1824 utraeque
1446 1751 1726 1824 personae.

2204 1473 2410 1544 iunctio
2431 1475 2689 1544 spiritalis
2716 1476 3029 1530 commatris
3069 1475 3362 1529 maximum
3393 1486 3694 1544 peccatum
3743 1477 3820 1530 sit

2205 1553 2261 1596 et
2287 1542 2521 1614 divortio
2549 1545 2905 1613 separandum
2930 1553 3094 1614 atque
3118 1545 3333 1612 capitali
3353 1542 3629 1601 sententia
3660 1546 3814 1598 mul-

2207 1613 2448 1683 tandum,
2476 1615 2564 1683 vel
2592 1613 3025 1683 peregrinatione
3056 1623 3313 1683 perpetua
3344 1614 3669 1669 delendum.

2276 1681 2400 1755 $22.
2458 1682 2559 1755 De,
2583 1681 2641 1739 eo
2668 1681 2754 1754 qui
2780 1702 3016 1755 paganus
3044 1681 3421 1739 observationes
3453 1686 3662 1755 fecerit.
3700 1684 3811 1738 De-

2206 1754 2491 1818 crevimus,
2518 1754 2658 1809 sicut
2690 1765 2741 1808 et
2776 1754 3150 1811 antecessores
3192 1754 3279 1809 vel
3329 1763 3589 1819 parentes
3619 1756 3807 1809 nostri

588 1820 717 1895 411.
749 1822 817 1878 Ut
842 1824 1009 1878 nullm
1039 1808 1295 1895 denotant
1315 1808 1423 1879 Deo
1447 1808 1721 1895 'uirqinem
1762 1824 1840 1880 vel
1891 1825 2097 1881 viduam
2130 1808 2177 1867 Β
2207 1823 2332 1895 olim
2355 1808 2729 1895 decreverunt,
2773 1808 2835 1880 ut
2879 1808 3251 1894 quipaganas
3289 1808 3717 1895 observationes
3751 1808 3805 1878 in

518 1893 786 1964 coniugem
814 1895 1055 1963 accipiat.
1090 1893 1160 1950 Ut
1189 1895 1467 1964 deinceps,
1491 1893 1630 1964 sicut
1671 1911 1905 1950 canones
1931 1897 2101 1951 eccle-

518 1963 723 2035 siastici
772 1965 1076 2035 prohibent,
1124 1966 1302 2023 nullus
1338 1965 1449 2020 Deo
1505 1963 1756 2020 devotam
1813 1966 2096 2035 virginem,

518 2031 698 2088 nullus
717 2031 815 2088 sub
839 2033 1111 2103 religionis
1132 2036 1316 2090 habitu
1345 2034 1750 2103 consistentem,
1770 2036 1882 2091 sive
1901 2031 2097 2090 'viduiQ

517 2103 646 2176 tatis
672 2105 1058 2176 continentiam
1088 2105 1405 2176 profcssam,
1438 2105 1521 2176 vel
1549 2106 1632 2160 sui
1681 2110 1977 2174 proximam
2006 2120 2101 2175 ge-

517 2173 681 2236 neris,
707 2175 978 2230 autetiam
1007 2175 1074 2230 de
1091 2173 1255 2232 cuius
1298 2175 1628 2230 admixtione
1681 2173 1972 2232 incestivae
2001 2173 2094 2230 no-

519 2253 628 2298 tam
660 2245 826 2312 possit
850 2246 1032 2300 subire
1062 2246 1333 2310 infamiae,
1370 2245 1578 2300 inlicito
1605 2247 1875 2301 connubio
1902 2254 1998 2301 aut
2048 2247 2097 2300 vi

516 2320 611 2366 aut
652 2330 915 2388 consensu
965 2319 1196 2388 accipiat
1235 2317 1725 2388 coniugemiquia
1770 2331 1871 2371 nec
1912 2331 2097 2388 verum

518 2385 723 2456 poterit
747 2401 865 2442 esse
888 2385 1218 2456 coniugium,
1251 2388 1392 2456 quod
1407 2385 1447 2441 'a
1470 2385 1679 2442 meliOri
1704 2388 1976 2456 proposito
2003 2385 2099 2441 de-

516 2453 731 2509 ducitur
757 2456 823 2511 ad
845 2453 1078 2512 deterius
1106 2468 1162 2513 et
1210 2453 1311 2513 sub
1359 2456 1475 2512 lalsi
1507 2456 1737 2511 nominis
1767 2453 1980 2525 copula,
2012 2458 2097 2511 in-

517 2532 667 2577 cesta
700 2526 721 2557 δ
756 2526 1049 2594 pollutione
1088 2538 1143 2583 et
1184 2526 1554 2582 fornicationis
1585 2527 1923 2581 immunditia
1967 2542 2087 2596 pcr-

515 2603 783 2666 pctratur.
808 2597 920 2652 lloc
951 2612 1078 2653 vero
1106 2598 1278 2659 nefas,
1318 2597 1362 2651 si
1394 2610 1554 2666 agere
1582 2597 1779 2652 amodo
1819 2596 2103 2652 cuiuslibet

516 2665 692 2730 gentis
720 2666 964 2720 homines
990 2682 1150 2722 sexus
1203 2665 1484 2737 utriusque
1514 2667 1919 2737 temptaverint,
1971 2667 2102 2722 insi-

515 2740 692 2789 stente
713 2736 994 2791 sacerdote
1017 2739 1098 2793 vel
1125 2737 1319 2803 iudice,
1360 2736 1571 2793 etiamsi
1616 2736 1795 2791 nullus
1823 2747 2038 2797 accuset
2059 2737 2101 2803 ³,

519 2805 844 2878 omnimodis
878 2809 1121 2878 separati
1164 2806 1328 2862 exilio
1371 2816 1633 2878 perpetuo
1689 2806 1997 2874 relegentur
2045 2808 2099 2874 ⁶;

518 2888 636 2954 προ,
649 2876 829 2954 aliqua
860 2874 1175 2954 deﬁnitione
1202 2879 1221 2908 ⁷
1246 2878 1349 2942 sui,
1371 2874 1669 2948 quousque
1694 2878 1948 2948 vixerint,
1978 2879 2102 2935 lon-

516 2946 758 3014 gitudine
788 2949 1043 3014 temporis
1069 2946 1415 3004 excuseutur;

587 3013 712 3070 412.
751 3013 911 3081 ραοιΙ
942 3017 1310 3091 blasphemiam
1353 3017 1460 3091 Deo
1500 3020 1714 3090 inferat,
1757 3020 1845 3091 qui
1895 3034 1951 3074 se
1987 3036 2104 3074 cum

516 3083 628 3157 Deo
679 3100 887 3141 sacrata
939 3083 1219 3145 miscuerit.
1280 3088 1430 3145 Scire
1487 3083 1583 3146 vos
1643 3083 1933 3154 convenit,
1970 3091 2096 3157 quia

2202 1893 2381 2016 alilqtlia
2411 1909 2468 1949 re
2489 1893 2711 1960 fecerit,
2744 1892 3449 1965 multetur—et‘dampnetur
3474 1892 3803 1963 quindecim

2202 1977 2262 2016 SO
2290 1979 2320 2015 lt
2349 1979 2414 2016 ts.

2200 1977 2414 2021 SOlltltS.

2430 2033 2732 2103 Praeceptio
2757 2035 2823 2102 ‘°,
2850 2042 2907 2088 ut
2946 2035 3206 2105 mancipia
3247 2034 3538 2088 christiana
3570 2035 3804 2104 paganis

2201 2104 2278 2159 vel
2306 2101 2513 2158 Iudaeis
2553 2101 2656 2158 non
2706 2101 3004 2160 tradantur.
3050 2101 3418 2173 Praecipimus
3464 2101 3804 2173 generaliter

2202 2174 2476 2245 omnibus,
2504 2182 2562 2228 ut
2583 2175 2846 2245 mancipia
2876 2176 3170 2231 christiana
3196 2174 3420 2245 paganis
3444 2176 3536 2230 vel
3583 2174 3804 2229 Iudaeis

2204 2259 2310 2298 non
2338 2243 2640 2298 tradantur.

2273 2312 2397 2366 424.
2426 2311 2494 2387 Ut
2519 2330 2694 2369 omnes
2720 2316 2951 2387 noverint
2985 2315 3047 2384 η,
3071 2324 3318 2387 quantum
3344 2312 3540 2369 malum
3565 2316 3635 2369 sit
3663 2314 3795 2379 Deo,

2204 2394 2438 2438 sacratas
2466 2385 2737 2439 incestare.
2771 2383 3019 2440 lubemus
3036 2383 3236 2441 omnes
3256 2386 3400 2440 scire
3429 2388 3801 2454 omnibusque

2204 2454 2572 2525 sacerdotibus
2612 2454 2927 2523 praedicare
2979 2467 3146 2525 atque
3191 2457 3293 2509 sub
3320 2470 3492 2525 poena
3520 2456 3798 2525 sacrilegii

2204 2523 2524 2597 denuntiare
2544 2534 2802 2597 quantum
2834 2526 3032 2597 malum
3056 2523 3122 2597 et
3169 2523 3336 2595 quani
3346 2526 3664 2597 maxinmm
3685 2524 3800 2597 lla-

2204 2595 2392 2662 gitium
2422 2594 2493 2646 sit
2537 2609 2658 2649 cum
2701 2594 2811 2650 Deo
2835 2594 3043 2650 devotis
3071 2594 3284 2651 feminis
3307 2594 3467 2650 viduis
3496 2596 3580 2648 vel
3616 2595 3794 2661 virgi-

2204 2665 2384 2731 nibus,
2406 2665 2519 2718 sive
2545 2679 2666 2719 cum
2696 2665 2907 2728 velatis,
2932 2666 3044 2720 sive
3064 2680 3187 2720 cum
3221 2665 3553 2728 Deodevotis,
3584 2665 3780 2717 maxi-

2208 2749 2401 2804 meque
2422 2749 2542 2789 cum
2570 2735 3070 2790 sanctimonialibus
3095 2744 3151 2790 et
3180 2736 3395 2790 sacratis
3416 2734 3527 2789 Deo
3554 2734 3790 2801 virgini-

2205 2804 2307 2861 bus
2335 2804 2419 2876 vel
2450 2804 2775 2876 vitlguisutam
2826 2806 2880 2860 in
2927 2807 3471 2876 monasteriisquam
3515 2813 3576 2859 et
3628 2814 3797 2859 extra

2206 2873 2567 2931 commisceri.
2594 2873 2751 2944 iNun
2798 2876 2903 2930 hoc
2950 2887 3229 2944 peccatum
3274 2873 3475 2944 duplex
3518 2889 3643 2929 esse
3681 2890 3793 2929 non

2207 2945 2429 3001 dubium
2460 2952 2562 2999 est.
2590 2943 2660 2999 Ut
2688 2946 2835 3000 verbi
2857 2943 3027 3015 gratia
3051 2945 3311 3010 dicamus,
3344 2943 3496 3000 cuius
3521 2945 3798 2999 vindictae

2208 3031 2330 3071 reus
2350 3016 2422 3072 sit
2444 3030 2575 3084 puer
2611 3028 2738 3070 ante
2766 3016 3043 3071 dominum
3070 3032 3250 3073 suum.
3283 3019 3375 3084 qui
3411 3028 3647 3069 uxorem
3690 3015 3795 3069 do-

2210 3087 2339 3141 mini
2362 3086 2442 3140 sui
2464 3087 2731 3156 adulterio
2761 3087 3074 3152 violavent;
3104 3095 3310 3156 quanto
3340 3085 3514 3154 magis
3544 3085 3640 3139 ille
3659 3123 3675 3146 .
3698 3084 3794 3153 qui

517 3156 905 3234 blasphemiam
940 3159 1048 3234 Deo
1075 3160 1277 3229 irrogat
1307 3161 1398 3228 qui
1445 3175 1568 3234 cum
1623 3160 1732 3217 Deo
1762 3154 2099 3216 sacrata—vel
2130 3171 2175 3234 (ι
2206 3171 2459 3234 sponsam
2480 3154 2686 3234 _(_3b_risti
2718 3157 2976 3234 creatoris
3001 3154 3139 3234 coeli
3168 3172 3233 3234 ac
3281 3165 3462 3234 terrae
3498 3165 3667 3234 putre
3684 3156 3787 3234 'iue

516 3241 637 3292 cum
668 3230 837 3283 velata
871 3228 1065 3283 femina
1085 3245 1145 3284 se
1168 3231 1543 3285 commaculat.

587 3297 712 3352 “5.
766 3298 842 3370 dUt
872 3301 1085 3354 clericus
1110 3317 1213 3363 pro,
1240 3301 1319 3354 rio
1348 3302 1538 3355 tonare
1589 3302 1839 3370 privetur,
1890 3302 1935 3355 si
1984 3317 2098 3354 cun

518 3371 710 3437 femina
754 3368 866 3423 Deo
901 3372 922 3400 ⁸
952 3379 1161 3423 sacrata
1190 3371 1268 3425 υ.ι
1307 3372 1475 3424 velata
1521 3368 2001 3426 se‘commiscuerit.
2040 3371 2098 3425 Si

516 3439 744 3494 clericus
765 3456 885 3494 cum
913 3442 1088 3493 velata
1118 3439 1316 3494 femina
1339 3441 1422 3494 vel
1452 3455 1575 3494 cum
1631 3441 1738 3495 Deu
1783 3449 1997 3503 sacrata
2040 3456 2101 3497 sc

518 3512 886 3573 maculaverit,
907 3510 1126 3577 proprio
1154 3510 1359 3564 honore
1387 3510 1644 3579 privetur.

587 3579 714 3636 414.
756 3580 906 3644 Quod
951 3580 1187 3647 διεενὶιοςιὶ
1230 3590 1280 3633 et
1329 3581 1600 3634 violatores
1618 3580 1767 3635 iuxta
1809 3580 2100 3651 apostolum

517 3655 643 3717 sint,
673 3653 759 3719 qui
780 3652 1044 3705 violantsa
1078 3661 1307 3721 ratorum
1324 3650 1633 3719 feminarum
1648 3650 1885 3721 corpora.
1914 3650 2102 3706 Scien-

518 3724 646 3777 dum
669 3732 751 3777 est
779 3721 1048 3785 oumilius,
1073 3719 1217 3787 quod
1248 3720 1357 3774 Deo
1397 3719 1746 3775 sacratarum'
1782 3722 2099 3776 feminarum

518 3807 747 3863 corpora
768 3808 864 3863 per
893 3799 1074 3845 votum
1106 3790 1354 3858 propriae
1378 3791 1684 3863 sponsionis
1729 3799 1784 3845 et
1811 3793 1971 3845 verba
2013 3808 2099 3844 sa-

520 3860 903 3920 cerdotis'Deo
942 3870 1256 3917 cozisecrata
1300 3860 1497 3928 templa
1546 3875 1668 3915 esse
1707 3863 2099 3922 scripturarum

521 3935 840 3989 testimoniis
870 3931 1292 4002 conprobantur.
1316 3928 1391 4002 Et
1430 3930 1556 4002 ilco
1583 3931 1893 4002 violatores,
1913 3946 2099 3986 earum

517 4006 762 4074 sacrilegi
808 4020 875 4060 ac
923 4000 1072 4059 iuxta
1118 4000 1419 4071 apostolum
1468 4001 1563 4055 lilii
1610 4000 1929 4072 perditionis
1979 4017 2100 4057 esse

520 4085 834 4131 noscuntur.

588 4143 713 4199 415.
750 4146 898 4213 Quod
937 4142 1214 4214 fornicatio
1239 4143 1472 4197 omnibus
1505 4144 1727 4209 peccatis
1766 4142 2102 4214 periculoiior

518 4232 628 4271 esse
654 4212 965 4286 perhibetur.
991 4214 1145 4281 Quod
1168 4229 1343 4283 poene
1363 4215 1610 4286 omnith
1628 4212 1865 4286 peccatis
1884 4214 2104 4286 gravior

518 4295 574 4339 et
602 4284 839 4341 deterior
862 4287 934 4342 sit
961 4286 1268 4348 fornicatio,
1297 4291 1352 4338 et
1388 4285 1654 4339 veraciter
1681 4284 1782 4338 dici
1818 4291 1995 4351 potest
2024 4284 2102 4337 Ia-

520 4369 691 4423 queus
713 4358 899 4409 mortis
918 4365 974 4410 et
997 4364 1188 4421 puteus
1209 4354 1400 4407 inferni
1436 4370 1499 4407 ac
1533 4368 1733 4422 vorago
1762 4353 2098 4423 perditionis,

520 4422 587 4478 eo
614 4426 757 4493 quod
779 4425 1003 4480 adulteri
1033 4425 1114 4479 vel
1137 4423 1397 4478 luxoriosi
1422 4430 1637 4491 propter
1656 4422 1835 4479 cordis
1864 4422 2098 4493 inopiam

525 4492 753 4561 perdunt
785 4496 997 4551 animas
1019 4510 1166 4549 suas.
1200 4494 1328 4546 Nam
1360 4505 1417 4546 ut
1439 4493 1818 4562 aitscriptura,
1865 4492 2098 4561 pretium

2208 3223 2342 3284 suae
2364 3224 2603 3283 libidinis
2631 3226 3108 3282 comtnaculaverit
3126 3269 3143 3291 ,
3172 3228 3389 3281 dicente
3430 3228 3599 3280 beato
3630 3223 3792 3279 Paulo

2202 3296 2454 3369 apostolo
2481 3313 2499 3369 :_
2530 3296 2609 3351 An
2655 3297 2925 3369 nescitist
2947 3299 3067 3369 quia
3115 3313 3352 3369 ανρριτι⁸
3380 3303 3585 3369 rastra
3611 3295 3791 3364 temple

2203 3364 2309 3424 sint
2357 3364 2589 3435 Spiritus
2632 3368 2839 3420 sancti?
2892 3364 2970 3421 Et'
3002 3368 3166 3421 alibi:
3198 3364 3444 3429 Nescitis,
3495 3367 3626 3433 quia
3673 3374 3792 3418 teut-

2202 3438 2343 3508 plum
2377 3438 2473 3490 Dei
2499 3439 2622 3508 estis
2651 3447 2708 3508 et;
2722 3437 2935 3508 spiritus
2966 3435 3061 3490 Dei
3082 3437 3281 3490 habitat
3300 3437 3355 3508 in
3382 3437 3571 3508 rubis?
3600 3435 3663 3508 ξε
3685 3436 3789 3505 quis

2203 3504 2374 3561 autem
2411 3506 2650 3576 templum
2687 3506 2778 3561 Dei
2805 3507 3085 3570 violaverit,
3116 3506 3378 3574 disperdet
3406 3505 3565 3559 illum
3609 3504 3740 3557 ne.
3768 3519 3785 3555 :

2206 3584 2450 3645 tem,tum
2473 3578 2610 3630 enim
2640 3576 2741 3629 Dei
2758 3586 2994 3630 sanctum
3019 3587 3113 3642 est,
3141 3576 3277 3647 quod
3303 3577 3425 3629 estis
3444 3592 3579 3647 pos.
3606 3576 3675 3627 Et
3700 3577 3788 3628 ite-

2206 3644 2323 3702 rum
2345 3647 2679 3702 idololatriae
2710 3647 2751 3677 ¹¹
2785 3647 3032 3700 servituti
3059 3644 3335 3700 adulteros
3356 3655 3411 3699 et
3436 3644 3790 3699 fornicatom

2204 3717 2257 3772 in
2287 3732 2538 3773 sermone
2582 3726 2638 3771 et
2683 3731 2908 3771 numero
2950 3725 3293 3785 peccatormn
3345 3716 3525 3783 iungit
3566 3716 3785 3785 dicens;

2204 3792 2283 3857 {in
2308 3787 2534 3852 nescitis,
2558 3787 2678 3857 quia
2704 3786 2867 3857 iniqui
2899 3782 3110 3857 regnum
3150 3786 3246 3840 Dei
3278 3802 3383 3839 nun
3419 3782 3791 3857 possidebunt!

2205 3856 2386 3912 Nolite
2406 3855 2616 3921 errare;
2642 3857 2763 3927 quia
2793 3855 3264 3926 ueque'fornicuiii,
3288 3872 3450 3923 neque
3502 3855 3664 3910 idolis
3683 3870 3785 3927 ser-

2208 3929 2419 3993 vientes,
2448 3942 2605 4048 neque
2649 3925 2892 3990 adulteri,
2919 3925 3079 3997 neque
3105 3928 3304 3989 molles,
3337 3942 3508 3994 neque
3535 3925 3791 4007 masculo-

2208 4014 2321 4048 rum
2349 4012 2505 4048 concu
2544 4006 2720 4048 tlores.
2773 4012 2838 4048 ne
2855 4012 2935 4048 :ue
2983 4006 3151 4048 iures.
3204 4012 3365 4048 neutte
3410 4012 3444 4047 a
3480 4012 3589 4048 art.
3644 4011 3791 4048 non?

2206 4014 2321 4051 rum
2349 3997 2720 4063 concubitores,
2773 4012 2935 4060 neme
2982 4006 3151 4065 fures,
3204 4012 3365 4062 neque
3410 4012 3444 4047 a
3480 3997 3589 4061 ari,
3644 4011 3792 4064 n-quz

2204 4068 2616 4189 εὺνὶοῗιὶςὺησᾳιιθ
2659 4066 2918 4133 maledici,
2950 4082 3112 4138 neque
3156 4082 3374 4138 rapaces
3424 4082 3657 4134 regnum
3708 4066 3791 4118 Dei

2206 4142 2340 4189 nossi
2382 4154 2407 4189 ε
2442 4146 2555 4189 unt.

2241 4142 2555 4192 ossidebunt.

2205 4156 2555 4209 possiaeuunt.

2253 4205 2400 4278 749.5.
2445 4206 2513 4260 Ut
2537 4207 2658 4278 quia
2687 4206 2964 4278 necessitas
2992 4206 3243 4261 bellorum
3271 4206 3429 4276 cogit,
3468 4222 3602 4269 pars
3649 4222 3794 4278 ρεισιγ

2204 4277 2344 4342 uiae,
2373 4292 2502 4347 quae
2541 4273 2787 4349 ecclesiae
2826 4276 3060 4349 debetur,
3106 4273 3372 4349 aliquanto
3422 4273 3663 4349 tempore
3707 4273 3790 4329 sub

2204 4346 2436 4418 incuria
2465 4347 3150 4418 retineatur._Asseutimus
3178 4346 3304 4403 cum
3334 4346 3593 4418 consilio,
3613 4360 3790 4418 servio-

2206 4414 2320 4472 rum
2350 4416 2441 4470 Dei
2470 4426 2523 4471 et
2549 4417 2727 4487 populi
2750 4416 3026 4471 christiani
3058 4429 3278 4487 propter
3308 4416 3636 4487 inminentia
3664 4414 3792 4469 bella

2205 4496 2261 4541 et
2282 4486 2684 4557 persecutiones
2711 4486 3335 4555 caeterarum’gentium,
3360 4501 3507 4556 quae
3541 4486 3677 4557 "Ain
3698 4486 3792 4539 cir-

519 4551 687 4619 scorti
707 4566 796 4621 vix
827 4566 983 4620 unius
1011 4574 1094 4620 est
1121 4564 1307 4633 panis;
1329 4571 1384 4616 et
1407 4562 1498 4631 qui
1525 4576 1585 4633 se
1607 4551 1776 4631 iungit
1808 4551 2102 4631 meretrici,
2134 4551 2179 4610 D
2207 4551 2355 4612 cuitu
2381 4565 2567 4633 nostro
2596 4566 2740 4633 sunt,
2764 4566 2823 4611 ut
2866 4557 2978 4633 sub_
2997 4551 3243 4633 precario
3268 4551 3329 4612 et
3344 4551 3517 4633 censu
3557 4555 3791 4633 aliquant

522 4650 685 4706 unum
714 4652 910 4706 corpus
929 4632 1155 4691 ellicitur
1179 4650 1192 4699 ;
1225 4633 1384 4702 etqui
1409 4632 1729 4700 luxuriatur,
1761 4642 2003 4687 mortuus
2023 4642 2105 4688 est

522 4705 573 4759 iu
603 4705 833 4776 corpore
855 4706 1087 4763 vivente.

590 4772 715 4831 416.
741 4777 931 4841 Quales
960 4776 1176 4829 debeant
1223 4774 1507 4843 scripturae
1534 4775 1724 4830 valere.
1760 4772 2095 4840 Scripturae,

520 4862 663 4915 quae
691 4847 831 4903 diem
854 4856 909 4902 et
929 4862 1126 4901 annum
1158 4844 1441 4900 habuerint
1467 4845 1744 4901 evidenter
1783 4856 2099 4912 expressum

522 4927 688 4985 atque
710 4917 1009 4975 secundum
1034 4916 1162 4984 legis
1200 4917 1439 4971 ordinem
1467 4915 1825 4983 conscriptae
1851 4928 1972 4969 esse
2001 4928 2100 4985 no-

521 4984 766 5054 scuntur,
808 5004 902 5043 seu
950 4986 1246 5044 conditoris
1295 4986 1379 5041 vel
1425 4986 1640 5040 testium
1687 4985 1886 5041 fuerint
1930 4984 2098 5053 signis

523 5067 617 5115 aut
643 5059 1128 5129 subscriptionibus
1157 5057 1464 5119 roboratae,
1496 5056 1644 5109 omni
1671 5056 2095 5111 habeantursta-

525 5130 660 5184 biles
685 5132 956 5186 lirmitate.

595 5200 718 5253 417.
755 5201 821 5255 Ut
874 5203 947 5255 ita
993 5198 1158 5254 caleat
1206 5197 1557 5262 (ommutatio,
1612 5196 1745 5251 sicut
1791 5204 1840 5249 et
1884 5195 2095 5265 emptio.

525 5270 885 5327 Commutatio
906 5273 949 5325 si
981 5286 1086 5325 non
1115 5266 1276 5323 fuerit
1302 5283 1397 5337 per
1418 5269 1523 5322 vim
1545 5277 1601 5323 et
1630 5279 1830 5321 metum
1859 5276 2098 5332 extorta,

528 5339 686 5398 talem
715 5341 927 5412 qualem
953 5350 1010 5396 et
1028 5340 1233 5410 emptio
1263 5338 1461 5395 habeat
1491 5338 1825 5393 firmitatem.

2208 4636 2417 4698 partem
2447 4626 2744 4698 ecclesialis
2788 4626 3049 4697 pecuniae
3079 4628 3132 4698 in
3158 4628 3491 4682 adiutorium
3525 4628 3793 4698 exercitus

2205 4696 2376 4753 nostri
2405 4711 2524 4751 cum
2555 4696 2882 4768 indulgentia
2915 4698 3007 4753 Dei
3051 4697 3329 4768 aliquanto
3350 4704 3633 4768 tempore
3673 4696 3793 4750 reti-

2205 4782 2430 4823 neamus
2456 4781 2522 4821 ea
2550 4767 2879 4838 conditione,
2904 4775 2961 4821 ut
2989 4767 3156 4823 annis
3189 4767 3415 4838 singulis
3445 4767 3520 4838 de
3549 4781 3793 4838 unaqua-

2204 4853 2311 4907 que
2334 4844 2516 4893 casata
2537 4836 2760 4905 solidus,
2792 4837 2843 4891 id
2865 4846 2947 4892 est
2968 4838 3251 4892 duodecim
3279 4835 3514 4903 denarii,
3538 4835 3610 4889 ad
3635 4837 3792 4907 coctis;

2203 4903 2337 4963 siam
2377 4907 2463 4961 vel
2508 4903 2892 4963 monasterium
2930 4908 3184 4962 reddatur
3217 4908 3293 4973 υς
3327 4922 3394 4962 eo
3425 4908 3596 4959 modo
3649 4916 3708 4958 ut
3742 4903 3785 4960 si

2204 4979 2465 5033 moriatur
2491 4978 2607 5044 ille,
2635 4980 2720 5033 cui
2749 4978 2976 5048 pecunia
3016 4978 3358 5033 commodata
3408 4976 3536 5042 fuit,
3566 4977 3789 5048 ecclesia

2200 5064 2322 5107 cum
2348 5049 2562 5117 propria
2593 5046 2817 5118 pecunia
2847 5051 3100 5103 revestita
3132 5050 3239 5114 sit;
3268 5062 3323 5103 et
3349 5049 3561 5118 iterum
3599 5046 3648 5101 si
3700 5061 3793 5101 nc-

2199 5120 2421 5176 cessitas
2457 5117 2619 5186 cogat
2667 5129 2725 5175 ut
2756 5119 2800 5151 ¹⁶
2836 5119 3083 5188 princeps
3114 5120 3324 5188 iubeat,
3351 5117 3665 5188 precarium
3713 5130 3795 5171 te-

2203 5198 2430 5245 novetur
2457 5197 2514 5244 et
2534 5186 2862 5245 rescribatur
2890 5186 3110 5245 novum.
3144 5187 3257 5244 lloc
3283 5186 3508 5243 omnino
3540 5186 3793 5241 observe-

2204 5269 2311 5325 tur,
2343 5267 2400 5314 ut
2426 5259 2691 5336 ecclesiae
2713 5260 2796 5316 vel
2825 5260 3149 5315 monasteria
3176 5261 3457 5336 penuriam
3490 5266 3795 5336 etpauper-

2205 5339 2370 5385 tatem
2402 5344 2510 5386 non
2539 5329 2836 5400 patiantur,
2889 5344 3121 5400 quorum
3172 5330 3400 5400 pecunia
3440 5328 3496 5381 in
3545 5328 3793 5398 precario

1735 5471 2127 5539 VARIANTES
2170 5466 2575 5526 LECTIONES.

604 5598 615 5627 '
646 5612 764 5651 nam
794 5594 1068 5666 quomodo
1088 5592 1316 5666 prcdicti
1338 5592 1405 5648 Ο.
1448 5594 1502 5666 _’
1525 5580 1734 5666 cpi—3‘0.
1782 5589 1828 5666 __’
1851 5587 2338 5666 separationemet
2362 5580 2743 5654 poenitentiam
2967 5592 3023 5666 ς.
3046 5576 3426 5666 incestivaip:
3457 5574 3579 5666 βαι.
3610 5573 3798 5666 ..Ἐς-

525 5678 739 5724 cusator
764 5662 831 5724 sit
866 5665 978 5721 Bal.
1056 5662 1408 5728 “redigentur
1435 5662 1503 5717 ϐ.

1601 5663 1619 5693 ⁷
1646 5656 2015 5716 indelinilione
2043 5656 2161 5712 Bal.

2250 5656 2271 5685 "
2299 5643 2427 5709 l).'s.
2458 5668 2508 5706 v.
2539 5669 2586 5704 ιν.
2612 5668 2658 5708 s.
2684 5667 2735 5707 c.
2762 5650 2947 5705 desunt
2974 5646 3039 5702 (ἒ.
3116 5647 3137 5677 ⁸
3170 5643 3433 5703 voverunt
3457 5644 3528 5698 (ὅ.
3610 5643 3653 5673 ¹⁰
3675 5657 3799 5709 pm-

1005 5752 1057 5792 ο.
1091 5712 2008 5803 n:“adutil-caedentiscap;Vverba
2048 5728 2207 5783 traa'il
2250 5726 2315 5782 (ἒ.
2395 5726 2435 5756 ¹¹
2467 5722 2749 5807 idolatriae
2784 5719 2854 5776 (ἱ.
2934 5718 2975 5751 ¹³
3007 5716 3098 5789 qui
3126 5718 3194 5776 Ο.
3275 5717 3316 5750 ³⁸
3347 5715 3644 5776 reddantur
3677 5712 3785 5769 Bal

530 5807 653 5867 "et
680 5807 797 5867 littl.
