3974 6340
502 353 608 410 805

1390 347 1448 402 B.
1489 345 1739 402 CAROLI
1784 346 1997 403 MAGNI
2035 348 2188 404 OPP.
2232 347 2412 403 PARS
2441 349 2482 404 1.
2531 343 2772 405 SECTlO
2819 349 2852 403 l.

3698 349 3821 410 8.05

499 464 620 532 quis
668 463 920 516 adversus
967 475 1062 516 eos
1110 461 1374 527 habuerit,
1427 463 1480 516 in
1537 463 1782 517 notitiam
1827 463 2064 532 episcOpi
2102 468 2143 524 Α
2173 477 2332 531 quam
2365 461 2485 533 ipsi,
2517 463 2561 517 si
2583 463 2816 518 convicti
2842 471 3044 527 essent,
3075 460 3285 532 passuri
3307 469 3479 526 erant,
3509 460 3816 531 patiatur.

498 533 702 603 proprii
753 533 1040 602 perducat;
1072 539 1128 585 et
1157 533 1268 600 ipse
1297 548 1512 587 causam
1541 534 1740 588 iustitia
1774 544 2068 602 praeeunte

499 604 813 667 discutiens,
846 606 1023 657 anlmo
1054 603 1282 655 clericos
1306 606 1579 658 accusanti
1611 605 1926 658 satisfaciat.

569 671 690 726 455.
729 671 797 726 Ut
843 674 894 726 hi
940 674 976 737 ‘,
1021 675 1108 743 qui
1159 673 1456 727 innocentes
1492 674 1632 738 apud
1667 675 1952 743 principem
1996 676 2073 727 vel

500 744 643 810 apud
685 744 816 795 alios
877 744 1224 796 accusaverint
1279 747 1588 798 damnrntur
1619 747 1662 799 '.
1722 747 1796 799 De
1827 746 1926 808 his,
1983 744 2074 813 qui

500 813 815 866 innorenles
845 813 910 865 ad
942 815 1208 882 principes
1237 822 1329 868 aut
1356 815 1559 870 iudices
1596 830 1855 870 accusare
1881 816 2071 869 convi-

497 883 811 946 ctil’nerint,
845 885 889 937 si
940 883 1166 938 clericus
1198 885 1514 939 honoratior
1559 885 1740 948 fuerit,
1794 887 1861 939 ab
1909 885 2072 939 officii

495 952 576 1004 sui
609 953 797 1007 ordine
821 953 1180 1022 degradetur;
1223 954 1270 1008 si
1317 970 1447 1010 vero
1494 955 1773 1018 secularis,
1815 971 2070 1025 poenam,

2180 533 2244 586 Et
2278 535 2494 597 insuper
2517 535 2560 587 si
2593 534 2710 588 talis
2733 549 2894 587 causa
2923 533 3105 596 fuerit,
3138 533 3278 586 unde
3308 533 3483 585 vivere
3514 534 3808 595 debeant.

2179 620 2208 657 a
2231 605 2600 657 sacerdotibus
2626 605 2833 669 publica
2861 605 3194 672 poenitentia
3215 603 3530 668 mullentur,
3576 612 3644 656 ut
3681 605 3805 672 spi-

2181 675 2314 727 ritus
2339 678 2518 726 salvus
2541 676 2611 726 sit
2639 675 2687 726 in
2713 675 2800 726 die
2829 675 3058 727 Domini.

2250 745 2372 797 456.
2413 744 2480 797 Ut
2509 746 2682 798 clerici
2705 744 2766 796 de
2796 745 2874 796 liis
2897 745 3067 797 causis
3115 760 3244 814 quas
3270 743 3433 796 seculi
3476 743 3629 814 leges
3694 760 3815 798 non

2182 815 2462 868 admittunt
2504 817 2525 846 ³
2556 818 2764 868 minime
2806 813 3137 881 impetantur.
3169 813 3324 868 Nullo
3371 813 3546 867 cause,
3578 829 3610 866 a
3651 815 3814 868 iudi-

2178 888 2328 940 cibus
2360 886 2746 943 ecclesiasticis
2764 885 3075 945 audiantur.
3109 899 3247 952 quae
3279 884 3483 950 legibus
3507 900 3622 940 non
3654 901 3812 940 con-

2181 957 2418 1010 tinentur
2437 959 2522 1011 vel
2552 971 2692 1025 quae
2719 956 3020 1026 prohibilae
3055 969 3178 1010 esse
3207 963 3526 1008 noscuntur.

1734 1047 2126 1103 V’ARIANTES
2164 1048 2566 1104 LECTIONES.

570 1138 586 1168 ¹
619 1137 692 1192 De
712 1138 793 1194 his
817 1138 933 1193 Bal.
1009 1140 1028 1169 ¹
1056 1139 1196 1193 deest
1219 1139 1339 1194 Bal.

523 1263 834 1275 —

1420 1141 1441 1172 ³
1465 1142 1638 1196 causis
1658 1156 1794 1212 quae
1813 1157 1859 1196 s.
1890 1145 1924 1195 Ι.
1957 1157 2080 1196 nam
2103 1141 2378 1195 dimittunt
2395 1138 2461 1194 G.

1725 1358 2027 1436 LIBER
2083 1355 2559 1433 TERTIUS.

493 1559 813 1644 Nonnulla
830 1559 1305 1644 _ha_ec_capit_ula
1338 1577 1452 1644 pro
1482 1560 1794 1623 brevitate
1824 1561 1971 1623 libri
1995 1575 2313 1644 canonum
2345 1569 2537 1644 atque
2571 1563 2827 1644 levitate
2848 1582 2882 1624 a
2904 1563 3145 1644 domno
3167 1565 3400 1628 Karolo
3425 1572 3484 1629 et
3506 1587 3545 1630 a
3567 1569 3723 1631 suis
3751 1579 3796 1644 ',

574 1638 1067 1725 sapientissimis
1105 1638 1443 1719 episcopis
1478 1648 2001 1725 _exc_erpta_sunt,
2037 1641 2350 1725 quaedam
2381 1638 2461 1705 de
2495 1642 3124 1725 capitesententiae,
3158 1646 3473 1725 quaedam
3503 1665 3673 1710 vero
3706 1638 3795 1712 de

572 1717 810 1804 medio,
845 1717 1169 1804 quaedam
1203 1717 1415 1780 autem
1458 1719 1540 1782 de
1583 1717 1730 1804 ﬁne.
1778 1721 1956 1804 Quae
2001 1717 2184 1782 valde
2228 1717 2592 1783 necessaria
2633 1721 2923 1804 habenda
2955 1729 3128 1804 sunt,
3162 1717 3366 1804 atque
3397 1728 3793 1790 memoriter

576 1797 931 1881 retinenda.
968 1797 1236 1881 Reliqua
1271 1815 1419 1860 vero
1465 1805 1595 1861 tam
1643 1800 1722 1862 ab
1772 1800 2015 1862 eisdem
2042 1844 2057 1873 ,
2110 1817 2302 1880 quam
2335 1806 2397 1862 et
2424 1805 2647 1881 postea
2677 1819 2713 1862 a
2741 1801 2980 1862 domno
3011 1797 3395 1865 Hluduviico
3445 1805 3582 1867 tilio
3633 1808 3788 1868 eius

561 1876 835 1968 suisque
867 1876 1244 1955 proceribus
1275 1883 1457 1941 aucta
1489 1884 1663 1939 sunt.

561 1999 611 2053 1.
657 1999 732 2055 De
761 2002 983 2072 primafu
1019 2001 1352 2056 ecclesiarum
1400 2010 1449 2072 et
1478 2001 1818 2055 sacerdotum.
1852 2000 1921 2055 Ut
1945 2015 2072 2054 una-
2110 2008 2151 2066 Β

495 2085 743 2140 quaeque
764 2071 999 2127 ecclesia
1055 2075 1166 2125 sive
1197 2071 1563 2139 unusquisque
1621 2073 1876 2126 sacerdos
1918 2088 2072 2126 suum

498 2142 782 2213 priuatum
817 2151 1017 2209 tcncat,
1046 2142 1188 2197 sicut
1231 2141 1283 2195 in
1325 2143 1560 2213 antiquis
1609 2143 1905 2197 canonibus
1946 2157 2073 2197 con-

492 2212 736 2265 stitutum
767 2224 869 2267 est.

561 2280 615 2337 2.
661 2282 727 2336 Ut
757 2285 924 2339 onmis
954 2284 1081 2338 ordo
1098 2283 1398 2337 rlerirorum
1421 2283 1657 2352 episcopo
1687 2300 1780 2337 suo
1820 2282 2073 2336 subiectus

490 2362 715 2407 maneat.
749 2354 960 2420 Clerici,
978 2356 1068 2422 qui
1095 2353 1478 2424 praeticiuntur
1506 2353 1558 2424 in
1587 2354 1815 2424 ptochiis
1836 2355 1855 2383 ²
1881 2353 1961 2406 vel
1985 2354 2072 2423 qui

489 2424 805 2496 ordinantur
827 2427 877 2478 in
902 2425 1243 2496 monasteriis
1263 2424 1348 2477 vel
1374 2423 1606 2496 basilic's
1636 2434 1950 2496 martyrum,
1977 2424 2074 2479 sub

488 2495 884 2565 episcoporum,
911 2495 1000 2565 qui
1034 2497 1085 2548 in
1115 2508 1434 2565 unaquaque
1459 2494 1676 2547 civitate
1705 2494 1852 2558 sunt,
1878 2508 2070 2547 secun-

488 2563 615 2616 dum
647 2579 760 2617 sant
782 2563 954 2618 torum
992 2572 1202 2634 patrum
1230 2563 1548 2634 traditiones
1574 2573 1838 2630 potestate
1863 2577 2074 2634 perma-

491 2644 656 2704 ncant
684 2649 780 2686 nec
809 2651 904 2704 per
928 2632 1321 2688 contumaciam
1374 2634 1440 2686 ab
1467 2633 1722 2702 episcopo
1775 2649 1876 2687 suo
1919 2632 2074 2704 dissif

487 2703 642 2756 liant.
671 2705 1007 2772 Quicumque
1036 2720 1162 2758 vero
1191 2704 1389 2757 audent
1432 2711 1679 2757 evertere
1709 2703 2072 2757 huiuscemodi

487 2773 712 2827 formam
741 2789 1078 2843 quocmnque
1125 2772 1301 2838 modo,
1348 2786 1446 2826 ncc
1483 2775 1698 2842 proprio
1742 2772 2076 2843 subiciuntur

486 2842 771 2914 episcopo,
795 2844 1054 2914 siquidem
1085 2843 1266 2914 clerici,
1293 2851 1437 2909 sunt,
1469 2859 1733 2898 canonum
1771 2842 2072 2914 correptio-

487 2915 643 2968 nilms
669 2913 968 2974 subiciant;
1000 2916 1044 2969 si
1075 2930 1202 2969 vero
1260 2913 1379 2968 laici
1437 2919 1516 2968 vel
1548 2914 1792 2969 monachi
1839 2913 2032 2968 fuerint
2055 2951 2070 2978 ,

486 2985 866 3038 commnniooe
899 2985 1192 3054 priventur.

557 3053 610 3108 5.
655 3054 718 3109 Ut
751 3053 908 3110 nemo
933 3058 1233 3111 clericorum
1265 3055 1440 3110 relicto
1473 3057 1711 3125 cpisropo
1760 3055 1972 3126 proprio
2004 3053 2074 3109 at!

484 3127 688 3196 negotia
710 3127 963 3180 secularia
993 3135 1193 3198 mgret.
1221 3127 1373 3192 Quod
1405 3141 1510 3180 nou
1543 3139 1790 3196 oporteat
1815 3127 2071 3181 sacerdo-

487 3204 593 3248 tem
623 3197 703 3250 vel
733 3198 1012 3265 clericum,
1041 3197 1300 3252 habentes
1352 3198 1612 3251 adversus
1639 3198 1867 3251 invicem
1902 3211 2072 3266 nego-

485 3267 581 3328 tia,
607 3267 882 3340 proprium
912 3269 1220 3340 episcopum
1251 3267 1554 3336 relinquere
1599 3274 1654 3322 et
1701 3267 1769 3321 ad
1810 3269 2072 3322 secularia

485 3337 702 3402 negotia
732 3338 1043 3391 convolare.

1171 3407 1402 3480 diaconi:
1406 3406 1592 3477 absque
1617 3407 1841 3480 episcopi
1871 3409 2070 3480 proprii
2101 3388 2144 3449 Ο

483 3475 912 3532 consensum/iit
962 3487 1310 3545 praesumant.
1372 3475 1662 3533 Presbiteri
1716 3478 1736 3509 ³
1779 3475 1833 3533 et
1854 3475 2068 3533 diaconi

486 3556 700 3616 praeter
728 3547 1039 3617 episcopum
1081 3549 1211 3603 nihil
1238 3561 1396 3617 agere
1424 3557 1748 3617 pertentent.

558 3618 628 3688 5.7
655 3617 725 3671 Ut
745 3626 942 3688 tempus
963 3621 1307 3686 paenitentum
1332 3619 1386 3672 in
1413 3617 1824 3673 consideratione
1844 3618 2070 3688 episwpi

485 3687 754 3741 consistat.
790 3685 962 3742 l’cnes
987 3690 1268 3758 episcopos
1298 3690 1398 3742 erit
1421 3696 1682 3758 potestas,
1703 3685 2067 3744 moduincon-

485 3758 804 3812 versationis
835 3760 1161 3827 penitentum
1193 3762 1498 3828 probantes,
1528 3759 1610 3813 vel
1635 3760 1919 3815 humanius
1942 3774 2067 3827 erga

485 3842 582 3881 eos
609 3841 769 3896 agere
793 3831 873 3882 vel
906 3830 1134 3898 amplius
1180 3840 1388 3899 tempus
1416 3830 1648 3884 adicere.
1697 3829 1838 3884 Ante
1886 3832 2067 3884 omnia

485 3911 616 3954 vero
644 3899 972 3969 praecedens
999 3916 1184 3955 eorum
1207 3902 1314 3954 vita
1345 3909 1400 3954 et
1428 3902 1690 3968 pOsterior
1738 3899 2065 3968 inquiratur,

483 3976 542 4022 et
572 3969 644 4040 ita
665 3970 755 4040 peis
782 3971 1109 4040 inperciatur
1131 3970 1454 4025 humanitas.

555 4039 608 4094 6.
651 4038 731 4093 De
751 4038 1098 4110 paenitentum
1126 4057 1367 4096 conversa
1388 4043 1505 4095 iane
1535 4049 1584 4096 et
1609 4042 1732 4111 ﬁde.
1759 4039 2066 4096 Conversa-

484 4111 560 4165 tio
590 4112 954 4181 paenitentum
972 4120 1027 4166 et
1055 4113 1184 4166 lides
1217 4123 1425 4181 tempus
1453 4113 1749 4166 adbreviat.

555 4179 608 4234 7.
651 4179 728 4232 De
759 4183 1012 4253 fructuum
1040 4179 1398 4247 oblationibus,
1415 4185 1543 4253 quae
1565 4183 1812 4235 ministris
1825 4180 2068 4234 ecclesiae

481 4253 838 4321 conferuntur.
860 4252 916 4305 Si
946 4253 1066 4320 quis
1092 4253 1392 4306 oblationes
1419 4252 1678 4307 ecclesiae
1707 4262 1860 4306 extra
1884 4253 2063 4306 eccle-

483 4323 616 4392 siam
647 4321 890 4389 accipere
920 4323 1004 4375 vel
1037 4325 1163 4374 dare
1191 4323 1418 4376 voluerit
1437 4332 1648 4392 praeter
1672 4323 1908 4391 episcopi
1934 4338 2062 4375 con-

482 4391 760 4444 scientiam
781 4395 862 4444 vel
883 4393 1019 4456 eius,
1051 4393 1136 4446 cui
1183 4391 1545 4446 huiuscemodi
1573 4401 1695 4444 sunt
1720 4392 1895 4446 ollicia
1918 4406 2065 4445 com-

484 4462 666 4540 missa,
685 4476 782 4513 nec
801 4477 921 4514 cum
943 4463 1058 4515 eius
1080 4461 1304 4516 voluerit
1326 4476 1487 4532 agere
1516 4463 1762 4533 consilio,
1780 4462 2065 4515 anathema

489 4540 601 4585 5H..-

556 4601 608 4655 8.
649 4599 730 4674 _De
760 4601 793 4674 κδ
825 4603 904 4656 Itis
934 4618 1065 4674 quae
1100 4604 1153 4656 in
1201 4619 1324 4658 usus
1372 4620 1654 4674 pauperum
1708 4607 2061 4674 conferuntur.

483 4670 541 4725 Si
571 4671 691 4740 quis
721 4673 898 4744 ob'ata
929 4670 1135 4727 decerit
1170 4681 1250 4726 vel
1299 4670 1568 4744 acceperit
1593 4670 1815 4744 praeter
1856 4673 2065 4738 episca-

485 4759 629 4830 pum.
657 4741 738 4824 vel
762 4758 882 4824 eum
911 4745 1000 4825 qui
1032 4745 1353 4830 constitutus
1382 4741 1465 4798 est
1493 4746 1561 4799 ab
1583 4741 1649 4799 eo
1667 4743 1732 4824 ad
1752 4743 2066 4830 dispensati-.-
2099 4772 2143 4830 ο

482 4815 604 4884 dam
628 4811 1046 4868 misericordiam
1097 4816 1464 4884 pauperibus,
1521 4824 1575 4870 et
1603 4815 1692 4884 qui
1741 4812 1832 4868 dat
1869 4819 1923 4866 et
1974 4811 2066 4880 qui

479 4883 698 4952 accipit,
717 4886 1001 4939 anathema
1031 4883 1119 4940 sit.

552 4952 606 5008 9.
649 4953 716 5008 lit
773 4956 1073 5025 quicumque
1137 4955 1437 5022 synodalem
1486 4955 2067 5025 excommunicationem

479 5023 834 5095 transgressus
863 5023 1038 5095 fuerit,
1071 5028 1122 5088 in
1145 5026 1251 5079 alia
1280 5025 1474 5095 synodo
1495 5041 1636 5095 spem
1662 5023 2068 5095 recuperationis

479 5111 584 5148 non
615 5094 816 5150 habent.
849 5094 904 5152 Si
935 5101 1054 5164 quis
1091 5094 1372 5164 episcopus
1424 5096 1709 5149 damnatus
1766 5110 1795 5146 a
1823 5094 2030 5164 synodo
2051 5133 2066 5156 ,

483 5166 565 5218 vel
596 5167 855 5233 presbiter
881 5163 974 5220 aut.
1001 5163 1258 5220 diacOnus
1281 5163 1318 5218 'a
1353 5181 1451 5220 suo
1474 5166 1727 5232 θμὶεεομο
1752 5204 1767 5230 ,
1818 5163 1935 5217 ausi
1959 5163 2068 5216 fue-

483 5238 590 5288 t'Lnt
616 5236 682 5291 de
698 5252 852 5291 sacro
881 5236 1178 5292 miniSIerio
1204 5235 1400 5302 aliquid
1418 5235 1727 5302 contingere
1751 5273 1765 5295 ,
1814 5233 1926 5286 sive
1952 5233 2066 5302 epi-

481 5321 678 5375 scopus
704 5307 849 5360 iusta
877 5306 1286 5375 praecedentem
1301 5303 1762 5375 consuetudinem,
1780 5306 1894 5375 sive
1919 5319 2061 5375 pres-

479 5373 618 5427 Inter
635 5385 726 5429 aut
748 5373 1006 5430 diaconus
1032 5393 1044 5428 :
1080 5377 1224 5429 nullo
1257 5375 1418 5429 modo
1449 5375 1603 5429 liceat
1633 5374 1680 5426 ei
1706 5388 1803 5427 nec
1836 5373 1888 5427 in
1919 5373 2019 5426 alia
2042 5373 2062 5403 ⁸

478 5445 688 5514 synodo
736 5447 1092 5501 restitutionis
1147 5461 1296 5514 spem
1329 5453 1422 5498 aut
1449 5445 1624 5498 locum
1657 5443 1855 5498 habere
1902 5445 2059 5497 satis-

479 5516 750 5582 [.ctionis.
782 5516 888 5571 Sed
900 5516 1425 5571 etcommunicantcs
1437 5515 1486 5570 ei
1508 5529 1695 5569 omnes
1716 5514 2015 5568 abici-antur
2036 5514 2056 5544 ⁸

2182 2001 2248 2055 de
2301 2002 2565 2065 ecclesia;
2621 2012 2676 2056 et
2723 2002 2979 2069 maxime,
3021 2003 3102 2067 si,
3147 2011 3434 2072 postquam
3481 2005 3787 2067 didicerint

2180 2072 2284 2126 boc
2317 2073 2514 2127 factum
2541 2089 2679 2134 esse,
2712 2075 3108 2129 conununicare
3130 2077 3534 2142 temptaverint.

2248 2143 2335 2197 10.
2381 2143 2450 2197 Ut
2476 2145 2930 2197 excommunicatis
2959 2146 3004 2197 si
3025 2161 3062 2198 ε
3085 2146 3188 2208 his,
3237 2146 3324 2213 qui
3351 2147 3604 2200 ecclesias
3631 2148 3784 2204 dese.

2176 2222 2320 2279 runt,
2351 2229 2500 2266 nemo
2547 2215 2900 2267 communicet.
2947 2213 3079 2268 Cum
3123 2218 3608 2271 excommunicatis
3664 2235 3780 2274 noti

2179 2283 2338 2337 licere
2365 2285 2802 2346 communit-are;
2856 2299 2954 2339 nec
2989 2300 3110 2338 cum
3163 2284 3244 2337 his
3289 2286 3381 2352 qui
3439 2302 3539 2355 per
3577 2287 3782 2343 domos

2177 2355 2506 2407 conveniunt
2559 2355 2860 2408 devitantes
2921 2355 3194 2409 orationes
3245 2356 3551 2419 ecclesiae,
3609 2361 3781 2414 smul

2177 2426 2438 2497 orandum
2483 2431 2585 2497 est.
2612 2426 2711 2497 _Ab
2751 2424 2855 2477 alia
2900 2425 3128 2478 ecclesia
3179 2440 3284 2480 non
3335 2429 3776 2497 suscipiendum,

2177 2495 2269 2562 qui
2295 2495 2346 2546 in
2372 2493 2474 2546 alia
2499 2494 2716 2546 minime
2737 2504 3115 2562 conuregatur.

2251 2563 2337 2634 11.
2378 2562 2455 2634 De
2481 2564 2932 2617 c’onturbutoribus
2987 2565 3236 2618 ecclesiae
3275 2567 3638 2634 opprimendis.
3703 2569 3769 2623 Si

2177 2633 2297 2702 quis
2311 2633 2594 2688 ecclesiam
2625 2634 2718 2688 Dei
2741 2636 3064 2689 conturbare
3091 2643 3148 2688 et
3176 2633 3314 2688 sollii
3332 2633 3456 2689 itare
3478 2641 3762 2705 persistit,

2179 2713 2452 2772 tamquam
2480 2705 2768 2760 seditiosus
2798 2719 2896 2775 per
2921 2712 3216 2773 potestates
3247 2715 3439 2760 exteras
3462 2709 3718 2775 oppr-ima
3739 2737 3757 2750 ο

2181 2781 2285 2828 tur.

2251 2843 2336 2898 19..
2382 2843 2449 2899 Ut
2481 2847 2720 2900 monachi
2761 2845 3013 2914 episcopis
3033 2847 3141 2900 suis
3183 2845 3366 2917 ubique
3389 2845 3599 2899 subiecti
3643 2865 3768 2901 ma-

2176 2925 2350 2969 neant.
2369 2917 2656 2970 Monachos
2689 2932 2782 2985 per
2804 2931 3236 2985 unamquamque
3263 2917 3532 2970 civitatem
3558 2926 3657 2971 aut
3675 2933 3769 2972 re-

2176 2987 2388 3055 gionem
2410 2986 2684 3041 subiectos
2713 3002 2832 3040 esse
2859 2987 3115 3056 episcopo
3143 2996 3199 3040 et
3247 2987 3485 3056 quietem
3537 2987 3766 3056 diligere

2176 3066 2230 3110 et
2257 3057 2492 3110 intentos
2513 3071 2631 3110 esse
2659 3059 3026 3111 tantummolo
3057 3057 3256 3110 ieiunio
3285 3066 3341 3110 et
3383 3058 3623 3110 orationi
3709 3059 3760 3111 in

2176 3126 2328 3190 locis,
2355 3128 2406 3182 in
2430 3127 2624 3195 quibus
2648 3128 3089 3181 renuntiaverunt
3117 3129 3322 3185 seculo.
3356 3138 3761 3196 permanentes.

2175 3196 2285 3251 Nec
2309 3197 2689 3252 ecclesiasticis
2718 3212 2844 3252 vero
2872 3212 2971 3250 nec
3011 3197 3345 3252 secularibus
3371 3198 3614 3265 negotiis
3627 3214 3762 3253 com-

2177 3269 2473 3332 municent,
2505 3269 2588 3321 vel
2612 3269 2664 3322 in
2694 3270 2871 3337 aliqua
2901 3269 3009 3322 sint
3049 3268 3290 3322 molestia
3323 3269 3546 3336 propria
3577 3285 3762 3323 mona-

2175 3339 2339 3391 steria
2388 3337 2891 3410 deserentes;_msi
2941 3339 3079 3393 forte
3132 3339 3507 3410 praecipiatur
3549 3351 3764 3410 propter

2175 3423 2312 3476 Opus
2337 3409 2693 3462 necessarium
2723 3408 2790 3462 ab
2812 3409 3064 3477 episcopo
3091 3409 3345 3463 civitatis.

2247 3477 2333 3531 15.
2380 3478 2447 3531 Ut
2491 3481 2836 3550 unusquisque
2867 3480 3107 3532 ec.lesiae
3131 3521 3146 3547 ,
3208 3481 3288 3532 αἱ
3339 3479 3624 3550 ordinatus
3663 3489 3758 3543 est,

2173 3550 2445 3603 ministret.
2477 3548 3092 3616 Clericuurpermanere
3137 3558 3353 3613 Oportet
3393 3549 3450 3602 in
3495 3551 3756 3609 ecclesia,

2172 3622 2257 3673 cui
2310 3619 2362 3672 in
2397 3618 2656 3688 initioab
2709 3620 2962 3688 episcopo
3013 3619 3384 3687 praelitulatus
3425 3629 3558 3685 est,
3602 3630 3661 3676 et
3703 3621 3761 3674 ad

2170 3704 2330 3758 quam
2359 3687 2594 3755 confugit
2618 3689 2769 3758 quasi
2801 3691 2867 3742 ad
2896 3687 3200 3758 potiorem;
3245 3689 3350 3744 hoc
3398 3700 3592 3744 autent
3628 3693 3761 3746 relu-

2172 3767 2347 3813 tantes
2374 3759 2615 3829 revocari
2645 3759 2838 3813 debere
2867 3758 2933 3812 ad
2987 3775 3136 3813 suam
3179 3760 3468 3814 eccle~iam
3495 3803 3508 3822 ,
3559 3762 3614 3816 in
3666 3775 3762 3829 qua

2173 3830 2419 3896 primitus
2472 3828 2750 3883 ordinatus
2795 3840 2915 3896 est,
2966 3841 3021 3883 et
3055 3830 3126 3884 ibi
3175 3832 3556 3884 tantummodo
3610 3828 3757 3884 mini-

2169 3908 2362 3954 strare.
2386 3899 2441 3953 Si
2473 3897 2593 3966 quis
2619 3899 2758 3953 hanc
2779 3898 3144 3954 deﬁnitionem
3177 3909 3552 3967 transgressus
3583 3901 3757 3961 fuerit,

2169 3970 2416 4051 decrevit
2435 3971 2878 4051 sancta-synodus
2894 3984 2922 4051 a
2962 3972 3180 4051 proprio
3209 3972 3378 4051 gradu
3403 3973 3691 4051 recedere.

2240 4039 2328 4111 11.
2373 4038 2449 4093 De
2471 4038 2829 4111 suscipiendis
2859 4040 2941 4111 Itis
2965 4038 3079 4111 iqui
3115 4041 3526 4111 persecutionem
3553 4043 3759 4110 patiun-

2171 4119 2271 4163 tur.
2309 4109 2604 4163 Statuimus
2631 4109 2726 4178 per
2745 4110 2944 4174 omnia,
2968 4109 3024 4164 ut
3053 4109 3148 4174 hi,
3195 4110 3287 4179 qui
3319 4109 3758 4179 persecutionem

2168 4181 2445 4248 patiuntur
2475 4195 2502 4231 a
2538 4180 2709 4246 pravis
2737 4179 3038 4248 quibusque
3081 4181 3164 4234 Vel
3188 4179 3491 4234 inlidelibus
3516 4223 3536 4248 ,
3590 4181 3757 4236 susci-

2169 4252 2438 4319 piamuria
2474 4249 2627 4304 iustis
2657 4258 2708 4302 et
2742 4250 3006 4304 tidelibus.

2241 4321 2325 4372 15.
2371 4318 2447 4372 De
2475 4321 2582 4390 tege
2597 4329 2645 4373 et
2664 4320 3051 4373 consuetudine.
3083 4319 3272 4389 Aliqua
3311 4335 3530 4376 canone
3588 4330 3644 4378 et
3671 4336 3758 4377 or-

2167 4391 2293 4444 dine
2325 4399 2595 4456 tenentur,
2627 4391 2798 4456 aliqua
2849 4392 3238 4445 consuetudine
3269 4391 3485 4444 tlrmata
3541 4402 3689 4445 sunt.

2241 4459 2328 4514 16.
2374 4459 2449 4512 De
2483 4461 2666 4512 alienis
2702 4459 2889 4529 [.nibus
2915 4477 3019 4514 non
3069 4463 3402 4529 usurpandis.
3470 4464 3756 4516 lnhibitlttn

2168 4539 2271 4591 est,
2295 4545 2361 4600 ne
2391 4530 2508 4598 quis
2531 4530 2737 4583 alienos
2767 4528 2896 4584 fines
2921 4540 3142 4600 usurpet
3180 4528 3276 4585 aut
3314 4547 3411 4600 per
3455 4537 3755 4600 praemiqu

2167 4600 2252 4653 vel
2282 4599 2518 4654 favorem
2547 4600 2768 4653 alicuius
2789 4599 3290 4670 terminos’patrum
3316 4599 3566 4657 suatutos
3594 4617 3760 4658 trans-

2168 4671 2379 4724 cendat.
2415 4671 2751 4738 Quamquam
2771 4671 3014 4742 novellae
3039 4673 3409 4742 snggestiones
3439 4713 3456 4737 ,
3507 4688 3654 4742 quae
3683 4675 3757 4727 vel

2169 4742 2429 4811 obscurae
2453 4749 2575 4794 sunt
2605 4742 2686 4811 vel
2713 4741 2811 4793 sub
2847 4754 3044 4808 genere
3075 4741 3263 4805 latent,
3289 4741 3578 4811 inspectae
3606 4759 3638 4797 ι
3667 4759 3756 4797 no-

2170 4811 2250 4864 bis
2281 4810 2503 4882 formam
2528 4809 2813 4882 accipiant,
2837 4814 3052 4882 etquod
3108 4813 3162 4866 in
3219 4809 3758 4881 laicis'reprehendi-

2169 4889 2274 4951 tur,
2299 4881 2346 4934 id
2378 4881 2544 4934 multo
2592 4881 2758 4951 magis
2803 4881 2962 4935 debet
3006 4882 3056 4935 in
3102 4883 3312 4937 clericis
3352 4885 3750 4951 praedamnari.

2172 4948 2485 5005 Universum
2518 4948 2802 5004 concilium
2831 4951 3000 5005 dixit:
3033 4971 3051 5002 ι
3092 4952 3257 5006 Nemo
3281 4948 3478 5006 contra
3522 4955 3749 5022 prophe-

2171 5028 2270 5093 tas,
2305 5029 2674 5093 netnocontra
2720 5024 3055 5089 euangelium
3085 5025 3171 5078 vel
3199 5033 3392 5077 cantra
3451 5025 3753 5093 apostolum

2169 5089 2297 5144 facit
2325 5091 2522 5158 aliquid
2547 5090 2747 5159 absque
2779 5093 3041 5160 periculo.
3085 5113 3103 5144 ι

2239 5160 2328 5215 17.
2374 5160 2439 5214 Ut
2473 5171 2875 5229 transgress..r.s
2921 5179 3178 5216 canonum
3217 5165 3750 5218 exrmnmunicentur.

2170 5230 2668 5298 Transgredientetn
2687 5248 2962 5312 pauonum
2985 5234 3352 5290 definitionem
3376 5233 3748 5290 excommuni-

2167 5313 2344 5357 catum
2377 5315 2495 5356 esse
2519 5315 2896 5370 praecipimus.

2237 5371 2322 5424 18.
2368 5371 2436 5424 Ut
2461 5372 2732 5446 cpiscopus
2754 5389 2788 5446 c-
2819 5390 2932 5426 ram
2962 5376 3398 5429 monasteriorum
3436 5387 3610 5446 ρει-α’.
3641 5371 3747 5446 Epi-

2163 5455 2384 5510 sc0pum
2417 5443 2669 5516 convenit
2689 5443 2920 5498 civitatis
2949 5454 3348 5516 competentem
3393 5443 3749 5501 nionesterio-

2164 5527 2281 5565 rum
2303 5512 2694 5580 providentiam
2724 5527 2932 5582 gerere.

1694 5623 2088 5682 VARIANTES
2128 5623 2531 5680 LECTIONES.

556 5723 570 5751 ¹
594 5721 733 5774 'dt't‘st
765 5722 880 5776 Bal.
956 5726 974 5754 ¹
1005 5721 1356 5792 perﬁciuntur
1381 5723 1433 5776 in
1465 5723 1654 5777 thoicis
1677 5719 1739 5774 ϐ.

483 5790 601 5848 Bal.
679 5794 695 5821 °
719 5793 855 5848 abici
890 5790 1079 5849 BalQet
1101 5793 1186 5858 6.,
1216 5795 1302 5847 sed
1324 5795 1403 5848 hic
1431 5795 1652 5847 correxit
1677 5793 1868 5845 statim.

1817 5721 1837 5752 ³
1867 5722 1978 5791 ipsa
2008 5721 2188 5790 capitis
2217 5716 2364 5772 verba
2393 5719 2578 5775 desunt
2605 5720 2666 5775 G.

2747 5722 2765 5754 δ
2799 5731 2955 5777 totum
2986 5723 3080 5779 hoc
3108 5743 3204 5795 cap
3227 5737 3261 5777 :t
3284 5726 3426 5781 deest
3459 5725 3521 5781 ϐ.
3604 5727 3624 5757 ⁸
3647 5723 3744 5778 alio
