3974 6340
144 351 266 420 eos

624 361 775 418 con.
819 355 1092 414 DlPLOM.
1117 339 1187 397 Σ-
1212 355 1569 411 BENEDICTI
1607 354 2123 412 ciptrvmntcu
2160 356 2557 418 COLLECTIO.
2589 390 2658 398 -
2695 358 2824 414 LIB.
2852 361 2936 414 ιιι.

3302 365 3407 419 8οῦ

255 480 312 533 9.
360 475 436 530 D’e
466 473 735 529 monendis
757 473 837 544 his
863 489 948 544 qni
978 457 1302 544 ordinantur.
1333 467 1388 524 Si
1428 484 1546 538 quis
1571 470 1724 524 cteri-
1755 476 1800 532 Α
1833 477 2076 538 petenter
2098 481 2398 527 occurrant.
2428 472 2578 540 Quod
2603 472 2645 528 si
2669 487 2954 528 occurrere
2979 489 3082 528 non
3109 478 3404 544 potuerint,

139 565 243 606 cus
272 547 572 605 ordinatur,
607 543 809 596 moneri
852 538 1013 596 debet
1031 538 1317 596 constituta
1347 554 1583 594 servare.

216 619 312 672 ‘20.
355 615 433 670 De
460 615 811 684 satisfactione
831 612 1189 684 poenitentiae.
1207 609 1511 684 satisfactio
1538 607 1725 678 poeni-

144 689 359 742 tentiae
389 701 494 738 non
525 679 605 738 est
637 692 742 736 tam
768 681 1023 750 temporis
1047 679 1395 747 longitudine,
1425 695 1582 748 quam
1605 695 1725 732 cor-

140 761 230 814 dis
259 755 659 819 conpunctione
707 751 993 819 pensanda.

215 827 312 882 9-1.
357 818 435 898 De
463 818 1089 898 mensurapoenitentiae.
1114 820 1402 898 Te_r_np_ora_
1427 818 1724 898 poenitttdif

143 899 232 952 nis
261 897 446 950 habita
503 892 872 947 modera'ione
928 890 1214 958 episcoiiali
1272 891 1286 918 ¹
1329 889 1549 942 arbitrio
1602 897 1727 942 sunt

140 964 548 1027 constituenda,
578 969 736 1030 prout
759 961 1115 1028 inspectorum
1134 959 1340 1012 animos
1368 959 1563 1030 viderit
1576 1029 1580 1030 ν
1605 973 1726 1030 esse

141 1038 383 1091 devotos
418 1053 432 1089 :
462 1028 659 1099 pariter
688 1032 707 1060 ³
738 1031 899 1084 ctiam
931 1031 1187 1083 habentes
1215 1029 1409 1082 aetatis
1431 1028 1614 1099 senilis
1640 1029 1722 1082 in-

144 1108 367 1167 tuitum,
387 1114 438 1157 et
461 1098 817 1170 periculorum
847 1112 1180 1168 quorumque
1203 1106 1294 1151 attt
1326 1098 1722 1165 aegritudinum

143 1175 513 1237 respicientes
542 1170 906 1224 necessitates.

216 1235 312 1296 εἳ.
361 1242 433 1296 De
459 1243 710 1294 malorum
740 1240 1064 1292 ordinatione
1099 1236 1329 1292 vitanda.
1357 1235 1457 1302 Qui
1480 1235 1611 1290 tales
1639 1251 1725 1289 or-

137 1315 302 1367 dinat
330 1311 652 1367 sacerdotes.
673 1310 859 1376 quales
879 1325 996 1362 esse
1022 1325 1127 1361 non
1147 1309 1360 1370 debent,
1394 1323 1497 1359 non
1528 1307 1726 1362 esthoc

143 1383 437 1437 consulere
489 1379 716 1448 p0pulis.
746 1379 838 1431 sed
870 1393 1100 1442 nocere;
1147 1393 1245 1430 nec
1287 1385 1562 1446 praestare
1587 1380 1725 1445 regi-

143 1469 276 1505 men
300 1493 316 1515 ,
345 1453 437 1505 sed
463 1463 655 1513 augere
688 1448 994 1502 discrimen.

220 1514 313 1575 2'5.
361 1520 438 1572 De.
478 1519 725 1583 episcopis
767 1519 851 1586 qui
881 1517 1085 1570 inutiles
1113 1516 1481 1570 ordinaverint.
1522 1514 1620 1581 Qui
1671 1515 1721 1569 in

142 1591 464 1645 ordinandis
513 1587 878 1642 sacerdotibus
931 1598 1240 1640 sanctorum
1288 1595 1496 1655 patrum
1527 1595 1725 1640 statuta

145 1663 613 1730 neglexerunt,et
635 1673 774 1730 quos
800 1657 1031 1730 refutare
1061 1656 1358 1730 debuerunt
1384 1695 1398 1720 ,
1444 1669 1721 1730 _comecra-

143 1725 312 1793 runt;
343 1729 482 1783 unde
509 1729 551 1781 ei
576 1727 666 1790 qui
694 1727 927 1795 episCOpi
964 1728 1122 1780 talem
1154 1725 1522 1778 ordinaverint
1548 1740 1722 1780 sacer-

143 1801 354 1860 dotem,
377 1798 588 1867 qualem
619 1812 862 1867 essenon
901 1797 1076 1855 liceat,
1107 1795 1316 1847 etiamsi
1340 1795 1520 1863 aliquo
1563 1796 1722 1867 modo

144 1865 440 1937 dampnunt
497 1867 694 1937 proprii
743 1865 973 1920 honores
1012 1867 1286 1937 evaserint
1315 1865 1722 1937 ,‘ordinationis

146 1933 332 1993 tamen
366 1939 468 1992 vim
495 1933 716 1990 ulterius
743 1951 847 1988 non
875 1936 1166 2000 habebunt,
1199 1950 1295 1988 nec
1317 1933 1364 1987 ei
1384 1945 1721 1989 sacramento

145 2024 404 2075 umquam
434 2008 748 2072 intererunt,
781 2007 922 2074 quod
952 2005 1196 2074 neglecto
1229 2004 1421 2060 iudicio
1445 2005 1465 2034 ³
1497 2007 1722 2074 praesti-

147 2087 352 2132 terunt.

212 2147 306 2200 2L
352 2147 426 2200 De
447 2147 682 2199 cavendis
711 2145 905 2199 illicitis
951 2145 1382 2200 ordination'bus.
1420 2144 1499 2199 Ab
1525 2145 1721 2199 illicitis

146 2217 574 2272 ordinationibus
601 2224 684 2269 est
726 2216 1118 2270 abstinendum.
1168 2215 1232 2268 Et
1277 2216 1318 2268 si
1368 2230 1506 2282 quae
1551 2215 1724 2269 factae

141 2296 273 2340 sunt
302 2285 664 2341 ordinationes
693 2284 926 2347 illicitae,
954 2293 1347 2339 removeantur.
1381 2285 1488 2338 Nec
1519 2293 1720 2338 tantum

143 2366 394 2428 putemus
425 2356 708 2425 p-ititiones
739 2356 914 2408 valere
963 2357 1306 2428 pontorum,
1370 2363 1429 2428 ut
1455 2370 1600 2428 cum
1642 2355 1724 2408 his

147 2423 339 2493 parere
367 2423 628 2495 cupimus,
659 2435 848 2478 contra
902 2425 1228 2478 voluntatem
1270 2424 1465 2478 domini
1501 2423 1588 2476 Dei
1621 2441 1720 2477 no-

145 2496 267 2556 stri,
299 2511 436 2563 quae
465 2511 562 2548 nos
587 2509 810 2563 peccare
839 2495 1103 2562 prohibet,
1134 2495 1330 2561 aliquid
1376 2508 1613 2561 agamus.

219 2564 309 2619 95.
352 2565 426 2618 De
455 2564 786 2632 rebaptizatis
815 2580 915 2616 non
964 2565 1287 2617 ordinanais.
1347 2563 1460 2617 Non
1491 2573 1572 2617 e-t
1602 2578 1723 2632 pero

153 2636 490 2700 mittendum,
529 2645 586 2688 ut
612 2634 929 2702 rebaptizati
957 2638 1023 2687 ad
1050 2635 1329 2689 clericatus
1348 2634 1568 2702 gradum
1599 2650 1722 2703 pro-

147 2714 481 2758 moveantur.
1037 2747 1062 2756 -

219 2774 311 2827 26.
357 2773 425 2828 Ut
449 2777 532 2844 qui
570 2773 1038 2828 ercommunicatus
1067 2773 1179 2827 sine
1205 2773 1411 2827 licentia
1439 2775 1721 2844 communi-

145 2847 361 2904 cauerit,
397 2842 714 2912 dainpnetur.
755 2845 810 2898 Si
866 2846 986 2910 quis
1023 2845 1520 2898 exconununicatus
1563 2842 1723 2897 fuerit

150 2929 255 2980 pro
301 2928 401 2966 suo
432 2917 707 2980 neglectu,
757 2922 812 2968 et
869 2922 1108 2983 tempore
1155 2913 1720 2968 excommunicationi:-

155 2992 285 3035 ante
309 2983 632 3036 audientiam
654 2985 1048 3037 communicare
1078 2984 1482 3052 presumpserit,
1511 2985 1622 3051 ipse
1664 2985 1716 3037 in

158 3066 224 3104 se
250 3053 599 3121 damnationis
639 3053 892 3108 iudicetur
920 3053 1202 3121 protulisse
1233 3054 1573 3106 sententiam.

235 3120 318 3173 :7.
362 3121 440 3173 De
465 3138 562 3175 non
592 3123 859 3176 vendendis
889 3120 1039 3176 rebus
1067 3123 1328 3175 ecclesiae.
1365 3123 1606 3186 Placuit,
1660 3130 1719 3176 ut

1831 543 2207 593 excusationes
2236 558 2358 596 snas
2390 544 2440 597 in
2475 545 2782 598 tractatoria
2815 544 2834 572 ⁶
2862 543 3218 600 subscribam.

1897 608 1985 661 55.
2031 609 2108 662 De
2136 611 2491 670 lec'orenuius
2532 615 2774 667 .cclesiae
2818 614 2871 668 in
2901 614 3006 667 alia
3032 618 3245 669 ecclesia
3298 635 3401 673 non

1828 681 2186 754 promerendo.
2222 680 2448 754 Placuit,
2480 693 2535 754 ut
2562 684 2652 752 qui
2703 683 2864 736 semel
2897 683 2947 737 in
2977 687 3202 739 ecclesia
3258 686 3404 754 lege-

1827 750 1915 808 rit,
1945 750 2010 801 ab
2041 750 2140 802 alia
2159 752 2378 823 ecclesia
2405 754 2469 806 ad
2496 750 2692 808 clerum
2721 768 2826 806 non
2860 761 3104 808 teneatur
3150 764 3246 809 aut
3289 750 3406 823 pro-

1827 828 2129 941 moneatur.
2158 820 2222 875 lit
2251 832 2306 875 ut
2335 824 2402 875 ab
2433 823 2614 878 electis
2661 823 2924 876 iudicibus
2954 841 3060 878 non
3091 825 3162 879 sit
3209 820 3402 896 provo-

1828 903 1926 941 cati
1972 905 2079 941 utn.

1828 903 2079 942 catulutn.

1897 958 1930 1011 5
1953 963 1985 1011 ε.
2030 957 2106 1014 De
2130 960 2427 1034 remissione
2445 964 2795 1034 gpeniten'um.
2829 965 3134 1020 Penitentes
3155 965 3401 1034 quicum-

1827 1041 2022 1108 queev
2051 1031 2385 1108 gravioribus
2414 1032 2526 1108 sive
2554 1049 2621 1108 ex
2670 1034 2958 1108 levioribus
3003 1031 3187 1108 culpis
3219 1039 3398 1108 poeni-

1829 1101 2048 1173 t_en_tiam
2078 1109 2286 1173 gerunt,
2311 1103 2353 1153 si
2387 1101 2528 1173 nulla
2561 1103 2878 1159 interveniat
2903 1104 3168 1173 egritudo,
3210 1101 3397 1173 Quinta

1828 1165 1956 1220 feria
1988 1179 2110 1223 ante
2140 1171 2334 1236 pa-‘cha
2359 1171 2436 1224 eis
2458 1180 2540 1226 est
2579 1165 2974 1230 remit'enduni.
3028 1165 3277 1227 Ceterum
3331 1178 3399 1230 de

1826 1237 2062 1304 pondere
2084 1240 2383 1294 estimando
2431 1242 2624 1300 delicto
2658 1259 2742 1300 um
2793 1243 3086 1299 sacerdotis
3127 1254 3210 1298 est
3264 1245 3402 1298 iudi-

1827 1321 1970 1360 Care.

1895 1377 1984 1430 57.
2028 1376 2106 1430 De
2132 1394 2236 1452 non
2293 1379 2584 1452 invadenda
2651 1383 2863 1438 ulterius
2938 1382 3231 1452 parrochia.
3285 1384 3404 1439 Non

1828 1456 2039 1523 Oportet
2072 1446 2343 1523 transierri
2370 1452 2630 1523 terminos
2657 1469 2686 1507 a
2716 1446 2952 1523 paribus
2981 1454 3319 1523 constitutos,
3341 1466 3401 1508 ut

1827 1515 2053 1591 alterius
2077 1519 2409 1591 parrochiam
2438 1521 2575 1591 alter
2623 1515 2837 1581 invadat
2887 1531 3049 1591 atque
3103 1522 3210 1576 illic
3262 1515 3404 1578 ce'e-

1827 1584 1983 1640 brare
2006 1584 2183 1640 divina
2235 1590 2488 1659 mysteria
2537 1591 2839 1654 inconsulto
2867 1584 3071 1659 eo,'cui
3119 1595 3403 1649 commissa

1826 1665 1930 1714 est,
1960 1667 2286 1724 praesumat.

1894 1724 1984 1798 38.
2005 1725 2108 1802 ⁸ρο
2139 1729 2273 1802 iusto
2302 1726 2612 1802 ‘baptismate
2662 1749 2764 1802 non
2793 1732 3048 1802 iterando.
3078 1729 3200 1786 Rite
3231 1733 3408 1802 bapti-

1827 1795 2097 1871 _zatos‘_illo
2119 1795 2269 1871 dono
2290 1795 2480 1871 _ite'rari
2499 1817 2613 1871 non
2642 1799 2820 1871 potsse.
2841 1801 2903 1856 Et
2930 1803 3087 1871 aliter
3107 1802 3222 1855 sola
3267 1795 3404 1868 aqua

1826 1865 1967 1919 lotos
1984 1866 2260 1940 baptizare
2289 1869 2340 1921 in
2369 1870 2582 1924 nomine
2615 1865 2783 1930 Patris
2829 1881 2884 1930 et
2933 1870 3050 1925 Filii
3080 1879 3135 1925 et
3178 1872 3272 1940 Spi
3302 1865 3406 1927 itus

1825 1937 1996 2006 sancti
2021 1952 2242 2006 necesse
2268 1947 2348 1991 est
2379 1941 2664 2006 proiiJeri.

1896 2005 1983 2086 ᾖε).
2025 2004 2104 2086 De
2124 2009 2312 2060 iulio-ie
2343 2004 2686 2086 peccatorum.
2708 2011 2766 2070 lu
2797 2013 3025 2072 ecclesia
3055 2019 3278 2083 peccata
3308 2027 3406 2086 po-

1823 2075 1931 2144 puli
1966 2075 2128 2129 inulta
2153 2075 2429 2132 reuna-iere
2458 2096 2563 2135 non
2594 2082 2808 2140 debere.

2014 2145 2109 2224 _De
2139 2148 2405 2214 prohibitis
2429 2166 2528 2224 non
2577 2151 2938 2222 dsspic'endis.
2987 2152 3042 2224 bi
3073 2152 3205 2224 quis
3242 2152 3406 2207 inter-

1826 2215 1964 2292 dicta
1995 2215 2322 2292 despexerat,
2352 2219 2551 2292 gradus
2572 2215 2912 2292 sui'periculo
2938 2215 3257 2278 subiacebit.

1897 2283 1986 2355 41.
2032 2286 2106 2338 De
2159 2283 2476 2355 praecor—icui
2511 2283 2958 2348 ribus'canonum
3010 2294 3402 2345 summovendis.

1828 2350 2082 2424 Quisquis
2109 2350 2448 2410 sacer.:otutn
2477 2370 2664 2414 contra
2690 2361 2972 2417 interdicta
3003 2377 3267 2415 canonum
3322 2362 3402 2415 le-

1825 2425 1980 2503 c_e..it,
2011 2441 2040 2479 a
2063 2442 2160 2479 suo
2191 2427 2474 2503 est_ot‘_ticio
2497 2430 2914 2503 submovendus,
2965 2438 3020 2486 et
3050 2431 3261 2485 veniam
3301 2432 3402 2485 sibi

1826 2493 2080 2568 deinceps
2103 2497 2311 2568 noverit
2333 2497 2604 2568 denegari.

2022 2562 2107 2619 'De
2135 2565 2379 2652 dilatione
2405 2562 2691 2652 temporum
2711 2587 2838 2652 ergo
2876 2571 3102 2652 eos,__qui
3129 2570 3406 2652 uti-sacros

1823 2634 2026 2688 ordines
2054 2647 2428 2704 promoventur.
2455 2634 2555 2704 Qui
2585 2655 2643 2694 se
2691 2634 2902 2698 divinae
2931 2634 3162 2697 miliciae
3186 2641 3404 2693 deside-

1823 2713 1909 2757 rat
1935 2706 2246 2772 mancipari,
2279 2708 2390 2761 sive
2421 2707 2556 2762 inter
2584 2711 2832 2776 lectores,
2855 2711 2968 2766 sive
3007 2712 3144 2766 inter
3191 2710 3404 2763 exorci-

1822 2784 1968 2844 sts,
2026 2776 2391 2844 quinquennio
2465 2787 2730 2834 teneatur.
2787 2779 2992 2836 Exinde
3046 2780 3274 2834 acolitus
3323 2783 3405 2832 vel

1822 2843 2185 2916 subdiaconus
2225 2855 2454 2914 quatuor
2479 2851 2650 2903 annis.
2685 2849 2748 2916 Et
2770 2851 2847 2905 sic
2875 2851 2940 2906 ad
2973 2850 3406 2908 benedictionem

1822 2911 2158 2991 diaconatus,
2183 2911 2510 2991 si‘tneretur,
2532 2911 2749 2973 accedat
2776 2939 2788 2973 :
2823 2921 2872 2991 in
2895 2936 3002 2991 quo
3027 2920 3279 2991 ordineq
3303 2922 3403 2972 tin-

1821 2995 1928 3050 que
1954 2985 2126 3048 annis,
2151 2986 2196 3038 si
2223 2987 2486 3056 inculpate
2507 2991 2750 3056 gesserit.
2769 2985 3063 3045 adhaerere
3084 2985 3318 3042 debebit.
3345 2994 3406 3041 Μ

1821 3063 2033 3122 postea,
2061 3055 2106 3107 si
2138 3056 2332 3123 probus
2372 3055 2548 3118 fuerit,
2581 3059 2831 3112 sacerdos
2855 3059 3141 3114 etllciatur.

1891 3124 1981 3193 4‘3.
2021 3123 2101 3177 De
2131 3128 2448 3193 confessione
2478 3130 2757 3190 scelerum.
2789 3129 3129 3184 Manifestum
3163 3135 3244 3181 est
3272 3142 3405 3180 con-

158 3191 442 3266 presbiteri
457 3193 933 3266 nonvendantrem
957 3192 1239 3266 ecclesiae,
1264 3193 1352 3246 ubi
1374 3203 1497 3246 sunt
1519 3193 1721 3246 consti-
1751 3199 1794 3260 ο
1827 3189 1962 3245 literi
1994 3209 2115 3266 eum
2141 3195 2209 3249 de
2230 3189 2476 3261 crimine,
2501 3201 2588 3265 ‘qui
2621 3198 2824 3253 indulto
2854 3208 2908 3252 et
2934 3199 3176 3266 delegato
3203 3197 3402 3251 iudicio

151 3261 276 3323 tuti,
300 3263 653 3316 nescientibus
691 3263 959 3330 episcopis
986 3263 1114 3316 suis.

222 3330 309 3383 28.
347 3331 428 3403 _Ut
452 3331 639 3403 absque
683 3333 886 3385 licentia
913 3332 1138 3403 episwpi
1181 3347 1249 3384 aa
1292 3332 1511 3403 virgines
1540 3331 1618 3385 vel
1645 3333 1722 3403 tri-_-

149 3400 277 3452 duas
305 3401 475 3454 clerici
508 3400 612 3454 nan
639 3407 907 3456 accedant.
950 3402 1140 3455 Clerici
1163 3403 1245 3456 vel
1276 3400 1615 3458 continentes
1656 3401 1722 3454 ad

146 3469 336 3523 viduas
363 3473 444 3524 vel
491 3472 723 3537 virgines
761 3472 968 3540 nisiex
1026 3472 1167 3540 iussu
1217 3474 1587 3540 episcoporum
1641 3471 1724 3524 vel

152 3541 568 3603 presbiterorum
593 3556 698 3593 non
731 3539 1009 3594 accedant.
1043 3539 1106 3593 Et
1134 3542 1233 3596 hoc
1250 3556 1356 3594 non
1385 3539 1484 3594 Soli
1505 3540 1721 3606 faciant,

148 3609 240 3661 sed
270 3624 405 3681 cum
424 3611 739 3681 conelericis
768 3609 788 3640 "
819 3609 902 3681 _v_el
933 3625 1052 3681 cum
1089 3611 1168 3681 his
1207 3610 1410 3681 quibus
1440 3612 1725 3679 episcopus

147 3686 240 3750 aut
269 3679 534 3750 presbiter
552 3679 788 3734 iusserit.
817 3679 925 3734 Nec
948 3679 1044 3741 insi
1066 3679 1305 3750 episcopi
1337 3680 1416 3750 vel
1445 3681 1722 3750 presbiteri

143 3748 244 3800 soli
277 3749 511 3802 habeant
532 3763 805 3803 accessum
836 3751 900 3802 ad
930 3748 1296 3804 huiuscemodi
1338 3748 1562 3805 feminas
1585 3791 1600 3815 ,
1631 3751 1724 3804 s-~d

146 3817 234 3897 ubi
283 3818 470 3898 clerici
528 3827 804 3888 presentes
853 3829 978 3873 sunt
1025 3829 1120 3872 aut
1157 3833 1346 3888 graves
1377 3821 1539 3890 aliqui
1576 3820 1722 3874 chri-

144 3899 328 3940 suam.

213 3957 309 4028 29.
351 3955 431 4010 De
465 3958 807 4027 appellatione
835 3957 1025 4026 primae
1054 3957 1209 4011 sedis.
1262 3957 1333 4013 Ut
1361 3958 1563 4028 primae
1584 3957 1725 4012 sedis

142 4027 559 4094 episcopusnon
605 4029 902 4098 appelletur
942 4028 1190 4098 princeps
1239 4029 1578 4084 sacerdotum
1633 4037 1725 4081 aut

141 4111 392 4150 summus
417 4097 670 4152 sacerdos
699 4107 790 4151 aut
810 4097 1008 4166 aliquid
1041 4098 1440 4166 huiuscemodi,
1486 4098 1581 4154 sed
1608 4106 1724 4151 tan-

144 4175 265 4236 tum,
291 4167 502 4236 primae
525 4168 667 4221 sedis
703 4168 1011 4236 episcopus.

207 4235 304 4290 50.
355 4235 431 4288 De
458 4235 670 4290 arbitrio
712 4235 938 4306 episwpi
990 4252 1112 4307 erga
1141 4239 1475 4306 pomitentes.
1527 4236 1720 4291 Poeni-

139 4308 384 4377 tentibus
413 4311 702 4360 secuntum
724 4307 1075 4361 ditterentiatn
1104 4315 1448 4375 peccatorum
1477 4307 1718 4377 episcopi

139 4376 373 4428 arbitrio
390 4377 750 4444 poenitentiae
765 4386 1004 4444 tempora
1027 4377 1402 4431 decernuntur.

205 4446 305 4498 5|.
355 4445 432 4497 De
456 4447 956 4500 ntanumissionibus.
991 4447 1428 4502 Manumissiones
1459 4446 1512 4500 in
1542 4446 1720 4501 eccle-

134 4515 210 4570 sia
240 4525 378 4569 sunt
406 4514 426 4544 ⁸
454 4515 827 4571 celebrandae.
881 4565 886 4568 .

203 4563 422 4666 t
1037 4588 1218 4666 relicta
1246 4586 1519 4666 principali
1542 4586 1714 4666 fat/te-
1752 4563 1797 4619 θ

134 4657 228 4708 dra
256 4658 326 4707 in
353 4655 567 4726 ecclesia
587 4657 640 4708 in
669 4671 762 4708 sua
788 4657 980 4711 diocesi
1004 4658 1079 4710 vel
1102 4659 1152 4710 in
1184 4673 1240 4710 re
1284 4657 1493 4726 propria
1527 4656 1717 4710 diutius

135 4726 390 4778 residere.
422 4723 643 4787 Placuit,
676 4736 733 4778 ut
761 4727 959 4780 nemini
989 4727 1058 4780 sit
1089 4723 1332 4790 facultas,
1362 4723 1546 4780 relicta
1568 4728 1716 4794 prin-

134 4795 303 4863 cipali
334 4795 584 4848 eathedra
613 4795 679 4848 ad
706 4795 864 4848 aliam
895 4797 1175 4851 ecclesiam
1198 4797 1250 4848 in
1281 4796 1479 4850 diocesi
1512 4795 1717 4850 consti-

134 4873 315 4917 tutam
359 4879 419 4917 se
443 4864 720 4929 conferre,
768 4867 853 4920 vel
886 4867 937 4919 in
965 4882 1024 4921 re
1069 4881 1281 4934 propria
1310 4867 1507 4919 diutius
1558 4880 1716 4934 quam

133 4943 362 5002 oportet
384 4936 727 5005 constitutum
743 4949 922 4990 curam
945 4937 1027 4990 vel
1057 4935 1538 5005 frequentationcm
1560 4949 1719 5002 agere

131 5011 187 5056 et
213 5005 502 5072 propriam
529 5004 735 5071 plebem
759 5005 1062 5072 neglegere.

201 5072 301 5126 35.
350 5070 427 5125 De
446 5070 794 5142 defensoribus
821 5070 1064 5129 ecclesiae
1094 5091 1126 5128 a
1161 5090 1278 5141 rege
1305 5073 1590 5142 pascendis.
1619 5073 1722 5128 De-

132 5141 390 5214 fensores
417 5143 760 5214 ecclesiarum
793 5145 1048 5198 adversus
1101 5141 1368 5214 potentias
1395 5145 1716 5198 secutarium

138 5214 234 5283 vel
251 5212 488 5283 divitum
504 5213 571 5266 ab
600 5213 928 5282 imperatore
951 5223 1077 5268 sunt
1103 5212 1378 5283 poscendi.

203 5281 304 5334 54.
349 5279 429 5334 lle
455 5279 985 5338 occursu'cleticorum
1030 5279 1425 5338 ad‘concitium.
1479 5283 1714 5347 Placuit,

133 5359 190 5403 ut
212 5352 702 5422 quotienscumque
717 5354 1002 5407 concilium
1026 5354 1458 5422 congregandum
1477 5364 1580 5420 est,
1603 5353 1718 5422 epi-

131 5421 287 5492 scopi
322 5429 376 5474 et
402 5423 704 5492 presbiteri,
734 5421 822 5492 qui
854 5437 1030 5491 neque
1083 5436 1260 5478 aetate
1289 5437 1460 5491 neque
1488 5427 1717 5490 aegritu-

130 5489 262 5545 dine
293 5498 392 5544 aut
414 5491 517 5545 alia
539 5489 771 5561 graviori
798 5489 1122 5548 necessitate
1162 5489 1541 5562 impediuntur,
1565 5489 1717 5548 com-

1827 3263 2082 3342 purgandi
2149 3281 2207 3319 se
2257 3263 2539 3342 occasione
2597 3285 2700 3342 non
2758 3269 2941 3342 utitur.
2998 3263 3142 3342 Nihil
3185 3268 3327 3322 enim
3383 3268 3403 3298 "

1826 3336 2042 3405 interest
2077 3343 2252 3388 utrum
2284 3336 2336 3390 in
2383 3339 2648 3405 praesenti
2699 3338 2945 3393 examine
3000 3338 3213 3398 omnia,
3269 3353 3408 3402 quae

1825 3401 1966 3455 dicta
1995 3413 2118 3480 sunt
2148 3405 2214 3480 de
2237 3421 2322 3471 eo,
2349 3401 2794 3476 comprobentur,
2835 3424 2956 3463 tum
3007 3408 3119 3480 ipsa
3165 3405 3405 3461 absentia

1825 3487 1924 3540 pro
1956 3474 2292 3528 confessione
2320 3474 2556 3530 constat.

1895 3541 1984 3595 44.
2029 3543 2096 3598 Ut
2152 3545 2442 3600 doctoribus
2484 3549 2747 3602 contraria
2791 3563 2895 3603 non
2943 3548 3241 3603 doceantur.
3288 3545 3405 3601 Non

1823 3609 2020 3684 debere
2066 3629 2384 3684 quemquam
2416 3616 2480 3669 ad
2536 3617 2780 3671 iniuriam
2812 3620 3090 3674 doctorum
3131 3615 3405 3671 vindicate

1823 3680 2154 3762 doctrinam;
2182 3680 2304 3762 quia
2334 3689 2495 3740 timeo
2518 3702 2587 3741 ne
2615 3687 2908 3762 conhibere
2939 3687 3152 3762 sithoc
3197 3695 3401 3762 tacere.

1822 3747 1892 3802 Et
1920 3753 2043 3806 alibi
2068 3771 2082 3807 :
2109 3747 2298 3835 Merito
2327 3770 2488 3810 causa
2518 3773 2614 3811 nos
2644 3758 2884 3828 respicit,
2909 3758 2952 3812 si
2975 3757 3191 3812 silentio
3217 3755 3397 3811 favea-

1824 3835 1873 3872 ιιι
1882 3837 1940 3872 US
1963 3837 2152 3877 οτι-οτι.

1893 3889 1982 3943 45.
2020 3891 2105 3964 De
2133 3894 2551 3962 profundioribus
2588 3897 2992 3964 quaestionibus.
3021 3894 3404 3948 Profundiores

1821 3963 2164 4084 questipines
2193 3980 2290 4019 nec
2322 3963 2785 4034 contempnendae
2825 3973 2984 4030 sunt,
3040 3980 3138 4019 nec
3192 3967 3404 4033 penitus

1822 4043 2036 4084 asseren
2079 4048 2161 4084 ae.

1822 4043 2161 4086 asserendae.

2021 4099 2099 4154 De
2130 4120 2228 4156 non
2266 4105 2585 4174 negligmdis
2626 4107 2909 4174 praereptis
2959 4117 3215 4174 canonum
3241 4142 3258 4168 ,
3310 4104 3401 4174 sed

1821 4169 2036 4223 uiriliter
2062 4169 2375 4226 exercendi}.
2403 4169 2510 4227 Nec
2539 4169 2720 4229 ociosa
2751 4169 2906 4230 nobis
2931 4187 3048 4228 esse
3071 4171 3401 4241 patitur,qui

1821 4241 2139 4310 exercenda,
2175 4259 2278 4296 non
2312 4243 2662 4310 neglegenda,
2690 4244 2932 4299 donavit.

1890 4309 1978 4363 47.
2019 4309 2098 4363 Ile
2127 4329 2225 4365 non
2249 4309 2498 4367 studendo
2528 4313 2758 4369 novitati.
2803 4314 2860 4368 Si
2909 4312 3125 4369 studere
3179 4310 3402 4377 incipia-

1821 4394 1936 4455 mus
1967 4383 2225 4455 novitati,
2279 4384 2531 4437 traddum
2579 4385 2734 4438 nobs
2786 4399 2817 4439 a
2875 4386 3116 4455 patribus
3155 4383 3400 4436 ordinem

1821 4450 2143 4506 calcabimus
2170 4453 2212 4507 ⁸.

1889 4519 1976 4572 48.
2027 4521 2094 4574 Ut
2123 4527 2294 4594 nullus
2313 4525 2551 4579 sacerdos
2581 4526 2632 4578 in
2660 4525 2873 4579 alterius
2903 4526 3177 4594 parrochia
3205 4521 3402 4594 aliquid

1821 4592 2242 4666 praesumat._Sit
2269 4598 2630 4666 unusquisque
2676 4592 2929 4650 sacertbs
2982 4594 3252 4666 concessis
3295 4592 3398 4666 sibi

1814 4669 2100 4715 contentus
2133 4661 2608 4730 limitibusfuecin
2655 4667 2878 4718 alterius
2919 4664 3201 4732 parrochia
3247 4661 3397 4730 quic-

1809 4745 1974 4802 quam
1997 4746 2334 4799 praesumat;
2369 4750 2435 4788 ne
2461 4735 2805 4802 usurpatione
2845 4735 2994 4787 locus
3017 4733 3173 4786 alicui
3198 4745 3384 4784 sacer-

1815 4795 1929 4850 doti
1959 4799 1978 4829 ’
1999 4795 2055 4852 in
2079 4805 2297 4857 alterius
2317 4795 2644 4858 concedam
2667 4805 2934 4856 iniuriam.

1884 4887 1971 4944 49.
2017 4890 2094 4945 De
2118 4909 2220 4945 non
2250 4895 2553 4961 ignorandis
2581 4911 2748 4947 canon
2773 4893 2882 4948 bus.
2934 4893 3076 4949 Nulli
3122 4890 3396 4947 sacerdoti

1813 4959 1975 5016 liceat
2002 4979 2238 5017 canones
2270 4959 2541 5031 ignorare.

2027 5054 2100 5107 De
2128 5055 2315 5124 populo
2361 5056 2614 5111 docendo.
2665 5055 2946 5110 Docendus
2989 5063 3074 5111 est
3120 5051 3352 5124 popuills
3379 5090 3394 5115 ν

1821 5139 1928 5178 non
1950 5126 2274 5192 sequendus.

1896 5213 1980 5287 5|.
2008 5214 2104 5287 Ut
2123 5217 2296 5287 aliqua
2325 5217 2619 5272 conditione
2643 5215 2893 5284 obligatus
2926 5215 3113 5284 absque
3157 5214 3402 5287 petiione

1823 5285 2110 5338 dominisui
2128 5284 2229 5338 non
2256 5290 2542 5341 ordinetur.
2585 5293 2684 5352 Qut
2735 5287 2981 5354 originali
3027 5295 3122 5339 aut
3173 5284 3403 5354 alicuius

1821 5356 2134 5410 coaditione
2162 5357 2378 5424 obligati
2417 5365 2575 5420 sunt,
2627 5372 2732 5410 non
2763 5352 2960 5410 debent
3012 5357 3080 5410 ab
3135 5352 3404 5424 episcopis

1821 5425 2191 5496 or.tinari,ni'~i
2217 5428 2352 5480 torte
2381 5443 2564 5480 eorum
2597 5427 2784 5496 petitio
2813 5437 2909 5479 aut
2940 5427 3188 5480 volunta~
3213 5439 3398 5496 acces-

1819 5495 1971 5561 serit,
1998 5497 2090 5564 qui
2118 5496 2318 5564 aliquid
2344 5496 2444 5552 sibi
2493 5499 2546 5552 in
2602 5495 2698 5551 eos
2748 5497 3024 5552 vindicant
3076 5495 3396 5568 potestatis:

1350 5608 1738 5664 VARIANTES
1776 5607 2176 5664 LECTIO‘NES.

207 5723 223 5751 ⁸
258 5723 499 5791 episcopi
531 5722 649 5778 Bal.
722 5723 742 5753 ¹
774 5730 926 5791 pater
954 5722 1016 5775 (ἱ.
1090 5721 1110 5752 ³
1140 5721 1390 5777 iniudicio
1419 5719 1484 5774 ϐ.

132 5793 386 5848 cauimus
428 5791 496 5850 G.
570 5794 590 5824 ⁹
620 5796 659 5848 l.
691 5794 917 5848 alicuius
945 5794 998 5848 in
1029 5791 1145 5847 Bal.

1562 5721 1583 5752 ⁸
1606 5720 1810 5777 clericis
1832 5718 1873 5774 ϐ
1887 5764 1895 5771 .

1978 5722 1996 5752 ⁸
2019 5723 2157 5776 deest
2185 5720 2296 5776 Bal.
2375 5723 2394 5753 °
2425 5721 2670 5778 tractoria
2700 5721 2813 5776 Bal.
2881 5722 2899 5752 ⁷
2925 5721 3064 5776 det'sl
3087 5718 3153 5776 (ἶ.
3235 5719 3255 5751 ³
3285 5719 3368 5774 cal
