3974 6340
579 269 685 327 8ἳὸ

577 455 767 516 servis,
799 465 855 507 ut
887 453 937 507 in
973 454 1156 507 hostes
1187 455 1287 508 nisi
1318 453 1424 505 duo
1453 463 1545 508 aut
1577 463 1682 508 tres
1713 469 1740 507 a
1772 455 1968 508 ceteris
1997 454 2152 506 electi

578 536 635 580 et
675 525 981 579 sacerdotes
1016 525 1264 578 similiter
1311 524 1564 593 perpauci
1612 525 1680 578 ab
1727 525 1807 578 eis
1852 524 2009 578 electi
2053 539 2158 577 non

580 597 739 660 irent,
767 595 909 648 sicut
938 595 988 648 in
1035 594 1302 664 prioribus
1333 595 1530 649 nostris
1568 595 1873 648 continetur
1901 595 2162 663 capitula-

581 668 746 730 ribus,
800 680 899 719 nec
947 664 1014 719 ad
1063 679 1293 734 pugnam
1339 673 1716 734 properarent,
1749 679 1849 719 nec
1878 680 2025 717 arma
2055 664 2160 717 fer-

578 745 716 799 rent,
752 749 850 790 nec
896 735 1143 789 homines
1183 744 1291 789 tam
1342 735 1666 791 christianos
1707 750 1867 804 quam
1919 748 2160 804 paganos

578 816 854 867 necarent,
902 820 1004 861 nec
1044 807 1334 873 agitatores
1384 806 1701 874 sanguinum
1753 808 1767 836 ί
1824 805 2032 868 fierent,
2075 805 2160 860 vel

576 878 863 946 quicquam
917 885 1106 932 cnntra
1136 891 1373 932 canones
1424 876 1684 942 facerent,
1725 876 1867 944 quod
1927 879 2159 930 honores

572 947 919 1003 sacerdotum
969 955 1026 1002 et
1077 962 1163 1003 res
1200 947 1548 1003 ecclesiarum
1601 946 1814 1001 auferre
1856 947 1938 1000 vel
1988 946 2161 999 mino-

576 1032 698 1072 rare
727 1020 747 1049 ¹
789 1019 866 1073 eis
895 1018 1250 1073 voluissemus
1295 1035 1308 1074 :
1355 1018 1500 1086 quod
1529 1018 1710 1071 nullan
1734 1031 1834 1071 nus
1866 1015 2043 1072 facere
2077 1016 2160 1072 vel

579 1091 760 1144 facere
808 1089 1110 1144 volentibus
1141 1091 1449 1144 consentire
1478 1103 1666 1143 omnes
1708 1089 1844 1142 scire
1875 1087 2156 1156 cupimus;

575 1161 671 1214 sed
698 1161 1050 1230 quantoiquis
1088 1175 1276 1215 eorum
1307 1159 1534 1230 amplius
1575 1173 1726 1214 suam
1760 1173 2003 1230 normam
2041 1173 2159 1211 ser-

577 1230 783 1284 vaverit
821 1238 875 1283 et
905 1229 1014 1284 Deo
1035 1230 1302 1294 servierit,
1333 1229 1483 1285 tanto
1511 1245 1632 1284 eum
1661 1230 1780 1298 plus
1809 1229 2076 1284 honorare
2106 1237 2160 1284 et

575 1301 841 1356 cariorem
871 1301 1068 1355 habere
1094 1301 1361 1356 volumus.
1389 1299 1452 1354 Et
1475 1308 1531 1355 ut
1552 1301 1684 1355 haec
1713 1301 1910 1354 certius
1933 1300 2160 1354 credan-

579 1381 664 1425 tur
711 1379 765 1424 et
794 1386 888 1442 per
937 1372 1111 1425 futura
1156 1379 1398 1440 tempora
1445 1378 1856 1438 conserventur,
1888 1369 2158 1442 praeeipi-

579 1457 718 1507 mus,
751 1441 806 1495 ut
833 1443 1008 1496 nullus
1038 1458 1124 1497 res
1150 1442 1413 1497 ecclesiae
1439 1442 1538 1495 nisi
1561 1443 1840 1510 praecario
1863 1441 2156 1510 possideat.

580 1513 644 1565 Et
676 1522 961 1582 postquam
1002 1513 1151 1582 ipsae
1178 1513 1452 1581 precariae
1480 1511 1661 1566 linitae
1704 1512 1927 1574 fuerint,
1960 1510 2160 1566 faciant

576 1585 903 1652 poteStative
931 1583 1296 1654 speculatores
1325 1582 1621 1645 ecclesiae,
1656 1590 1835 1636 utrum
1869 1582 2156 1654 elegerint,

577 1663 671 1706 aut
719 1663 777 1707 ut
811 1654 832 1684 ³
871 1653 1011 1723 ipsas
1035 1669 1122 1708 res
1151 1653 1430 1723 recipiant,
1464 1661 1557 1708 aut
1594 1654 1821 1722 posteris
1842 1667 2027 1707 eorum
2057 1653 2158 1707 sub
2188 1664 2199 1675 '

576 1725 826 1805 precario
847 1733 903 1805 et
930 1725 1321 1805 censuhabere
1350 1729 1665 1805 permittant
1697 1738 1726 1805 :_
1761 1725 1834 1805 ita
1865 1731 2067 1805 tamen,
2099 1732 2158 1777 ut

575 1793 676 1864 ipsi
708 1797 952 1866 proprias
980 1803 1034 1850 et
1062 1795 1220 1850 utiles
1255 1793 1584 1866 res'eisdem
1617 1794 1880 1857 ecclesiis,
1912 1793 1990 1866 de
2024 1809 2157 1864 qua-

577 1863 842 1920 rum’iure
871 1881 987 1921 esse
1017 1866 1283 1928 videntur,
1304 1865 1548 1934 legaliter
1573 1866 1806 1929 traalant,
1832 1876 1884 1919 et
1910 1864 1954 1917 si
1980 1863 2000 1894 ⁸
2021 1863 2053 1918 a
2075 1880 2162 1920 re-

577 1936 818 1992 ctoribus
837 1936 1128 1991 earundem
1148 1936 1499 2006 ecclesiarum
1523 1936 1800 2006 precariae
1824 1936 2164 1991 renovandae

574 2015 720 2072 Sunt,
738 2008 999 2062 canonice
1019 2014 1364 2062 renoventur.
1383 2005 1640 2062 Novimus
1660 2019 1786 2075 ergo
1812 2006 1974 2059 multa
1999 2019 2163 2074 regna

575 2084 632 2132 et
658 2091 814 2148 reges
857 2092 1046 2132 eorum
1088 2085 1378 2146 propterea
1429 2077 1706 2142 cecidisse,
1739 2077 1862 2146 quia
1906 2076 2164 2133 eccltsias

575 2147 1016 2218 exspoliaverunt
1059 2161 1254 2216 resque
1299 2163 1482 2202 earum
1511 2155 1876 2212 vastaverunt,
1922 2148 2163 2204 abstule-

580 2229 724 2282 runt,
756 2219 1134 2273 alienaverunt
1175 2219 1258 2273 vel
1301 2218 1657 2289 diripuerunt,
1692 2218 2067 2286 episcopisque
2109 2226 2166 2274 ct

575 2289 949 2344 sacerdotibus
978 2297 1162 2360 atque,
1195 2289 1338 2356 quod
1371 2290 1546 2344 maius
1573 2298 1678 2356 est,
1703 2289 1948 2344 ecclesiis
1973 2304 2164 2344 eorum

575 2360 912 2414 abstulerunt
939 2369 995 2415 et
1019 2361 1380 2430 pugnantibus
1399 2360 1682 2416 dederunt.
1709 2361 2046 2429 Quapropter
2066 2375 2165 2414 nec

579 2430 744 2486 fortes
773 2431 827 2484 in
857 2430 999 2486 bello
1022 2446 1123 2486 nec
1150 2431 1334 2486 in‘l‘ide
1360 2431 1582 2486 stabiles
1612 2430 1845 2495 fuerunt,
1877 2445 1975 2484 nec
1996 2430 2167 2484 victo-

575 2516 664 2556 res
690 2503 1015 2566 extiterunt;
1038 2500 1133 2556 sed
1161 2510 1312 2572 terga
1337 2501 1484 2556 multi
1507 2501 1772 2555 vulnerati
1797 2509 1853 2555 et
1881 2501 2060 2570 plures
2088 2501 2164 2554 iu-

577 2573 792 2626 terfecti
843 2580 1142 2636 verterunt,
1201 2586 1474 2640 regnaque
1512 2578 1568 2626 et
1612 2572 1861 2640 regiones
1912 2578 1986 2636 et,
2021 2573 2164 2638 quod

579 2643 748 2712 peius
777 2655 880 2708 est,
924 2655 1092 2709 regna
1148 2639 1400 2697 coelestia
1451 2639 1802 2710 perdiderunt
1831 2649 1994 2710 atque
2037 2657 2164 2709 pro-

577 2713 710 2779 priis
765 2712 1152 2769 hereditatibus
1203 2720 1494 2768 caruerunt
1559 2721 1616 2766 et
1674 2721 1896 2766 actenus
1957 2720 2164 2766 carent.

578 2783 728 2850 Quae
773 2784 952 2838 omnia
1000 2784 1260 2848 vitantes,
1319 2797 1416 2838 nec
1462 2781 1584 2836 talia
1649 2782 1825 2838 fact-re
1883 2797 1981 2837 nec
2030 2796 2165 2836 con-

577 2853 780 2909 sentire
823 2868 921 2907 nec
960 2853 1252 2908 infantibus
1299 2853 1319 2883 ⁵
1371 2861 1465 2908 aut
1512 2853 1915 2908 successoribus
1971 2853 2168 2909 nostris

577 2923 884 2993 exemplum
933 2923 1064 2979 dare
1118 2925 1401 2991 volumus;
1460 2925 1554 2980 sed
1613 2937 1871 2993 quantum
1926 2923 2168 2981 valemus

578 3002 998 3066 etipossumus,
1058 2995 1311 3050 adiuncto
1368 2995 1563 3050 Leonis
1607 3009 1780 3066 papae
1821 3003 1877 3051 et
1926 2998 2168 3050 onmium

578 3065 956 3136 episcoporum
985 3105 999 3131 ,
1055 3081 1281 3136 quorum
1334 3066 1559 3122 consilio
1607 3065 1686 3136 usi
1744 3066 1848 3122 hoc
1897 3067 2102 3132 egimus
2134 3105 2148 3128 .

579 3132 782 3206 spiritu
803 3145 990 3192 nostro
1019 3132 1226 3207 spiritui
1255 3151 1442 3208 eorum
1465 3179 1478 3205 ,
1507 3151 1603 3208 per
1633 3135 1799 3190 Deum
1828 3144 1882 3191 et
1908 3137 2149 3192 omnium
2181 3132 2226 3196 C

578 3215 889 3262 sanctorum
921 3209 1111 3262 merita
1152 3207 1520 3278 prohibemus
1545 3214 2042 3275 contestamurque,
2097 3223 2165 3264 ne

578 3279 708 3332 talia
752 3279 954 3334 faciant
986 3279 1070 3332 vel
1101 3279 1278 3334 facere
1321 3279 1623 3333 volentibus
1661 3278 2040 3344 consentiant;
2071 3279 2167 3334 sed

584 3348 859 3404 adiutores
887 3356 944 3403 et
970 3348 1282 3404 defensores
1310 3357 1473 3417 atque
1499 3349 1880 3404 sublimatores
1908 3347 2166 3403 ecclesia-

582 3433 702 3472 rum
725 3429 774 3474 et
797 3427 1109 3473 cunctorum
1132 3434 1410 3474 servorum
1441 3418 1532 3472 Dei
1565 3432 1662 3487 pro
1683 3418 1882 3472 viribus
1899 3418 2165 3487 existant;

584 3503 653 3559 ne
685 3490 735 3541 in
759 3488 990 3552 foveam,
1026 3489 1078 3542 in
1107 3503 1264 3557 quam
1291 3489 1548 3559 praedicti
1581 3501 1734 3557 reges
1763 3497 1819 3542 et
1849 3503 2011 3557 regna
2034 3491 2170 3545 ceci-

583 3558 800 3628 derunt,
835 3559 1052 3623 cadant,
1099 3567 1192 3613 aut
1229 3558 1665 3628 iu’profuudum,
1717 3559 1861 3626 quod
1893 3559 2054 3624 absit,
2087 3560 2170 3615 in-

582 3627 722 3682 ferni
751 3628 1148 3696 demergantur.
1194 3631 1260 3684 Et
1300 3627 1359 3683 ut
1404 3632 1537 3684 haec
1581 3629 1828 3684 devotius
1869 3643 1964 3698 per
1992 3631 2169 3687 futura

584 3705 830 3770 tempora
871 3708 1277 3770 conserventur,
1327 3700 1720 3770 praecipientes
1770 3699 2051 3765 iubemus,
2113 3710 2172 3757 ut

585 3768 762 3840 nullus
794 3778 898 3822 tam
927 3769 1125 3825 nostris
1158 3768 1554 3839 quam“fnturis
1601 3771 1932 3840 temporibus
1957 3785 1984 3822 a
2016 3771 2171 3827 nobis

582 3839 668 3892 vel
693 3840 1090 3912 successoribus
1113 3842 1310 3896 nostris
1329 3841 1435 3912 ullo
1458 3839 1949 3912 linquamtempore
1966 3841 2171 3912 absque

583 3925 852 3982 consensu
882 3918 937 3965 et
968 3911 1242 3967 voluntate
1265 3911 1661 3982 episcoporum,
1688 3911 1741 3966 in
1768 3926 2003 3980 Quorum
2038 3911 2171 3981 par-

584 3981 783 4036 rocbiis
813 3996 933 4036 esse
979 3990 1290 4049 noscuntur,
1333 3997 1422 4038 res
1456 3981 1817 4038 ecclesiarum
1842 3991 2044 4050 petere,
2081 3990 2173 4037 aut

587 4050 861 4118 invadere,
893 4053 975 4106 vel
998 4061 1209 4107 vastare
1231 4060 1324 4107 aut
1341 4067 1682 4122 quocumque
1704 4051 1918 4120 ingenio
1935 4052 2172 4108 alienare

585 4130 915 4191 praesumat.
947 4123 1102 4190 Quod
1124 4124 1168 4178 si
1190 4125 1310 4193 quis
1333 4125 1539 4187 fecerit,
1567 4131 1676 4177 tam
1706 4123 1906 4178 nostris
1927 4137 2086 4192 quam
2118 4130 2174 4180 et

587 4207 960 4265 successorum
1007 4203 1313 4248 nostrorum
1345 4194 1702 4265 temporibus,
1734 4194 1922 4265 poenis
1951 4193 2173 4248 sacrile-

585 4262 658 4328 gii
687 4263 980 4328 subiaceat,
1022 4270 1078 4318 et
1106 4280 1135 4316 a
1168 4265 1322 4319 nobis
1351 4262 1513 4333 atque
1541 4263 1946 4321 successoribus
1975 4265 2174 4319 nostris

586 4333 892 4455 nosuisgue
920 4333 1182 4388 iudicibus
1211 4335 1295 4390 vel
1317 4337 1604 4391 comitibus
1629 4336 1765 4389 sicut
1793 4334 2083 4403 sacrilegus
2119 4343 2175 4389 et

588 4401 787 4455 homici
832 4419 880 4455 a.
908 4403 989 4455 vel
1034 4403 1116 4455 fur
1143 4406 1436 4455 sacrileens
1477 4405 1722 4455 [recaliter
1752 4403 2172 4455 nuniatur.etab

588 4401 880 4474 homicida,
908 4403 989 4458 vel
1034 4403 1116 4458 fur
1143 4406 1436 4474 sacrilegus
1477 4405 1722 4474 legaliter
1751 4401 2172 4474 puniatur',etab

587 4471 854 4544 episcopis
870 4471 1578 4544 uostrisanathematizetur,
1595 4476 1665 4530 ita
1678 4485 1735 4529 ut
1749 4471 1991 4528 mortuus
2006 4476 2168 4528 etiam

585 4541 861 4617 sepultura
883 4552 938 4598 et
958 4547 1163 4617 cunctis
1186 4547 1277 4602 Dei
1304 4541 1572 4604 ecclesiae
1593 4547 1839 4617 precibus
1860 4557 1916 4600 et
1941 4544 2170 4617 oblatio-

586 4613 743 4689 nibus
758 4626 958 4681 careat,
977 4615 1438 4689 necelymosinam
1453 4613 1608 4673 suam
1619 4618 1903 4687 quisquam
1920 4616 2163 4689 recipiat.

585 4683 741 4758 Quod
781 4693 960 4758 autem
998 4683 1288 4758 maximum
1320 4683 1661 4758 sacrilegium
1692 4683 1774 4741 sit,
1791 4701 1877 4758 res
1905 4683 2169 4758 ecclesiae

584 4755 828 4821 auferre,
872 4756 1166 4825 invadere,
1224 4759 1487 4823 alienare,
1519 4755 1745 4814 'vastare
1785 4757 1868 4812 vel
1920 4756 2165 4826 subripi,

583 4827 820 4898 maxime
842 4842 1032 4898 omnes
1047 4829 1342 4898 scripturae
1359 4829 1571 4884 divinae
1587 4836 1868 4884 testantur.
1895 4827 1959 4898 ει
1981 4827 2169 4881 beatus

581 4896 938 4970 Symmachus
960 4911 1096 4970 papa
1114 4896 1358 4970 synodali
1378 4901 1639 4954 sententia
1661 4896 2161 4970 cunctosferieudo,

581 4967 752 5022 dicit:
793 4967 1092 5040 rlniq'uuin
1123 4967 1223 5035 est,
1253 4970 1460 5040 inquit,
1493 4979 1548 5025 et
1577 4967 1849 5040 sacrilegii
1888 4968 2074 5032 instar,
2110 4977 2167 5022 ut

581 5053 724 5109 quae
754 5039 836 5111 vel
865 5039 960 5109 pro
989 5039 1162 5094 salute
1182 5039 1263 5094 Vel
1292 5056 1388 5111 pro
1416 5041 1602 5109 requie
1619 5039 1917 5094 animarum
1945 5054 2164 5093 suarum

586 5110 953 5179 unusquisque
1006 5110 1302 5165 venerabili
1349 5111 1610 5167 ecclesiae
1662 5125 1960 5180 pauperum
2001 5123 2164 5165 causa

583 5181 874 5250 contulerit
903 5187 996 5235 aut
1022 5190 1169 5236 certe
1194 5182 1573 5251 reliquerit,ab
1592 5182 1692 5246 his,
1718 5182 1912 5250 quibus
1935 5182 2168 5251 maxime

583 5252 787 5307 servari
818 5261 1181 5318 convenerat,
1212 5250 1408 5308 auferri
1438 5262 1532 5308 aut
1561 5254 1613 5307 in
1645 5253 1784 5306 alivd
1811 5250 2105 5306 transferri.
2142 5269 2160 5302 ι

587 5321 656 5376 Et
682 5323 848 5375 multa
879 5331 1186 5378 sanctorum
1220 5339 1485 5378 canonum
1517 5325 1735 5378 decreta
1775 5333 1828 5377 et
1861 5331 2166 5376 sanctorum

585 5401 802 5464 patrum
829 5391 1005 5464 edicta
1038 5393 1172 5449 haec
1204 5397 1394 5449 eadem
1425 5405 1691 5450 testantur
1717 5412 1732 5447 :
1773 5407 1911 5464 quae
1940 5391 2167 5447 scrutari

587 5471 642 5518 et
661 5463 802 5519 scire
821 5463 1163 5534 cupientibus
1192 5465 1446 5535 perfacile
1476 5474 1682 5535 patent.

1459 271 1518 327 Β.
1575 271 1825 330 CAROLI
1869 269 2082 328 MAGNI
2131 271 2280 328 OPP.
2323 271 2499 328 PARS
2539 271 2581 327 l.
2637 270 2878 328 SECTIO
2915 271 2978 328 ll.

579 383 836 439 cessimus
887 383 1151 453 episcopis
1200 391 1250 438 et
1289 382 1658 438 sacerdotibus
1705 398 1767 437 ac
1807 381 2028 452 reliquis
2059 360 2148 436 Dei
2184 389 2224 441 Α

3763 274 3858 330 816

2331 382 2449 435 HIS.
2495 382 2571 435 De
2601 383 2874 436 sceleribus
2901 381 3159 457 nefandis,
3185 381 3246 457 alt
3270 400 3406 457 quae
3422 401 3597 457 regna
3622 402 3854 456 percussa

2264 465 2400 518 sunt,
2433 464 2487 506 ut
2517 457 2720 522 penitus
2765 463 3064 508 caveantur.
3120 452 3748 511 Prohibemus'omnino
3768 463 3855 514 sub

2264 539 2435 592 poena
2467 523 2731 590 sacrilegii
2763 524 3090 590 generaliter
3140 525 3389 578 omnibus
3423 535 3756 580 cunctarum
3777 546 3852 582 ec-

2262 595 2547 648 clesiarum
2581 609 2762 647 rerum
2795 594 3119 658 invasiones,
3172 596 3527 663 vastationes,
3579 596 3853 655 alienatio-

2262 679 2377 728 nes,
2410 663 2857 738 sacerdotumque
2885 673 2940 717 et
2965 665 3291 733 reliquorum
3321 681 3613 720 servorum
3646 666 3739 720 Dei
3768 685 3850 738 op-

2261 735 2587 815 pressiones,
2646 735 2962 815 vexationes
3015 744 3181 815 atque
3213 744 3549 815 _cunetorum
3605 735 3848 815 generum

2263 805 2506 868 iniurias,
2551 819 2756 875 necnon
2804 814 2856 858 et
2887 805 3398 875 cunctis’utriusque
3428 821 3604 860 sexus
3636 809 3848 862 homini.

2261 875 2362 929 bus
2383 875 2669 938 adulteria,
2698 873 3084 930 fornicationes
3115 873 3588 945 sodomitieasque
3623 876 3848 935 luxurias

2262 954 2424 1014 atque
2454 946 2658 1000 incesta
2692 945 2775 1000 vel
2813 954 3008 1001 cuncta
3039 947 3226 1001 illicita
3257 948 3503 1014 coniugia
3524 987 3540 1013 ,
3576 947 3846 1005 homicidii

2263 1015 2477 1080 iniusta,
2511 1016 2767 1086 periuria,
2803 1016 2930 1071 falsa
2964 1018 3292 1082 testimonia,
3334 1027 3388 1072 et
3417 1019 3614 1073 omnia
3658 1018 3846 1084 illicita,

2261 1101 2362 1154 pro
2382 1088 2582 1154 quibus
2614 1102 2718 1141 non
2746 1087 2920 1140 solum
2949 1103 3115 1156 regna
3151 1098 3206 1141 et
3232 1102 3403 1157 reges.
3438 1088 3538 1142 sed
3567 1089 3735 1142 etiam
3764 1093 3844 1143 ho-

2262 1158 2440 1228 mines
2478 1157 2530 1210 in
2561 1157 2642 1212 eis
2667 1168 3075 1228 commaneutes
3109 1159 3289 1228 perire
3328 1161 3716 1227 cognovimus.
3758 1161 3845 1214 Sed

2260 1227 2385 1296 quia
2425 1227 2534 1282 Deo
2576 1227 2868 1282 auxiliante
2917 1244 3013 1296 per
3056 1227 3248 1281 merita
3307 1237 3363 1284 et
3411 1231 3841 1284 intercessionem

2261 1305 2575 1353 sanctorum
2612 1313 3003 1369 servorumque
3035 1299 3152 1366 Dei,
3187 1314 3320 1366 quos
3350 1300 3657 1354 sublimare
3685 1310 3737 1354 ct
3764 1303 3842 1356 ho-

2261 1384 2456 1423 norare
2477 1369 2780 1424 curavimus
2801 1378 2961 1437 atque
2983 1384 3255 1435 curamus,
3288 1379 3517 1424 actenus
3543 1385 3648 1424 IIOS
3673 1381 3725 1424 ει
3743 1388 3842 1426 SUC-

2261 1453 2505 1494 cessores
2548 1440 2721 1510 nostri
2770 1451 2933 1510 regna
2975 1449 3029 1494 ct
3081 1441 3330 1510 regiones
3361 1441 3772 1510 adquisivimus,
3801 1453 3840 1495 et

2263 1510 2517 1566 victorias
2570 1509 2764 1564 multas
2811 1509 3157 1574 habuimus,
3196 1509 3464 1580 deinceps
3516 1526 3837 1580 summOpere

2261 1580 2717 1652 omnibnsr‘nobis
2775 1581 3179 1652 providendum
3213 1589 3337 1652 est,
3385 1596 3458 1636 ne
3506 1597 3612 1652 pro
3655 1586 3836 1650 praedi-

2261 1651 2362 1704 Ctis
2403 1651 2424 1682 ⁸
2480 1649 2695 1704 inlicitis
2750 1649 2806 1706 et
2855 1651 3213 1719 spurcissimis
3263 1649 3674 1715 luxuriis'his,
3716 1653 3834 1722 quod

2263 1722 2424 1791 absit,
2457 1736 2758 1776 careamus.
2793 1722 2924 1775 Nam
2967 1723 3166 1775 multae
3206 1723 3478 1790 regiones,
3508 1737 3655 1790 quae
3684 1738 3827 1776 rerum

2265 1793 2615 1847 ecclesiarum
2665 1793 2971 1847 invasiones
3000 1834 3014 1857 ,
3066 1794 3394 1847 vastationes
3427 1836 3443 1858 ,
3505 1794 3832 1848 alienationes

2267 1863 2693 1930 vesationesque
2719 1872 2775 1917 et
2810 1866 3154 1918 sacerdotum
3197 1862 3649 1931 reliquorumque
3676 1879 3828 1917 servo-

2265 1948 2383 1986 rum
2437 1933 2532 1988 Dei
2601 1934 2981 2001 oppressiones
3031 1933 3112 1986 vel
3165 1948 3541 2003 quascumque
3596 1934 3825 1996 iniurias,

2264 2004 2348 2058 vel
2378 2005 2396 2034 "
2430 2005 2534 2057 iam
2565 2003 2706 2058 dicta
2737 2005 2920 2058 illicita
2953 2011 3006 2058 et
3032 2003 3292 2058 adulteria
3314 2047 3327 2065 ,
3361 2005 3445 2057 vel
3481 2004 3823 2059 sodomiticam

2264 2074 2532 2128 luxuriam
2551 2077 2634 2130 vel
2656 2075 3094 2128 commixtiouem
3122 2075 3470 2129 meretricum
3496 2074 3824 2128 sectataelue

2264 2155 2412 2208 runt,
2447 2160 2544 2200 nec
2570 2145 2620 2199 in
2645 2144 2788 2199 bello
2817 2145 3046 2199 seculari
3077 2145 3263 2209 fortes,
3283 2160 3387 2199 nec
3420 2146 3474 2198 in
3504 2144 3609 2199 ﬁde
3635 2147 3744 2198 stab
3763 2147 3825 2198 les

2266 2216 2642 2285 perstiterunt.
2722 2214 2789 2268 Et
2810 2215 3040 2284 qualiter
3065 2215 3323 2270 Dominus
3349 2217 3538 2269 talium
3570 2217 3825 2269 criminum

2267 2286 2631 2354 patratoribus
2660 2285 2877 2340 ultrices
2911 2301 3113 2356 poenas
3151 2301 3246 2356 per
3276 2290 3608 2340 Sarracenos
3635 2295 3688 2340 et
3716 2286 3760 2338 al
3779 2300 3828 2341 os

2265 2357 2494 2426 populos
2521 2357 2704 2412 venire
2729 2367 2785 2410 et
2819 2357 3025 2427 servire
3063 2357 3309 2427 permisit
3335 2358 3357 2386 ⁸
3376 2396 3392 2421 ,
3425 2358 3637 2411 cunctis
3667 2371 3827 2410 earum

2265 2425 2414 2493 gesta
2447 2427 2747 2497 legentibus
2779 2427 2964 2496 liquet.
2991 2425 3183 2480 Et'uisi
3215 2442 3317 2482 nos
3351 2428 3418 2482 ab
3440 2428 3520 2480 his
3543 2441 3824 2487 caveamus.

2266 2497 2456 2552 similia
2483 2499 2636 2552 nobis
2656 2497 3004 2566 supervenire
3027 2512 3132 2550 non
3157 2497 3484 2559 dubitamus,
3509 2498 3626 2564 quia
3652 2499 3825 2551 vindex

2267 2575 2348 2621 est
2379 2566 2519 2621 Deus
2547 2573 2613 2622 de
2644 2569 2723 2620 his
2752 2568 3020 2622 omnibus.
3046 2569 3391 2638 Quapropter
3409 2569 3534 2622 sciat
3555 2571 3826 2634 unusquis.

2267 2651 2372 2706 que
2399 2638 2553 2694 nobis
2584 2638 2880 2703 subiectus,
2905 2639 3029 2707 quia
3057 2639 3144 2706 qui
3177 2639 3231 2693 in
3264 2656 3362 2692 uno
3385 2654 3444 2692 es
3472 2639 3548 2690 his
3586 2645 3820 2706 repertus

2268 2715 2431 2777 atque
2460 2709 2735 2763 convictus
2765 2709 2941 2772 tuerit,
2986 2720 3040 2762 et
3080 2709 3338 2774 ilOthl'eS,
3363 2712 3407 2763 si
3441 2708 3612 2772 habet,
3638 2722 3848 2760 omnes.

2269 2778 2517 2848 perdere,
2561 2789 2613 2833 et
2643 2780 2694 2833 in
2727 2794 2996 2832 carcerem
3049 2793 3109 2833 se
3149 2794 3321 2849 usque
3349 2781 3414 2833 ad
3439 2779 3622 2832 iustam
3653 2792 3825 2849 emen-

2269 2846 2540 2903 dationem
2565 2858 2727 2921 atque
2749 2864 2845 2918 per
2874 2850 3118 2920 publicae
3145 2846 3509 2921 poenitentiae
3531 2846 3825 2921 satisfactio-

2270 2934 2392 2974 ne'u
2415 2922 2621 2974 retrodi
2640 2919 2698 2974 et
2728 2923 2794 2974 ab
2832 2919 2976 2976 omni
3009 2921 3240 2974 lidelium
3272 2920 3547 2976 consortio
3575 2919 3683 2973 ﬁeri
3711 2919 3822 2970 alie-

2271 3005 2420 3044 num.
2452 2989 2618 3044 Valde
2665 2993 2806 3044 enim
2837 2993 3076 3046 cavenda
3111 3001 3196 3047 est
3241 2991 3332 3044 illa
3389 2990 3564 3056 fovea,
3610 2991 3660 3044 iu
3691 3004 3822 3059 quam

2272 3061 2405 3130 alios
2433 3061 2692 3116 cecidisse
2717 3062 3086 3130 cognovimus.

2329 3129 2450 3205 Hi.
2494 3130 2589 3205 De
2619 3132 2694 3186 Itis
2727 3129 3052 3205 presbyteris,
3103 3136 3188 3205 qui
3217 3142 3402 3188 contra
3434 3133 3698 3205 episcopos
3732 3146 3822 3184 suos

2271 3202 2527 3256 seculares
2556 3203 2852 3272 defensores
2883 3204 3068 3258 habere
3090 3202 3390 3258 noscuntur.
3421 3202 3584 3270 Quod
3614 3203 3678 3256 illi
3705 3217 3820 3271 prrs-

2271 3272 2464 3345 bytcri,
2496 3274 2586 3342 qui
2630 3274 2747 3345 sine
2785 3276 3040 3344 episcopo
3079 3277 3298 3345 pr0prio
3345 3277 3580 3328 arbitrio
3624 3277 3818 3326 viventes

2270 3344 2542 3399 seculares
2599 3344 2908 3399 defensores
2957 3344 3151 3400 habent
3201 3353 3391 3400 contra
3442 3347 3736 3413 episc0pos.
3780 3353 3820 3394 et

2271 3428 2514 3468 seorsum
2557 3416 2785 3485 populos
2830 3426 3175 3484 congregant,
3227 3431 3534 3484 eorumque
3585 3428 3816 3485 erroneutn

2271 3484 2764 3540 ministerium’non
2797 3486 2847 3540 in
2871 3487 3123 3551 ecclesia,
3154 3488 3246 3540 sed
3272 3501 3367 3555 per
3402 3487 3642 3555 agrestia
3669 3484 3758 3538 loca
3780 3492 3813 3534 et

2271 3556 2671 3612 mausiunculas
2719 3565 2882 3626 agunt
2929 3565 2986 3611 et
3025 3559 3281 3612 ecclesias
3323 3559 3680 3617 conturbant,
3725 3555 3815 3626 tales

2272 3627 2583 3698 sacerdotes
2616 3625 2817 3680 vitandi
2861 3636 2915 3680 et
2954 3627 3159 3682 honore
3187 3629 3411 3698 proprio
3437 3637 3575 3681 sunt
3603 3625 3814 3698 privandi,

2272 3696 2689 3768 carceribusque
2737 3699 2818 3752 vel
2851 3696 3360 3753 monasticae—vitae
3389 3699 3495 3752 sub
3540 3696 3815 3768 poenitentia

2273 3767 2464 3847 diebus
2512 3764 2654 3822 vitae
2686 3782 2816 3823 suae
2849 3769 3123 3835 tradendi,
3157 3770 3295 3823 mala
3326 3783 3476 3838 quae
3510 3764 3817 3839 egeruntlui-

2275 3845 2398 3891 turi.

2345 3907 2469 3982 145.
2515 3907 2584 3963 Ut
2611 3912 2898 3981 cuiuspiam
2943 3911 3141 3982 gradus
3188 3910 3405 3965 clericus
3451 3911 3577 3964 sine
3615 3907 3822 3982 pontiﬁcis

2273 3979 2353 4034 sui
2405 3995 2647 4034 concessa
2677 3979 2874 4035 nullum
2924 3979 2993 4035 till
3040 3983 3288 4035 iudicium
3328 3985 3573 4035 seculare
3615 3979 3825 4033 attrahere

2275 4059 2592 4121 praesumat.
2637 4051 2878 4107 Clericus
2909 4053 3194 4108 cuiuslibet
3222 4052 3420 4120 gradus
3449 4053 3581 4106 sine
3608 4047 3825 4121 p0nlilicis

2274 4120 2355 4175 Sui
2389 4122 2652 4190 permissu
2685 4124 2889 4178 nullum
2920 4125 2985 4178 ad
3015 4140 3091 4178 set
3111 4127 3262 4178 ulare
3301 4123 3571 4176 iudicium
3601 4120 3826 4193 attrahere

2276 4202 2604 4272 praesumat,
2638 4208 2738 4247 nec
2764 4193 2902 4249 laico
2925 4193 3517 4272 quemlibet_clericuui
3565 4194 3618 4272 in
3645 4192 3827 4272 secularl

2277 4262 2477 4317 iudicio
2517 4263 2680 4318 liceat
2708 4279 2989 4336 accusare,
3015 4280 3136 4319 cmn
3167 4265 3508 4336 privatorum
3551 4263 3825 4336 christiano-

2275 4347 2395 4386 rum
2413 4347 2619 4404 causas
2661 4335 2830 4402 magis
2856 4337 3137 4404 apostolus
3163 4333 3231 4390 ad
3261 4334 3530 4391 ecclesias
3562 4333 3741 4389 deferri
3762 4339 3829 4382 at-

2276 4402 2608 4476 queibidem
2639 4402 2922 4476 terminari
2949 4407 3262 4476 praecipiat.

2350 4471 2469 4546 146.
2504 4472 2571 4546 Ut
2600 4473 2772 4546 clerici
2818 4471 3111 4530 vena—tiones
3136 4471 3261 4530 'non
3306 4477 3514 4546 faciant
3552 4492 3668 4530 cum
3691 4471 3828 4528 aribus

2201 4516 2254 4577 D
2278 4543 2354 4600 vel
2380 4544 2611 4616 canibus.
2650 4543 2925 4616 UtAclerici
2953 4563 3002 4600 vt
3024 4549 3272 4602 nationes
3303 4516 3411 4601 lion
3445 4557 3638 4616 agant,
3670 4560 3753 4599 nec
3771 4557 3833 4596 ac-

2276 4622 2525 4682 ceptores
2549 4615 2568 4644 θ
2594 4617 2677 4668 vel
2711 4613 2946 4672 falcones
2969 4617 3222 4672 habeant.

2349 4684 2471 4740 M7.
2515 4685 2582 4738 Ut
2609 4689 2746 4740 omni
2777 4703 2915 4742 anno
2945 4689 3220 4742 ministerii
3266 4688 3347 4741 sui
3385 4687 3650 4742 rationem
3677 4683 3831 4756 presbi-

2276 4756 2371 4810 teri
2400 4755 2636 4826 episc0po
2674 4774 2772 4812 suo
2821 4759 3064 4831 reddant.
3097 4759 3164 4813 Ut
3191 4759 3570 4827 unusquisque
3606 4755 3832 4831 presbiter

2276 4842 2372 4897 per
2399 4837 2640 4897 smgutos
2665 4843 2835 4883 annos
2863 4830 3118 4897 cpiscmto
3150 4843 3248 4883 suo
3280 4832 3556 4882 rationem
3591 4829 3831 4883 ministerii

2273 4897 2357 4952 sui
2387 4897 2574 4952 reddat
2605 4907 2710 4970 tam
2743 4897 2950 4970 deiide
2991 4899 3280 4965 catholica,
3309 4915 3474 4970 quam
3504 4900 3578 4955 de
3605 4901 3833 4968 baptismo

2274 4978 2438 5025 atque
2467 4970 2533 5022 de
2563 4969 2706 5023 omni
2730 4968 2919 5023 ordine
2951 4969 3251 5025 ministerii.

2383 5036 2478 5111 48.
2515 5039 2582 5092 Ut
2624 5055 2798 5093 omnrs
2818 5042 3052 5111 episcoiii
3078 5041 3382 5108 parrochias
3418 5057 3544 5093 suas
3577 5042 3722 5095 anuis

2273 5110 2407 5178 gulis
2436 5110 2766 5162 circumeant.
2818 5107 2886 5164 Ut
2910 5107 3132 5179 singulis
3159 5113 3316 5166 annis
3345 5113 3717 5180 unusquisque
3749 5107 3837 5173 epi-

2271 5196 2470 5249 scopus
2486 5181 2824 5252 parrochiam
2848 5197 3002 5235 suam
3025 5184 3319 5237 circumeat
3345 5184 3837 5252 pepulumquecon-

2277 5252 2456 5305 firmet
2477 5266 2539 5305 ac
2564 5251 2779 5324 doceat,
2813 5262 2867 5306 et
2890 5269 2953 5307 ea
2982 5267 3122 5322 quae
3150 5250 3366 5306 vitanda
3400 5250 3532 5306 sunt
3566 5250 3837 5324 prohibeat.

2277 5330 2492 5392 etquae
2513 5323 2722 5391 agenda
2749 5332 2874 5377 sunt
2904 5324 3105 5378 utiliter
3131 5335 3291 5392 agere
3320 5324 3572 5377 suadeat.

2350 5390 2468 5465 149.
2513 5390 2590 5465 De
2621 5408 2701 5456 eo,
2732 5396 2816 5464 qui
2845 5410 2945 5449 non
2972 5405 3141 5448 macte
3164 5390 3358 5448 statuta
3383 5405 3734 5465 transgressus
3758 5392 3839 5454 [κει

2277 5466 2360 5517 rit.
2393 5463 2450 5517 Si
2495 5463 2614 5532 quis
2651 5463 2850 5519 statuta
2891 5481 3269 5537 supergressus
3299 5463 3611 5535 corruperit
3654 5465 3731 5518 vel
3765 5471 3839 5530 pro

1806 5578 2195 5635 VARIANTES
2243 5578 2645 5633 LEt,.TlO.\'I§S.

663 5694 678 5725 ¹
718 5692 1037 5760 sanguinem
1088 5689 1205 5747 But.
1322 5693 1626 5749 '.minuere
1659 5693 1772 5748 Bal.
1887 5694 1906 5726 ³
1944 5693 2084 5748 deest
2115 5693 2177 5748 G.

589 5764 893 5822 iuventibus
923 5765 986 5819 (ἱ.
1100 5765 1119 5795 θ
1140 5762 1294 5821 dictis
1325 5762 1442 5820 Bal.

1553 5767 1572 5797 "
1601 5766 1674 5819 sic
1704 5764 1769 5820 G.
1801 5781 1938 5821 corr.
1961 5781 2024 5820 ex
2046 5779 2206 5835 quae,
2236 5768 2371 5832 quod
2394 5769 2544 5822 habet
2573 5766 2692 5824 Bal.

3349 5698 3370 5729 ⁸
3398 5700 3711 5756 iuuantibu;
3729 5712 3838 5752 corr.
3918 5699 3919 5713 ‘

3347 5772 3366 5802 ⁹
3396 5774 3690 5842 αουψὶιτςε
3709 5771 3770 5827 G.

2291 5693 2311 5723 ⁸
2357 5697 2435 5752 sic
2480 5713 2532 5749 a.
2571 5712 2614 5768 ιζ,
2666 5711 2720 5768 γρ.
2757 5712 2808 5752 e.
2853 5713 2906 5768 p.
2936 5699 2979 5752 si
3032 5713 3074 5750 r.
3117 5696 3234 5753 Bal.

2811 5770 2831 5800 ⁸
2864 5771 3107 5840 promisit
3133 5771 3196 5825 (ἱ.
