3974 6340
612 340 709 395 319

1514 328 1573 381 Β.
1610 326 1864 382 CAROLI
1904 323 2117 379 MAGNI
2151 322 2300 376 OPP.
2344 316 2521 375 PARb
2558 333 2597 374 t.
2640 321 2881 377 bECTlO
2913 323 2952 375 i.

3763 321 3849 375 830

677 451 800 505 167.
842 446 993 513 Quod
1009 448 1099 499 Dei
1120 445 1501 513 ordinationem
1517 446 1736 513 accuset,
1761 438 1845 509 qui
1869 437 2136 513 episcopos
2159 437 2171 465 '
2203 443 2251 496 Α
2281 434 2570 513 minando.“
2603 432 2657 484 Si
2688 432 2808 500 quis
2831 434 3115 511 episcopus
3145 445 3175 483 a
3214 444 3478 513 qudqurnn
3507 430 3781 510 inpetatur
3810 434 3843 499 ⁸,

610 520 830 575 detrahit
859 507 960 570 ’νει
987 524 1215 569 accusat.
1270 512 1362 565 Dci
1392 507 1783 563 ordinationem
1815 522 1895 560 ac.
1916 514 2035 559 usat
2057 545 2070 569 ,
2125 507 2177 558 in

607 606 710 658 qua
753 587 1169 658 constituuntur,
1199 583 1289 650 qui
1320 580 1618 658 episcopos
1648 586 1866 658 accusat
1907 583 2002 658 aut
2046 589 2180 658 coIn-

606 644 837 714 demnat.
871 656 987 710 Non
1026 662 1109 708 est
1157 644 1704 720 itaque'arguendus
1733 662 1763 699 a
1814 645 1988 713 plebe,
2038 644 2123 720 vel
2149 659 2178 696 a

607 713 779 782 malae
830 713 1265 780 conversationis
1287 728 1382 794 aut
1417 713 1629 788 pravae
1656 716 1800 794 vitae
1844 713 2181 794 accusandus

606 796 911 851 hominibus
939 794 1238 863 episcopus,
1281 789 1373 849 sed
1419 782 1661 842 rectores
1686 784 1950 840 ecclesiae
1989 800 2019 836 a
2068 782 2179 837 Deo

611 875 740 922 sunt
767 863 1055 919 iudicandi.

676 919 796 989 168.
839 933 916 986 De
944 932 1230 985 homicidiis
1264 930 1283 959 ²
1311 929 1590 997 infantum.
1642 923 1702 979 Si
1751 922 1874 993 quis
1918 919 2179 979 infantem

606 1003 901 1064 necaverit,
935 1008 994 1055 ut
1015 1000 1283 1056 homicida
1316 1006 1582 1052 teneatur.

671 1073 798 1128 169.
821 1063 1007 1136 Deliis,
1032 1072 1117 1140 qui
1131 1071 1366 1138 rapinam
1394 1067 1631 1140 fecerint,
1646 1063 1851 1140 aut__iter
1873 1072 2076 1140 agentes
2085 1078 2178 1140 as-

601 1145 855 1199 sallierint
888 1141 929 1206 ³,
953 1133 1337 1194 ιιὰίάοηιὸηιηι
1365 1133 1602 1190 nocturni
1629 1133 1936 1206 spoliatores
1966 1134 2178 1201 fuerint,

600 1212 721 1283 quid
740 1214 804 1266 sit
833 1202 1106 1283 agendum.
1125 1210 1179 1263 Si
1194 1208 1313 1276 quis
1324 1206 1394 1283 ad
1411 1202 1707 1283 faciendam
1721 1202 1968 1283 _Iap_inant
1992 1216 2180 1283 aggrej

599 1272 767 1342 ditur,
788 1272 888 1335 aut-
924 1281 1025 1332 iter
1052 1272 1301 1346 agentem
1323 1278 1378 1331 in
1411 1272 1965 1346 praediisadsalliet'it
2000 1272 2039 1335 ⁵,
2087 1278 2182 1346 aut

599 1351 817 1404 domum
836 1350 1059 1402 alterius
1072 1342 1366 1402 nocturnus
1376 1342 1636 1412 spoliator
1651 1342 1950 1406 intraverit,
1968 1342 2178 1397 etocci-

599 1434 691 1475 sus
722 1418 900 1476 fuerit.
921 1432 1071 1471 mors
1087 1417 1310 1471 latronis
1338 1417 1503 1483 ipsius
1526 1428 1555 1467 a
1587 1412 2175 1483 tientineirequiratur.

669 1486 792 1541 170.
840 1485 907 1542 Ut
928 1486 1119 1540 iudices
1139 1491 1282 1554 prius
1307 1482 1577 1553 capitalem
1622 1482 1727 1537 non
1750 1486 2018 1553 proferant
2057 1498 2176 1535 sen-

600 1558 835 1621 tentiam,
876 1572 1028 1626 quam
1054 1567 1140 1609 aut
1163 1572 1279 1610 reus
1299 1558 1406 1626 ipse
1434 1555 1758 1626 conﬁteatur,
1803 1562 1891 1626 aut
1915 1568 2005 1626 per
2029 1561 2179 1626 testes

598 1621 900 1680 innocentes
927 1628 1279 1681 convincatur.
1309 1621 1472 1680 [udt'x
1504 1623 1848 1678 criminosum
1874 1621 2180 1691 [discutiens

599 1709 710 1749 non
738 1704 863 1766 ante
892 1696 1212 1766 sententiam
1256 1693 1493 1766 proferat
1515 1692 1822 1766 capitalem
1848 1732 1865 1758 ,
1896 1706 2056 1759 quam
2087 1698 2180 1745 aut

599 1778 729 1839 reus
753 1765 865 1835 ip~‘e
895 1763 1361 1839 gonliteat_ur,__'aut
1390 1779 1485 1832 per
1513 1763 1827 1839 innocentes
1859 1770 2179 1839 testes'cono

602 1833 868 1889 vincatur.
895 1833 951 1890 Si
980 1836 1041 1889 in.
1058 1836 1346 1890 maioribus
1387 1834 1629 1902 personis
1658 1834 1861 1887 crimen
1909 1833 2179 1886 obiectum

600 1904 784 1968 fuerit,
810 1905 1063 1974 principis
1090 1913 1171 1959 est
1198 1904 1534 1973 expectanda
1559 1902 1846 1974 sententia.

672 1974 770 2028 171
813 1970 904 2028 Ὧε
943 1970 1212 2044 ερἱεεομὶε,
1262 1970 1389 2028 siin
1437 1981 1633 2025 reatum
1673 1971 2004 2044 incurrerint,
2058 1970 2180 2039 quid

601 2044 859 2115 agendum
886 2040 981 2099 sit;
994 2045 1049 2099 Si
1073 2040 1191 2111 quis
1214 2046 1496 2111 episcopus
1517 2058 1546 2095 a
1578 2056 1848 2115 quoquam
1879 2040 2176 2115 impetitur,

599 2112 684 2183 vel
709 2115 799 2168 ille
826 2115 1057 2183 aliquam
1082 2117 1457 2182 quaestionem
1489 2112 1749 2174 retulerit,
1776 2125 1871 2183 per
1896 2112 2181 2183 episcopos

595 2182 801 2238 iudices
827 2179 984 2240 causa
1018 2179 1229 2238 liniatar
1251 2221 1267 2249 ,
1314 2183 1428 2239 sive
1456 2197 1593 2251 quos
1619 2182 1697 2235 eis
1726 2179 1982 2251 primates
2014 2179 2180 2234 dede-

598 2253 726 2313 rint,
759 2254 873 2307 sive
900 2270 1039 2323 quos
1079 2255 1176 2321 ipsi
1228 2255 1434 2308 vicinos
1461 2249 1526 2307 ex
1556 2249 1825 2306 consensu
1856 2249 2175 2323 delegerint.

672 2323 790 2376 179..
836 2320 1034 2388 Deliis,
1073 2320 1155 2390 qui
1187 2325 1361 2378 viduas
1400 2340 1471 2376 re.
1515 2322 1738 2393 virgines
1763 2322 2053 2393 inconsulto
2076 2338 2117 2386 e,
2140 2320 2178 2373 i-

595 2408 750 2461 scOpo
779 2395 950 2447 velare
974 2389 1323 2464 praesumunt.
1351 2389 1622 2447 Slatuturn
1649 2400 1750 2464 est,
1783 2389 1971 2464 viduas
1993 2390 2177 2445 incon-

602 2464 759 2519 sultis
785 2462 1052 2532 episcopis
1076 2464 1239 2517 velari
1271 2480 1377 2517 non
1402 2464 1619 2532 debere.
1644 2462 1812 2515 Simul
1842 2467 1895 2513 ct
1923 2462 2024 2532 hoc
2047 2476 2177 2515 con-

598 2531 842 2602 stitutum
889 2531 993 2600 est,
1025 2542 1082 2586 nt
1111 2535 1153 2586 si
1185 2533 1448 2602 quiSpiam
1474 2531 1893 2602 presbitcrorum
1922 2531 2177 2599 deinceps

596 2601 751 2656 huius
771 2604 1170 2657 constitutiotiis
1189 2600 1429 2655 normam
1454 2600 1844 2655 contumaciter
1875 2608 2176 2667 transgres-

594 2684 690 2723 sor
734 2672 1011 2739 extiterit,
1046 2673 1251 2726 scilicet
1293 2680 1351 2725 ut
1390 2672 1596 2739 aliquas
1635 2670 1818 2723 vzduas
1869 2669 2175 2725 inconsulto

593 2739 849 2809 episcopo
872 2741 1048 2795 velare
1086 2738 1517 2809 praesumpserit,
1554 2739 1751 2807 gradus
1779 2738 2173 2809 suipericulunt

593 2808 851 2863 incurrat.
886 2808 1144 2865 Similiter
1172 2818 1227 2863 ct
1250 2809 1316 2864 de
1340 2808 1537 2879 puellis
1569 2809 1859 2876 virginibus
1880 2808 1909 2862 a
1957 2811 2167 2879 presbi-

597 2880 729 2935 teris
752 2895 856 2934 non
912 2882 1149 2935 vclanlts
1192 2889 1450 2934 statutum
1479 2890 1579 2941 est,
1623 2888 1682 2933 ut
1708 2880 1751 2933 si
1807 2879 1927 2948 quis
1958 2879 2060 2933 hoc
2087 2879 2170 2935 fa-

594 2963 720 3021 cere
771 2954 1157 3019 temptaverit,
1210 2960 1460 3021 tanquam
1511 2960 1872 3020 transgressor
1901 2964 2169 3007 canonum

593 3020 940 3088 dampnetur.

667 3089 812 3162 175.
832 3091 909 3162 lle
930 3100 1189 3162 uccusato_
1205 3091 1464 3162 episcopo,
1509 3092 1552 3145 si
1579 3089 2032 3158 comprovinciales
2052 3105 2168 3162 sus-

2282 503 2364 555 vel
2389 502 2476 555 ille
2502 502 2737 568 aliquam
2769 502 3138 567 quaestionem
3159 500 3425 561 retulerit,
3446 514 3547 567 per
3572 500 3843 569 cpiscOpos

2281 571 2486 625 iudices
2512 586 2671 624 causa
2704 570 2950 634 ﬁniatur,
2980 572 3093 625 sive
3120 584 3259 638 quos
3285 570 3364 623 eis
3410 570 3681 638 primates
3704 570 3841 626 dede-

2280 641 2443 709 rint,
2467 641 2582 694 sive
2605 656 2739 709 quos
2767 641 2867 708 ipsi
2910 640 3113 695 vicinos
3141 655 3207 694 ex
3244 653 3508 693 consensu
3541 638 3838 707 delegerint.

2352 708 2474 764 179.
2519 709 2584 764 Ut
2614 708 2786 780 nullus
2814 712 3039 763 occultas
3087 710 3298 780 nuptias
3314 719 3417 780 aut
3442 717 3657 771 raptum
3686 711 3840 777 (adat,

2279 780 2365 849 uel
2381 796 2532 849 quam
2562 777 2874 848 propinquus
2904 795 3034 849 suus
3082 777 3260 832 habuit
3289 777 3442 849 ducat
3469 794 3730 842 uxorem;
3769 785 3839 835 sed

2271 848 2510 903 dotatam
2537 858 2587 903 et
2612 864 2645 901 a
2689 848 2981 917 parentibus
3030 850 3275 903 traditam
3300 864 3394 916 per
3412 848 3837 902 benedictioneu‘

2277 920 2605 973 sacerdotum
2649 919 2908 985 accipiat,
2932 919 3018 988 qui
3057 920 3163 971 vult
3186 918 3374 972 nubere
3395 956 3410 983 ,
3461 934 3702 971 uxorein.
3726 920 3838 973 San-

2279 989 2446 1043 citum
2468 997 2570 1053 est,
2597 998 2653 1042 ut
2678 988 2924 1058 publicae
2950 989 3167 1058 nuptiae
3197 988 3265 1043 ab
3292 989 3393 1052 his,
3422 989 3518 1058 qui
3544 988 3745 1042 nubere
3765 1004 3837 1044 cu-

2281 1059 2455 1128 piunt,
2480 1059 2611 1113 liant
2643 1076 2655 1110 :
2687 1058 2811 1126 quia
2841 1073 3005 1128 saepe
3044 1060 3096 1113 in
3127 1060 3147 1090 ⁸
3176 1058 3377 1127 nuptiis
3405 1058 3550 1112 clam
3572 1058 3727 1111 lactis
3748 1071 3835 1124 gra

2279 1129 2365 1183 via
2395 1137 2618 1197 peccata
2653 1138 2758 1181 tam
2791 1129 2844 1181 in
2873 1130 3083 1194 sponsis
3114 1129 3363 1194 aliorum,
3390 1143 3558 1196 quam
3590 1128 3715 1198 etin
3734 1143 3835 1198 pro-

2281 1199 2496 1267 pinquis
2523 1199 2636 1252 sive
2662 1198 2980 1253 adulterinis
3003 1198 3286 1266 coniugiis,
3306 1198 3548 1267 etquod
3580 1197 3729 1266 peius
3769 1210 3831 1253 est

2281 1266 2460 1324 dicere
2485 1269 2912 1335 consanguineis,
2936 1281 3270 1333 accrescunt,
3299 1266 3386 1322 vel
3420 1266 3829 1322 accumulantur.

2281 1337 2360 1392 Ex
2387 1338 2467 1391 bis
2494 1348 2674 1392 autem
2707 1338 2979 1406 procreari
3005 1341 3185 1393 solent
3212 1338 3363 1393 cocci
3386 1374 3402 1399 ,
3453 1338 3635 1392 claudi
3660 1378 3674 1403 ,
3715 1337 3827 1405 gilii

2282 1418 2338 1462 et
2358 1407 2488 1476 lippi
2516 1408 2535 1437 ⁹
2561 1410 2675 1463 sive
2697 1408 2786 1462 alii
2841 1408 3080 1476 turpibus
3135 1408 3359 1462 maculis
3383 1409 3615 1477 aspersi.
3668 1406 3827 1462 Ethoc

2282 1493 2352 1533 ne
2379 1477 2635 1547 deinceps
2656 1478 2769 1543 liat,
2800 1480 3049 1533 omnibus
3090 1478 3386 1534 cavendum
3411 1486 3520 1532 est.
3575 1478 3676 1532 Sed
3714 1480 3826 1546 prius

2281 1547 2681 1603 conveniendus
2696 1556 2779 1602 est
2800 1549 3070 1613 sacerdos,
3090 1548 3144 1602 in
3158 1547 3309 1603 cuius
3326 1547 3616 1615 parrochia
3642 1548 3825 1616 nuptias

2283 1616 2400 1670 ﬁeri
2428 1617 2644 1679 debent,
2676 1617 2728 1673 in
2758 1618 2986 1672 ecclesia
3014 1632 3196 1673 coram
3226 1618 3455 1687 populo.
3482 1616 3556 1670 Et
3584 1618 3653 1671 ibi
3682 1619 3823 1685 iu'qui-

2283 1702 2404 1741 rere
2429 1702 2531 1741 una
2575 1702 2699 1741 cum
2746 1688 2942 1756 populo
2967 1688 3083 1756 ipse
3130 1686 3384 1743 sacerdos
3428 1686 3625 1751 debet,
3655 1689 3698 1741 si
3735 1688 3822 1743 eius

2284 1758 2583 1827 propinqua
2605 1758 2674 1811 sit
2689 1771 2767 1827 an
2799 1772 2924 1821 non,
2948 1767 3042 1811 aut
3086 1757 3303 1813 alterius
3342 1772 3485 1812 uxor
3540 1758 3626 1812 vel
3665 1772 3818 1827 sponsa

2285 1824 2367 1880 vel
2388 1824 2659 1882 adultera.
2688 1824 2821 1881 Etsi
2852 1827 2995 1881 licita
3043 1835 3097 1881 et
3146 1828 3374 1887 honesta
3419 1828 3609 1882 omnia
3659 1824 3817 1897 pariter

2284 1896 2567 1957 invenerit.
2601 1904 2729 1952 tunc
2750 1912 2847 1966 per
2873 1897 3152 1952 consilium
3193 1905 3249 1953 et
3293 1897 3719 1952 benedictionem
3755 1913 3817 1952 sa-

2283 1966 2523 2021 cerdotis
2551 1978 2603 2021 et
2625 1968 2874 2022 consultu
2896 1967 3120 2021 aliorum
3142 1967 3404 2021 bonorum
3436 1967 3708 2023 hominum
3726 1982 3813 2021 eam

2281 2051 2543 2107 sponsare
2571 2045 2628 2091 et
2655 2038 2891 2107 legitime
2936 2037 3124 2091 dotare
3150 2037 3328 2092 debet.
3381 2037 3584 2092 Scribit
3630 2051 3815 2107 namque

2281 2105 2349 2165 de
2378 2107 2618 2176 legitimo
2642 2105 2985 2161 matrimonio
2999 2109 3187 2161 beatus
3209 2109 3539 2176 Augustinus
3560 2110 3629 2161 ita
3654 2126 3666 2160 :
3695 2128 3711 2159 ι
3742 2105 3813 2161 Ta-

2280 2176 2346 2231 lis
2370 2191 2487 2231 esse
2508 2175 2674 2246 debet
2695 2192 2836 2246 quae
2876 2192 3010 2231 uxor
3040 2177 3284 2246 habenda
3305 2175 3396 2232 est
3418 2219 3436 2245 ,
3485 2189 3543 2232 ut
3566 2178 3812 2233 secundum

2280 2246 2453 2314 legem
2475 2245 2545 2301 sit
2572 2245 2724 2301 casta
2748 2248 2801 2300 in
2820 2247 3143 2315 virginitate,
3178 2258 3230 2302 et
3260 2245 3447 2301 dotata
3477 2247 3735 2316 legitime,
3766 2256 3814 2301 et

2279 2316 2651 2388 aparcntibus
2679 2317 2872 2371 tradita
2899 2333 3114 2388 sponso,
3144 2326 3200 2371 et
3224 2332 3255 2371 a
3296 2319 3654 2388 paranimphis
3698 2318 3810 2373 acci-

2277 2385 2491 2456 pienda.
2525 2387 2589 2440 Et
2606 2390 2677 2439 ita
2702 2388 2997 2442 secundum
3015 2387 3181 2454 legem
3204 2396 3259 2441 et
3274 2385 3601 2455 euangelium
3624 2389 3810 2455 publicis

2278 2456 2479 2525 nuptiis
2520 2456 2800 2511 honestata
2854 2457 2910 2512 in
2956 2458 3206 2525 coniugio
3246 2458 3397 2513 licite
3438 2459 3715 2523 sumenda;
3764 2467 3808 2512 et

2278 2526 2526 2582 omnibus
2554 2527 2741 2581 dit'btts
2763 2527 2905 2582 vitae
2936 2542 3065 2583 suae
3087 2528 3189 2583 nisi
3215 2542 3285 2582 ex
3309 2543 3560 2584 consensu
3585 2538 3636 2582 et
3656 2543 3801 2582 causa

2277 2596 2501 2667 vacandi
2528 2595 2696 2650 Deum
2730 2598 2770 2627 ¹⁰
2801 2612 3091 2667 numquam
3118 2606 3339 2667 pr0pter
3380 2599 3625 2653 hominem
3651 2613 3800 2667 sepa-

2274 2667 2459 2720 randa.
2490 2666 2556 2721 Et
2583 2667 2629 2721 si
2664 2667 2923 2721 fornicata
2952 2666 3129 2721 luerit
3153 2666 3320 2722 et'vir
3341 2669 3442 2722 eius
3468 2666 3690 2730 voluerit,
3710 2666 3792 2720 'di-

2273 2737 2563 2800 mittenda;
2616 2739 2707 2792 sed
2734 2738 2821 2791 illa
2852 2738 3083 2802 vivente,
3102 2737 3272 2791 altera
3302 2754 3404 2792 non
3428 2740 3663 2802 ducenda,
3688 2737 3799 2805 quia

2272 2805 2499 2878 adulteri
2522 2808 2866 2878 regnutttliei
2891 2823 2994 2862 non
3023 2807 3403 2877 possidebunt;
3432 2817 3485 2862 et
3508 2807 3799 2878 poenitentia

2272 2874 2350 2947 illi
2369 2874 2699 2947 accipienda.
2719 2876 2895 2932 Nolite
2914 2874 3166 2945 vos,'viri,
3190 2879 3395 2934 habere
3414 2874 3800 2946 uxo'resquarum

2269 2946 2493 3015 priores
2532 2949 2706 3001 tuariti
2751 2948 2972 3001 vivant:
3029 2949 3325 3005 adulterina
3374 2951 3517 3004 enim
3568 2958 3682 3003 sunt
3721 2950 3798 3001 ista

2271 3015 2540 3088 coniugia.
2585 3035 2604 3069 ο
2635 3019 2699 3088 lit
2728 3017 2853 3083 hoc,
2885 3026 2936 3072 ut
2970 3018 3200 3074 diximus
3226 3060 3241 3084 ,
3296 3023 3520 3075 omnino
3565 3017 3801 3088 providen-

2272 3085 2397 3169 (λειω
2420 3096 2530 3169 est,
2559 3102 2625 3141 ne
2654 3087 2769 3169 eius
2798 3088 2867 3141 sit
2897 3089 3207 3169 .prOpinqua
3224 3106 3253 3169 ;_
3270 3092 3395 3169 quia
3431 3085 3689 3169 scriptum
3712 3098 3798 3169 est:

592 3168 764 3237 rectos
792 3160 1051 3237 habuerit,
1074 3176 1127 3213 ut
1157 3152 2021 3237 Ro'manutn'appellet'poiitiﬁcem:
2047 3160 2167 3217 Pla-

2275 3152 2456 3209 Omnis
2485 3156 2635 3237 nomo
2663 3158 2732 3237 ad
2759 3152 3048 3237 proiiinarn
3070 3152 3334 3230 sanguinis
3360 3164 3442 3216 sui
3472 3152 3580 3215 non
3601 3160 3797 3223 accedet,

592 3230 1285 3312 cuit,_ut.quandoctttnque
1326 3230 1608 3300 episcopus
1636 3239 1940 3312 accusatur,
1968 3231 2013 3283 si
2041 3246 2171 3286 con-

594 3300 948 3366 provinciales
972 3310 1067 3354 aut
1112 3300 1315 3355 vicinos
1343 3310 1624 3369 suspectos
1654 3301 1919 3363 habuerit,
1949 3310 2171 3357 sanctae

593 3378 647 3421 et
678 3369 993 3425 universalis
1008 3370 1282 3425 Romanae
1302 3373 1562 3426 ecclesiae
1584 3370 1817 3439 appellet
1839 3370 2168 3439 pontiﬁcem,

593 3445 653 3519 ut
690 3439 759 3519 ab
799 3453 865 3519 eo
908 3440 1161 3509 quicquid
1195 3441 1391 3494 iustum
1440 3448 1495 3495 et
1536 3439 1646 3494 Deo
1703 3440 1956 3510 placitum
2008 3440 2169 3497 fuerit

593 3515 928 3562 terminetur.

666 3574 786 3651 1η.
831 3576 906 3630 De
934 3579 1032 3643 reis
1064 3580 1133 3631 ad
1171 3580 1413 3651 ecclesias
1455 3579 1530 3632 rel
1564 3578 1753 3651 altaria
1780 3595 1957 3633 earum
1985 3582 2166 3651 confu-

588 3644 840 3714 gientibus
864 3686 878 3710 ,
925 3658 979 3700 ut
1034 3664 1135 3701 non
1166 3650 1551 3702 abstrahamur.
1598 3649 1667 3703 Ut
1693 3665 1788 3705 eos
1830 3650 2035 3704 timoris
2075 3644 2167 3706 ne-

588 3715 808 3771 cessitas
836 3733 941 3770 non
973 3719 1305 3785 constringat
1331 3721 1474 3773 circa
1506 3718 1676 3773 altare
1698 3734 1939 3783 manere,
1963 3731 2017 3775 et
2046 3723 2164 3777 loca

590 3788 935 3859 veneratione
960 3787 1114 3855 digna
1139 3790 1378 3857 polluere
1400 3827 1416 3853 ,
1443 3789 1699 3858 depositis
1728 3791 1889 3844 armis
1907 3790 2163 3859 quiluge-

586 3854 712 3928 rint.
747 3855 897 3923 Quod
927 3860 969 3910 si
1004 3854 1109 3911 non
1140 3854 1530 3928 deposuerint;
1544 3860 1715 3915 sciant
1744 3874 1804 3913 se
1832 3854 2162 3917 armatorum

587 3925 789 3998 viribus
811 3925 1228 3998 Aextraltendosf
1258 3928 1328 3982 Et
1354 3930 1680 3998 quicumque
1708 3943 1804 3983 eos
1846 3929 1914 3983 de
1942 3933 2164 3998 por'tici-

586 3993 684 4051 bus
709 4002 766 4050 et
792 3995 856 4050 de
886 3999 1033 4051 atriis
1060 4009 1115 4052 et
1158 3999 1224 4055 de
1253 3993 1479 4053 hortulis
1504 4038 1520 4064 ,
1570 3993 1639 4054 de
1670 4000 1876 4054 balneis
1907 3993 1989 4053 vel
2018 4001 2163 4055 adia-

587 4066 787 4143 cenciis
827 4068 1179 4143 ecclesiarum
1230 4068 1543 4127 abstrahere
1595 4071 2047 4142 praesumpSerit-,
2079 4088 2163 4128 ca-

589 4136 697 4202 pite
716 4136 986 4203 puniatur.

656 4221 778 4276 175.
808 4222 888 4296 _De
916 4240 1016 4278 non
1045 4227 1356 4296 usurpandis
1384 4229 1609 4292 plebibus
1644 4229 1848 4296 al.enis,
1876 4240 1925 4284 et
1954 4233 2017 4285 de
2056 4248 2164 4287 non

563 4291 1125 4372 ‘gravunddepiscopo.
1171 4291 1245 4353 'Ut
1301 4291 1780 4372 nullusepiscOpus
1801 4291 2022 4372 alterius
2048 4304 2162 4372 epi-

582 4360 728 4427 scopi
759 4360 941 4441 plebes
971 4360 1228 4441 usurpet,
1286 4376 1378 4420 aut
1428 4360 1591 4441 aliu'tn
1643 4360 1924 4441 conculcet
1952 4360 2159 4441 episco-

581 4443 709 4504 pum
733 4430 821 4504 vel
857 4430 1291 4501 supergrediatur
1314 4473 1329 4498 ,
1384 4447 1475 4488 aut
1522 4438 1741 4504 aliquod
1776 4440 1825 4493 ei
1856 4430 2157 4498 incommo-

580 4496 703 4551 dum
729 4499 781 4553 in
809 4514 904 4554 sua
924 4496 1212 4568 parrochia
1234 4496 1324 4558 vel
1339 4505 1533 4565 alicubi
1561 4496 1744 4561 faciat.

650 4587 772 4670 illi.
806 4589 880 4644 De
907 4590 1005 4655 Itis,
1049 4594 1132 4670 qn'
1174 4595 1227 4646 in
1257 4603 1395 4670 recta
1422 4595 1524 4670 [ide
1551 4599 1774 4667 suspecti
1798 4609 1949 4666 sunt,
1979 4602 2033 4655 in
2063 4619 2149 4658 ac-

578 4665 889 4741 cttsatjonem
909 4665 1229 4741 sacerdotum
1257 4666 1339 4741 vel
1360 4665 1706 4741 testimonium
1733 4686 1835 4723 non
1863 4673 2150 4741 suscipien-

578 4727 677 4811 dis.
712 4730 779 4811 Ut
804 4740 991 4811 omnes
1011 4772 1025 4796 ,
1057 4733 1146 4801 qui
1181 4734 1241 4811 in
1272 4734 1377 4791 ﬁde
1404 4737 1600 4811 Christi
1630 4740 1899 4795 catoolica
1928 4727 2152 4811 suspec-

578 4804 615 4850 ti
651 4808 795 4863 sunt,
852 4804 905 4854 in
957 4804 1300 4859 accusa;iooe
1327 4809 1668 4862 sacerdotum
1721 4812 1804 4864 vel
1835 4804 2149 4869 testimonio

576 4868 809 4924 botnano
834 4871 977 4925 dubii
1004 4872 1302 4929 habeantur
1331 4892 1431 4931 nec
1460 4880 1805 4948 recipiantur.

813 4962 951 5027 Quid
984 4966 1399 5043 sint‘delutorcs,
1424 4970 1498 5022 vel
1522 4970 1645 5043 quid
1672 4970 1734 5024 de
1759 4973 1832 5027 eis
1856 4973 2147 5043 faciendum

574 5033 970 5114 sitZDelatores
997 5036 1281 5114 dicuntur_,
1311 5041 1402 5107 qui
1449 5033 1545 5092 aut
1577 5033 1866 5114 facultates
1898 5046 2149 5114 prodide-

573 5104 907 5181 riotalieuas
934 5114 1024 5159 aut
1048 5115 1207 5181 caput
1253 5104 1508 5181 inpetuut
1541 5111 1793 5164 alienum.
1820 5104 1921 5178 Qui
1949 5113 1994 5167 si
2024 5128 2149 5167 con-

573 5171 698 5223 victi
720 5171 936 5246 fuerint,
969 5171 1224 5229 continuo
1272 5171 1693 5246 strangulentur.
1725 5171 1921 5235 Serst
1968 5184 2014 5235 si
2054 5199 2143 5237 su-

573 5253 670 5362 per
723 5242 997 5324 dominum
1030 5247 1190 5300 fuerit
1223 5242 1473 5315 delator]
1510 5252 1717 5304 etiamsi
1770 5252 1978 5306 obiecta
2015 5268 2143 5323 pro-

614 5319 797 5362 avent.
831 5324 1099 5362 puniatur.

614 5315 797 5379 averit,
829 5315 1099 5379 puniatur.

646 5378 767 5433 178.
807 5378 885 5435 De
903 5385 1253 5455 episcoporum
1275 5403 1431 5441 causa
1441 5404 1533 5457 per
1547 5405 1809 5460 episcopos
1832 5390 2022 5450 iudices
2047 5402 2144 5447 ter—

2270 3234 2326 3299 ut
2366 3227 2547 3280 revolet
2585 3228 2722 3297 turpi
2745 3227 2950 3281 udinem
2973 3229 3115 3283 cius.-
3138 3227 3397 3285 Similiter
3433 3233 3682 3299 scriptum
3705 3240 3795 3283 est:

2272 3295 2397 3348 Cum
2419 3312 2578 3351 uxore
2598 3295 2822 3366 proximi
2836 3301 2906 3352 tui
2928 3316 3027 3351 non
3049 3300 3230 3366 coibis,
3250 3318 3341 3356 nec
3362 3295 3581 3355 seminis
3594 3302 3797 3352 cium-ost-

2268 3367 2516 3441 rniitionc
2537 3369 2890 3441 maculaberis.
2910 3372 2971 3422 tt
2985 3368 3036 3422 in
3050 3372 3404 3427 decretalibus
3422 3386 3599 3441 papae
3613 3369 3796 3436 Gregorii

2268 3436 2460 3503 legitur
2487 3453 2501 3489 :
2532 3455 2550 3489 ι
2582 3438 2637 3491 Si
2661 3440 2780 3506 quis
2810 3438 3090 3494 diaconum
3123 3436 3565 3497 autmonac'ba'm
3586 3450 3791 3494 autcum-

2268 3516 2491 3560 matrem
2519 3507 2811 3576 spiritalem
2869 3518 2963 3563 aut
3014 3510 3193 3564 l'ratris
3242 3528 3469 3566 uxorem
3514 3521 3609 3566 aut
3633 3518 3789 3578 neptu-

2267 3584 2361 3629 aut
2380 3590 2667 3631 novercam
2695 3587 2788 3632 aut
2814 3595 3007 3633 nurum
3034 3595 3185 3633 suam
3229 3592 3320 3634 aut
3347 3584 3716 3637 consobrinam
3732 3587 3792 3631 aut

2266 3645 2333 3699 de
2358 3648 2575 3720 propria
2606 3649 3021 3720 cognationevel
3045 3666 3202 3720 quant
3219 3662 3486 3720 cognatus
3518 3651 3704 3715 habuit,
3727 3652 3792 3701 du-

2268 3717 2406 3790 xtari‘t
2444 3733 2687 3790 uxorem,
2718 3719 3004 3790 anathema
3035 3723 3122 3773 sit.
3147 3718 3211 3773 Et
3241 3717 3640 3790 responderunt
3657 3734 3794 3777 omnes

2267 3786 2464 3861 tertio:
2497 3788 2785 3861 anathema
2807 3790 2900 3861 sit.
2934 3786 3087 3844 Item.
3121 3791 3177 3845 Si
3207 3786 3574 3858 qttis’viduam
3612 3791 3793 3861 rapuerit

2264 3856 2351 3909 Vcl
2378 3858 2582 3911 furatus
2603 3857 2764 3912 fuerit
2803 3859 2858 3913 in
2888 3874 3149 3924 uxorem,
3194 3856 3277 3914 vel
3313 3856 3792 3919 consentientem.

2264 3926 2551 4001 anathema
2561 3926 2739 4001 sitiEt
2751 3928 3339 4001 responderuntomncs
3350 3933 3516 3987 tertio
3537 3952 3552 3985 :
3569 3933 3795 3988 anellian

2264 3995 2352 4073 sit.
2378 3993 2583 4073 Siquis
2611 3993 2911 4073 virginem,
2940 3999 3041 4052 nisi
3058 4001 3463 4073 ttesponsaverit
3490 4014 3796 4073 αλιυδ-θρυφ-

2262 4066 2334 4118 rit
2364 4066 2445 4136 vel
2462 4068 2666 4121 iuratus
2691 4068 2851 4123 fuerit
2886 4066 3201 4135 inuxorem,
3243 4070 3326 4124 vel
3350 4066 3795 4136 consentientisei,

2264 4134 2549 4206 anathema
2586 4137 2678 4193 sit.
2712 4138 2779 4191 lit
2808 4138 3196 4206 restionderunt
3224 4156 3415 4198 omnes
3467 4134 3796 4198 teritiozaua4

2264 4204 2444 4258 thema
2470 4206 2557 4258 sit.
2597 4225 2617 4258 ι
2654 4210 2720 4281 lit
2747 4206 2885 4281 alibi
2899 4204 2952 4262 in
2980 4210 3281 4281 cauonibus
3306 4212 3574 4281 scriptum
3594 4215 3630 4243 “
3652 4222 3736 4277 est,
3757 4219 3797 4263 ut

2261 4287 2422 4353 nemo
2450 4290 2618 4355 usque
2646 4278 2716 4332 ad
2744 4278 3022 4355 al'tinitatis
3072 4279 3267 4334 lineam
3316 4296 3386 4337 ex
3416 4278 3797 4355 propinquitate

2261 4347 2345 4425 sui
2373 4347 2650 4425 sanguinis
2693 4350 2962 4425 connubia
2990 4351 3169 4425 ducat,
3193 4366 3369 4425 neque
3401 4347 3692 4422 virginibus
3713 4353 3799 4406 sine

2261 4412 2637 4493 benedictione
2667 4419 2988 4493 _sacerdot_is
3052 4412 3174 4488 quis
3219 4412 3430 4493 nubere
3484 4412 3797 4493 praesumat;

2260 4483 2460 4552 Oppido
2491 4486 2635 4540 enim
2666 4488 2769 4542 ista
2809 4490 2986 4544 omnia
3033 4483 3268 4544 cavenda
3294 4503 3424 4545 sunt
3461 4483 3537 4546 ιιέ
3567 4494 3701 4547 tiant.
3721 4489 3799 4545 Sed

2183 4537 2232 4598 D
2257 4537 3120 4631 pagusaargutissimas
3137 4537 3440 4626 massis.
3457 4537 3799 4631 nihil

2254 4623 2342 4703 rit,
2361 4632 2487 4703 tunc
2515 4625 2561 4682 si
2586 4628 2737 4695 virgo
2763 4623 2943 4703 fuerit,
2972 4644 3091 4683 cum
3116 4623 3495 4703 benedictione
3521 4623 3798 4703 sacerdotis.

2254 4695 2394 4747 sicut
2421 4695 2474 4749 in
2529 4695 2951 4753 sacramentario
2996 4699 3320 4764 continetur,
3362 4711 3579 4757 etcum
3615 4701 3799 4757 consdio

2252 4764 2544 4838 multorum
2572 4767 2837 4829 bonorum
2870 4768 3142 4823 hominum
3169 4770 3380 4838 publice
3408 4780 3465 4827 et
3496 4789 3609 4827 non
3629 4772 3799 4827 occulte

2252 4834 2496 4889 ducenda
2515 4845 2598 4890 est
2620 4852 2773 4903 uxor;
2804 4845 2861 4892 ut
2883 4838 3083 4892 boniex
3105 4834 3184 4894 eis
3196 4839 3285 4895 lilii
3304 4842 3535 4897 Domino
3552 4846 3800 4899 miserante

2251 4915 2635 4980 proggeemur,
2657 4915 2713 4962 et
2742 4924 2847 4962 non
2877 4908 3032 4973 tales,
3052 4909 3196 4980 sicut
3222 4912 3473 4980 superius
3494 4914 3695 4968 dictum
3720 4919 3799 4965 est.

2319 4972 2441 5056 ιβο.
2486 4973 2635 5037 Quod
2650 4972 3083 5056 ‘eascommunicuti
3104 4995 3136 5031 a
3155 4972 3422 5056 sacerdote
3442 4994 3712 5054 antequam
3732 4996 3798 5034 αι·

2248 5044 2871 5121 nonice_reconcilierttur,
2902 5064 3005 5102 non
3045 5052 3243 5121 possint
3272 5052 3499 5108 maiores
3531 5044 3657 5108 natu
3682 5065 3800 5105 acca-

2247 5127 2383 5190 sare.
2415 5115 2480 5190 llt
2506 5119 3004 5173 excommunicatus
3033 5115 3065 5173 ἁ
3092 5120 3398 5190 sacerdote,
3429 5126 3667 5180 maiores
3698 5128 3800 5176 natu

2248 5184 2332 5262 vel
2363 5186 2642 5255 episcopos
2671 5201 2937 5262 accusare
2976 5205 3083 5262 non
3110 5184 3443 5262 praesumat,
3471 5193 3721 5262 quamdiu
3759 5191 3799 5242 in

2249 5258 2360 5332 ipsa
2390 5264 2470 5309 est
2492 5258 3048 5332 excommunicatione
3075 5261 3135 5312 ι’.
3170 5260 3325 5326 Quod
3372 5258 3799 5332 si’praesumpsej

2249 5326 2338 5382 rit.
2368 5340 2474 5379 non
2500 5326 2813 5394 recipiatur,
2838 5329 2931 5383 sed
2957 5341 3049 5382 aut
3074 5332 3262 5384 maiori
3280 5326 3798 5389 excommunicationi

2248 5395 2544 5462 subiaceat,
2575 5405 2667 5451 aut
2689 5402 2756 5453 ab
2783 5400 3010 5455 ecclesia
3039 5400 3278 5472 pellatur.

1775 5524 2162 5583 VARIANTES
2198 5527 2596 5587 LECTIONES.

650 5628 937 5710 {episeopo
960 5631 1079 5710 Bal.

574 5707 723 5753 serit.

1173 5636 1193 5665 ¹
1220 5635 1503 5692 hornicidis
1534 5635 1652 5692 Bal.
1730 5639 1750 5669 ⁸
1778 5638 2070 5696 invaserint
2096 5642 2159 5697 (ἔ.

826 5700 847 5730 ⁸
876 5702 919 5775 i_.
945 5705 1153 5759 animae
1182 5706 1268 5759 (ἱ.-
1334 5706 1357 5775 ῗ
1385 5707 1642 5775 inpetitnr
1672 5707 1735 5761 (ἐ.

1822 5644 2728 5741 vastati.-.-.:-e§§eserit€25!
2829 5651 3112 5741 "‘2'.9"'?;'.
3136 5653 3574 5741 31““.ill‘sidiis
3600 5675 3797 5741 vortar

1822 5712 1840 5741 ⁷
1868 5717 1965 5781 pro
1994 5712 2364 5789 benedictione
2388 5714 2453 5769 ϐ.

580 5770 662 5825 vel
686 5768 805 5825 dco.
887 5772 922 5801 “
953 5785 1292 5847 praeceptum
1324 5768 1458 5831 Balf
1522 5778 1561 5806 "
1591 5792 1643 5847 q.
1677 5778 1792 5834 ini.
1817 5768 2016 5837 efexc.
2044 5794 2156 5855 post
2185 5768 2459 5843 sacerdote
2488 5768 2706 5844 coltocnt
2738 5768 2853 5846 (iul.

2529 5717 2708 5807 Ἀεςεξε
2888 5717 3113 5793 “invidi
3154 5723 3220 5780 ιι.
3304 5727 3344 5758 ιο
3373 5729 3427 5783 in
3456 5717 3794 5807 masta..-
