3974 6340
540 361 638 418 325

1453 349 1514 404 B.
1553 349 1804 406 canon
1841 347 2057 405 suam
2095 344 2246 404 ore.
2288 344 2468 402 cans
2505 347 2545 401 ι.
2589 328 2911 406 secum;

3726 350 3817 406 824

537 480 668 534 Jobis
700 476 952 539 homines,
985 472 1106 526 haec
1136 470 1315 524 eadem
1337 469 1492 540 facite
1517 468 1639 522 illis.
1659 467 1908 540 Quisquis
1933 472 2116 540 autem
2151 464 2189 521 Α
2225 464 2417 540 linere,
2449 463 2630 540 liceat:
2663 463 2731 518 Et
2753 471 2940 534 postea
2957 462 3001 540 si
3023 477 3082 518 se
3095 465 3340 540 correxit
3359 474 3416 540 et
3435 465 3549 520 alia
3567 466 3814 540 deinceps

534 558 721 606 contra
771 548 838 600 ba
863 560 905 600 -c
933 538 1222 599 Constituta
1249 538 1489 602 venerit,
1521 548 1613 592 aut
1663 541 1796 619 haec
1826 538 2118 619 infringere

533 619 914 689 temptaverit,
946 623 1208 689 tanquam
1235 619 1575 681 contemptor
1613 610 1810 678 gradus
1857 609 1939 664 sui
1978 609 2120 679 peri-

532 687 663 746 culo
683 687 1002 742 subiacebit.

603 758 724 811 199.
762 755 913 820 Quod
941 756 1088 810 laicis
1116 753 1179 806 de
1201 755 1322 807 viris
1355 752 1459 805 Deo
1501 751 1684 805 dicatis
1713 750 1790 804 vel
1811 750 2121 820 ecclesiasti-

529 833 603 885 cis
634 819 965 896 facultatibus
1001 825 1196 896 aliquid
1228 823 1552 896 disponendi
1584 823 1726 896 nulla
1765 823 1831 896 sit_
1861 819 2121 896 edtribuia

529 890 771 972 facultas.
800 899 880 972 De
915 897 1041 972 viris
1074 890 1182 948 Deo
1210 890 1508 972 diea'tisvei
1534 892 1918 972 eecles_iastieis
1939 890 2113 972 facul-

531 962 734 1025 iatibus
764 968 964 1038 aliquid
989 966 1304 1038 disponendi
1331 965 1470 1038 nuila
1491 963 1684 1038 legitur
1705 962 1856 1016 laicis
1877 962 2124 1032 quamvis

530 1041 797 1107 religiosis
828 1034 1082 1106 uinquam
1101 1036 1368 1090 adtributa
1402 1034 1648 1107 facultas.

602 1102 728 1166 200.
773 1110 848 1163 De
887 1102 965 1162 his
1021 1107 1106 1176 qui
1150 1107 1204 1160 in
1233 1106 1604 1172 blasphemiam
1634 1103 1846 1176 alterius
1895 1102 2124 1176 aliquam

527 1185 837 1252 scripturam
865 1180 952 1252 vel
971 1173 1585 1252 cautiracomposueriut
1612 1173 1686 1227 vel
1703 1175 2035 1252 cantaverint
2083 1174 2122 1226 ³.

532 1253 582 1307 Is
629 1245 647 1282 ⁵
679 1253 768 1321 qui
822 1252 872 1304 in
906 1247 1293 1321 b'aspbemiam
1321 1245 1544 1300 alterius
1570 1245 1776 1321 cantica
1807 1258 2126 1321 c_on_i_posue-

536 1314 731 1385 rit,vel
779 1322 870 1390 qui
896 1314 1195 1390 cantavcrit
1222 1333 1306 1380 ea,
1340 1324 1492 1371 extra
1520 1315 1761 1390 ordinarii
1795 1314 2124 1390 vindicetur,

535 1409 660 1448 nam
709 1384 812 1447 lex'
853 1389 1060 1446 exiliari
1108 1389 1258 1442 iubet
1311 1402 1443 1452 eos,
1486 1384 1830 1457 qui._libellos
1887 1386 2128 1457 famosos

531 1464 845 1532 excogitant
873 1469 966 1514 aut
998 1467 1344 1532 :prOpon-unt.
1367 1455 1594 1532 Nzitatttr
1615 1455 1853 1532 infamia,
1881 1456 2126 1532 quicum-

535 1525 826 1608 quefdum
853 1525 1092 1608 appellat
1123 1529 1352 1608 iudicem
1377 1570 1394 1593 ,
1436 1525 1739 1608 convicium
1767 1526 1984 1608 dixerit.
2010 1526 2128 1608 Non

533 1597 744 1657 tantum
775 1605 842 1668 is,
889 1597 988 1671 qui
1038 1599 1381 1671 maledictum
1440 1607 1536 1671 aui
1573 1597 1876 1671 convicium
1901 1597 2126 1671 dixerit,

533 1675 780 1728 famosus
810 1659 1072 1737 efﬁcitur,
1121 1669 1216 1725 sed
1247 1679 1304 1724 et
1348 1669 1414 1736 is,
1444 1659 1596 1725 cuius
1642 1666 1872 1722 consilio
1927 1659 2128 1722 factum

529 1760 653 1801 esse
673 1745 925 1810 patuerit.

2224 535 2443 590 minime
2488 548 2549 589 se
2600 534 2781 606 uicere
2825 535 3151 604 promiserit:
3199 535 3484 590 humanius
3525 551 3660 606 erga
3703 534 3815 601 eum

2220 618 2388 728 egere
2433 605 2674 675 poterit,
2729 605 2776 660 si
2821 606 3051 661 voluerit
3078 614 3135 661 et
3180 606 3297 676 ipse
3323 607 3518 675 dignus
3576 611 3814 672 inventus

2246 691 2359 728 ueri
2389 712 2406 728 .

2292 745 2416 824 207.
2543 747 2883 824 srcularesde
2925 748 3045 802 viris
3083 748 3214 824 Deae
3242 748 3429 801 dicatis
3475 749 3817 824 ecclesiaeqae

2225 817 2557 886 facultatibus
2586 819 2654 871 ad
2668 835 2718 870 se
2741 818 2872 870 nihil
2892 828 3068 885 putent
3087 819 3339 886 pertinere
3360 828 3576 883 praeter
3594 817 3814 877 reverén-

2225 889 2352 940 tiam
2375 897 2592 941 tantum.
2625 887 2882 958 Synodali
2911 887 3142 958 ,decreto
3166 889 3429 944 sancitum
3463 899 3580 954 est,
3615 907 3684 946 ne
3710 893 3814 950 laici

2224 961 2307 1011 vel
2338 959 2612 1014 seculares
2657 959 2726 1013 de
2759 959 2886 1013 viris
2933 959 3044 1014 Deo
3073 961 3266 1015 dicatis
3311 961 3698 1029 ecclesiaeque
3743 968 3815 1019 fa-

2225 1029 2516 1084 cultatibus
2539 1030 2739 1103 aliquid
2771 1031 2837 1084 ad
2868 1044 2927 1103 se
2949 1039 3140 1098 putent
3169 1032 3254 1085 vel
3278 1043 3644 1100 praesumant
3669 1051 3812 1103 prae-

2225 1108 2311 1153 ter
2340 1101 2715 1170 reverentiam
2745 1101 3040 1170 pertinere,
3091 1116 3320 1170 quorum
3362 1101 3714 1170 quarumque
3739 1122 3810 1160 sa-

2227 1169 2542 1225 cerdotibus
2585 1169 2903 1239 disponendi
2957 1169 3253 1227 indiscusse
3299 1187 3329 1225 a
3362 1171 3474 1225 Deo
3508 1169 3656 1226 cura
3676 1191 3813 1230 com-

2227 1241 2388 1295 missa
2425 1240 2669 1298 docetur.
2703 1241 2758 1297 Si
2789 1242 2910 1312 quis
2938 1252 3125 1297 contra
3158 1244 3292 1297 haec
3318 1243 3512 1297 venire
3544 1259 3810 1312 praesum-

2227 1312 2413 1380 pserit,
2433 1314 2778 1368 anathemate
2817 1310 3060 1368 feriatur.

2298 1380 2422 1456 208.
2446 1381 2543 1456 ‘De
2588 1384 2746 1456 servis
2778 1383 3106 1456 dominarum
3153 1385 3392 1456 facinora
3431 1387 3693 1454 confessis
3721 1405 3810 1444 non

2228 1452 2520 1508 audiendis.
2587 1455 2645 1508 Si
2692 1455 2832 1508 servi
2887 1452 3548 1510 facinora'dominorum‘
3591 1459 3802 1513 confessi

2228 1533 2374 1594 sunt.
2425 1523 2577 1579 nullo
2603 1525 2763 1578 modo
2793 1525 3102 1594 audiantur,
3151 1525 3250 1580 nisi
3275 1526 3412 1581 forte
3445 1541 3549 1581 eos
3580 1542 3702 1584 reos
3726 1530 3803 1586 de-

2231 1591 2406 1648 ferant
2431 1595 2745 1649 maiestatis.

2298 1663 2423 1738 209.
2450 1663 2587 1728 Quid
2609 1665 2674 1738 de
2719 1666 3029 1732 hominibus,
3069 1668 3155 1736 qui
3183 1685 3432 1738 pauperes
3479 1670 3742 1737 expoliunt
3762 1680 3803 1724 et

2232 1735 2540 1808 admonente
2567 1737 2802 1806 episwpo
2845 1754 2948 1792 non
2989 1753 3043 1791 re
3063 1735 3305 1792 Ididerint
3345 1735 3614 1808 agendum
3649 1743 3725 1794 sit.
3754 1742 3799 1796 Si

598 1805 729 1868 22H.
757 1815 896 1892 (ζημία
935 1813 1000 1867 de
1029 1811 1380 1892 εαρρτάορώιέξ
1410 1811 1488 1864 υινι
1521 1810 1685 1892 levitis
1731 1809 1794 1892 de
1818 1811 2124 1892 _se_crimen
2163 1828 2204 1888 Β
2231 1805 2351 1888 quis
2380 1813 2660 1874 potentum
2689 1805 2983 1892 qpeuilibet
3023 1805 3469 1892 expoliaverit’et
3497 1809 3800 1869 admonente

533 1884 896 1955 conﬁtentibus
926 1885 1183 1955 agendum
1211 1883 1311 1955 sil.‘
1333 1882 1400 1935 Ut
1429 1880 1680 1955 sacerdos
1708 1880 1793 1934 vel
1816 1881 1998 1948 levita,
2029 1881 2122 1952 qui

532 1959 604 2012 de
627 1951 687 2011 se
712 1957 914 2011 crimen
939 1951 1154 2023 aliquod
1180 1952 1486 2023 conﬁtetur,
1511 1951 1831 2023 deponatur.

603 2025 730 2081 202.
767 2027 835 2080 Ut
863 2022 1044 2080 nullus,
1063 2023 1314 2093 presbiter
1351 2022 1899 2093 publicepoenitentes
1942 2024 2126 2078 incon-

531 2099 666 2152 sulto
691 2099 928 2167 episcopo
958 2091 1528 2167 reconciliareaudeat.
1551 2091 1693 2167 tut
1715 2109 1894 2148 omnes
1927 2096 2131 2161 publice

531 2164 929 2237 poenitentes'in
967 2182 1127 2221 coena
1160 2164 1369 2237 Domini
1397 2164 1465 2217 ad
1494 2165 1806 2237 _rpisc0pum
1860 2167 2126 2237 proprium

529 2234 868 2304 conveniant,
898 2249 954 2291 ut
981 2237 1044 2290 ab
1070 2253 1129 2290 eo
1155 2235 1405 2288 canonice
1451 2234 1800 2302 absolvuntur,
1825 2235 1900 2288 vel
1929 2235 2125 2289 diiudi-

531 2317 731 2364 ceutur.
791 2310 1064 2364 Statutum
1089 2317 1173 2361 est
1201 2315 1256 2360 et
1285 2307 1338 2359 in
1396 2305 1597 2360 sanctis
1625 2306 1922 2358 canonibus
1944 2307 2128 2372 probi-

530 2380 727 2442 bitum,
759 2389 818 2435 ut
846 2380 1026 2434 nullus
1071 2377 1338 2448 presbiter
1378 2377 1744 2445 poenitentem
1797 2376 2010 2448 publice
2049 2377 2130 2430 in-

529 2451 778 2507 consulto
803 2451 1060 2519 episcopo
1074 2446 1442 2519 reconciliare
1465 2453 1790 2519 praesumat,
1826 2447 1924 2501 nisi
1949 2458 2125 2503 morte

535 2519 678 2576 forte
707 2516 1104 2590 periclitantem
1123 2557 1139 2583 ,
1185 2517 1281 2590 sed
1329 2532 1516 2570 euntes
1544 2516 1755 2587 publice
1784 2519 2124 2590 poenitentes

535 2587 725 2660 quinta
755 2590 887 2644 feria
912 2600 1039 2646 ante
1068 2589 1453 2660 pascha,_qua_e
1481 2598 1566 2642 est
1595 2601 1770 2660 coena
1797 2587 2028 2660 Domini,
2060 2589 2126 2642 ad

531 2658 807 2716 civitatem
837 2661 890 2715 in
919 2661 1104 2715 cinere
1129 2666 1184 2713 et
1213 2658 1392 2712 cilicio
1420 2658 1487 2729 in,
1499 2658 1863 2729 praesentiam
1888 2659 2127 2729 episcopi

533 2738 809 2800 prostrato
840 2731 988 2784 vultu
1019 2729 1364 2800 conveniant,
1385 2736 1451 2800 et
1476 2727 1546 2781 ibi
1579 2727 1647 2781 ab
1677 2727 2130 2800 episcopocano-

537 2799 662 2855 inice
681 2809 738 2854 et
774 2800 1179 2861 ordinabiliter,
1209 2799 1351 2852 sicut
1379 2799 1433 2852 in
1463 2799 1888 2852 sacramentario
1932 2799 1952 2830 ³
1993 2801 2126 2855 etin

537 2870 789 2926 Romano
839 2871 1030 2926 ordine
1085 2870 1430 2932 continetur,
1490 2868 1912 2924 reconcilientur
1963 2879 2128 2939 atque

532 2942 897 2996 diiudicentur
943 2942 1402 3007 eousolenturque
1431 2947 1488 2995 et
1537 2940 1954 3008 praediceutur.
1995 2943 2124 3009 quid

528 3012 786 3084 deinceps
828 3027 988 3083 agere
1033 3013 1229 3084 quidve
1277 3011 1446 3084 vitare
1475 3010 1710 3064 debeant
1765 3011 2119 3084 instruantur,

529 3089 696 3154 atque
725 3081 959 3154 insuper
1011 3081 1204 3138 divinis
1253 3081 1649 3154 precibusuper
1691 3096 1880 3137 manus
1926 3083 2125 3151 inposi-

528 3153 733 3209 tionem
777 3162 801 3186 *
837 3152 1076 3223 episcopi
1106 3164 1384 3211 sanentur.
1410 3152 1566 3207 Nullo
1599 3167 1835 3221 namque
1877 3161 2122 3223 tempore

2232 1876 2622 1947 episcopojnon
2653 1877 2944 1934 reddiderit
2963 1922 2976 1940 ,
3009 1881 3535 1934 excommunicetur.

2301 1945 2426 2019 210.
2471 1946 2550 2019 De
2578 1947 2687 2011 his,
2721 1951 2807 2019 qui
2855 1967 2968 2004 sine
3007 1949 3232 2004 iussione
3253 1951 3487 2017 episcopi
3516 1952 3708 2006 iudices
3733 1971 3798 2007 se-

2231 2018 2432 2091 culures
2453 2017 2664 2085 adeunt,
2696 2017 2785 2091 sint
2809 2022 2919 2091 sine
2947 2021 3154 2074 licentia
3183 2029 3231 2073 et
3279 2023 3469 2074 litteris
3494 2025 3666 2091 episco
3700 2025 3797 2077 issi

2231 2089 2648 2158 proficiscuntur.
2695 2089 2764 2143 Et
2802 2090 2868 2144 de
2909 2092 3055 2144 laicis
3109 2092 3338 2145 eccles'is
3365 2093 3444 2145 vrl
3491 2089 3690 2147 clericis
3723 2111 3798 2147 ce-

2230 2159 2480 2230 lumniam
2504 2159 2833 2223 facientibus.
2867 2161 3175 2218 Sanccitum
3215 2171 3316 2226 est,
3343 2171 3404 2216 ut
3436 2164 3702 2230 presbiter
3723 2166 3794 2220 vel

2231 2229 2492 2285 diaconus
2535 2231 2649 2285 sive
2674 2232 2899 2300 quilibet
2917 2233 2980 2288 cl:
3003 2235 3147 2288 ricus
3183 2233 3401 2300 regulae
3429 2229 3699 2300 subiectus
3726 2236 3795 2288 in-

2231 2301 2480 2374 consulto
2507 2303 2765 2374 episcopo
2785 2303 2850 2358 ad
2882 2305 3108 2358 iudicem
3139 2304 3439 2358 secularem
3471 2320 3578 2358 non
3606 2301 3790 2374 [ῆι-εει.

2231 2372 2452 2444 Necnon
2483 2381 2539 2426 et
2591 2373 2694 2426 hoc
2739 2375 3035 2430 sanccitmn
3062 2382 3161 2435 cst.
3212 2383 3270 2428 ut
3299 2375 3415 2429 sine
3443 2372 3668 2444 epistola
3695 2372 3794 2443 cpi-

2231 2443 2385 2514 seopi
2421 2445 2508 2514 sui
2539 2459 2646 2498 non
2691 2444 2852 2499 liceat
2896 2446 3150 2501 clericum
3181 2445 3266 2498 vel
3298 2443 3612 2499 monacbum
3643 2446 3790 2514 proli-

2231 2513 2381 2567 eisci.
2415 2513 2482 2568 Et
2509 2515 2633 2569 alibi
2685 2515 2739 2569 in
2770 2517 3068 2570 eanouibus
3098 2515 3293 2584 legitur
3327 2517 3402 2570 ita
3434 2535 3445 2569 :
3483 2536 3503 2568 σ
3536 2513 3792 2571 PreSbiter

2232 2591 2323 2656 aut
2352 2583 2612 2656 diaconus
2643 2587 2724 2640 vel
2755 2587 2983 2641 clericus
3021 2587 3138 2640 sine
3159 2583 3434 2640 antistitis
3467 2589 3546 2641 sui
3586 2589 3782 2656 episto-

2231 2653 2294 2708 lis
2323 2655 2623 2720 ambulans,
2676 2659 3110 2712 communionem
3143 2658 3191 2710 ei
3225 2657 3393 2710 nullus
3428 2653 3700 2719 impendat.
3750 2678 3770 2710 ι

2229 2723 2506 2796 Simulque
2553 2737 2812 2782 statutum
2868 2739 2970 2792 est,
3027 2735 3085 2781 ut
3133 2729 3177 2782 si
3205 2729 3326 2796 quis
3366 2727 3658 2782 secularium
3686 2743 3773 2796 per

2230 2795 2553 2852 calumniam
2577 2798 2859 2854 ecclesiam
2905 2809 2997 2853 aut
3043 2795 3297 2853 clericum
3334 2797 3542 2866 fatigare
3564 2795 3780 2867 tempta-

2230 2867 2370 2920 verit
2399 2877 2455 2922 et
2483 2869 2760 2924 convictus
2791 2869 2970 2932 fuerit,
3029 2870 3096 2924 ab
3151 2869 3416 2924 ecclesiae
3463 2869 3787 2924 liminibuset

2230 2938 2494 3010 caibolica
2577 2940 2998 3010 communioiiey
3057 2941 3158 2995 nisi
3211 2939 3376 3009 digne
3450 2941 3788 3008 paenituerit,

2229 3008 2612 3065 coberceatur.

2300 3077 2425 3133 2H.
2459 3081 2537 3134 De
2563 3082 2712 3136 laicis
2753 3082 2946 3153 vitiosis
2983 3099 3016 3136 α
3039 3083 3259 3146 clericis,
3301 3082 3405 3136 nisi
3437 3092 3616 3153 sponte
3646 3083 3790 3138 volite-

2229 3150 2354 3214 rint,
2380 3168 2482 3204 non
2511 3153 2840 3221 recipiendis.
2871 3152 3072 3209 Omnes
3099 3154 3337 3222 episcopi
3366 3154 3418 3207 in
3441 3150 3596 3208 tertia
3622 3156 3788 3210 sessio.

524 3204 1426 3295 presbiterov'in'pnblicavmissa'
1447 3204 1831 3293 poenitentcni
1869 3204 2120 3295 iééo‘nEiZ
2149 3204 2194 3267 (ἶ
2227 3235 2296 3275 ne
2325 3204 2767 3295 adclamavcrunt
2799 3241 2814 3278 :
2853 3242 2871 3275 α
2910 3230 3051 3279 Sane
3084 3204 3304 3293 dignun;
3329 3232 3437 3289 est,
3487 3234 3551 3277 ut
3573 3227 3701 3280 sicut
3721 3241 3787 3279 sa-

527 3293 664 3366 liare
692 3297 809 3352 sine
838 3293 1054 3352 licentia
1083 3295 1321 3366 episcopi
1370 3309 1688 3366 concessum
1737 3303 1840 3350 est.
1895 3293 1951 3347 Si
1999 3295 2120 3363 quis

527 3365 634 3421 hoc
697 3366 877 3423 facere
931 3366 1396 3438 praesumpserit,
1464 3365 1726 3420 canonica
1783 3366 2122 3421 correctione

526 3438 810 3492 multetur.

596 3507 723 3561 ⁸205.
766 3508 844 3562 De
873 3509 1073 3562 clericis
1113 3508 1191 3562 rel
1217 3507 1384 3572 laicis,
1417 3507 1502 3577 qui
1543 3522 1636 3560 suo
1658 3507 1894 3577 episcopo
1919 3508 2121 3562 calum-

531 3594 555 3625 ις
566 3579 757 3632 iatores
771 3580 1052 3632 extiterint.
1074 3581 1129 3633 Si
1153 3578 1273 3649 quis
1297 3577 1528 3649 clericus
1539 3577 1622 3630 vel
1641 3577 1805 3649 laicus
1818 3579 2118 3649 exprobra-

528 3657 615 3700 tor
643 3649 728 3701 vel
758 3651 1114 3704 calumniator
1141 3648 1239 3704 suo
1269 3648 1526 3717 episcopo
1555 3648 1818 3717 extiterit,
1849 3660 1906 3702 ut
1947 3648 2121 3704 homi-

522 3718 642 3770 cida
673 3717 956 3773 habeatur.

594 3786 629 3839 2
651 3787 720 3840 ιι.
747 3787 842 3848 ,οε
868 3792 1036 3845 causis
1058 3791 1108 3843 in
1134 3789 1323 3843 iudicio
1351 3789 1731 3858 convincendis,
1760 3799 1808 3842 et
1831 3791 1895 3843 de
1918 3797 2122 3844 senten-

522 3859 597 3930 tj'u
614 3859 871 3930 adversus
904 3866 1135 3915 absentes
1177 3860 1518 3930 inﬁrmanda.
1552 3860 1620 3914 Et
1659 3861 1722 3914 de
1756 3861 1927 3915 causis
1957 3862 2010 3914 in
2042 3864 2121 3914 iu-

521 3928 657 3981 dicio
683 3945 786 3983 non
808 3930 1140 3986 revolvendis.
1189 3928 1256 3983 Et
1283 3941 1338 3984 ut
1377 3929 1608 3984 absentes
1639 3948 1744 3984 non
1787 3931 2117 3986 damnentur.

520 3997 592 4051 Et
622 4000 761 4070 quod
799 4003 1031 4056 absentes
1058 4019 1148 4071 er
1176 4003 1336 4054 alium
1365 4017 1458 4054 nec
1483 4018 1730 4055 accusare
1763 4018 1850 4054 nec
1877 4004 2119 4056 accusari

519 4072 740 4138 possint.
783 4071 1048 4128 Convinci
1085 4087 1246 4127 nemo
1273 4079 1454 4142 potest
1501 4072 1698 4126 iudicio
1745 4071 1862 4126 sine
1895 4073 2122 4126 testibus

521 4149 615 4211 aut
645 4142 938 4211 scriptura.
979 4143 1259 4198 Sententia
1291 4144 1515 4196 absente
1560 4151 1710 4208 parte
1734 4142 1836 4196 alia
1869 4158 1898 4195 a
1942 4143 2121 4198 iudice

519 4209 644 4265 data
697 4209 901 4267 nullam
941 4215 1150 4268 obtinet
1202 4213 1529 4266 ﬁrmitatem.
1583 4213 1756 4267 Causa
1796 4214 1938 4267 inter
1964 4228 2122 4280 prae-

519 4289 703 4354 sentes
742 4283 973 4337 iudicata
1022 4292 1146 4354 post
1169 4282 1527 4354 tleceunnium
1553 4285 1753 4354 revolvi
1785 4299 1889 4336 nou
1922 4292 2119 4352 potest,

521 4366 625 4406 nec
652 4351 795 4407 inter
821 4351 1073 4410 absentcs
1113 4363 1235 4422 pest
1281 4353 1605 4408 viceunium.
1637 4353 1692 4406 In
1719 4369 1879 4408 causa
1903 4351 2120 4423 capitali

519 4423 715 4476 absens
745 4438 904 4478 nemo
959 4425 1300 4494 dampnetur.
1346 4425 1530 4494 Neque
1561 4425 1757 4478 absens
1807 4441 1904 4494 per
1956 4425 2119 4480 alium

520 4501 894 4563 accusatorem
922 4496 1165 4550 accusari
1195 4503 1388 4563 pvtest.

529 4567 533 4645 ζ
576 4561 728 4645 Δευδ..
755 4563 896 4645 Quid
923 4561 1322 4645 dedele’o‘ribus
1344 4565 1581 4634 ﬁdelibus
1611 4565 1866 4645 agendum
1895 4567 1982 4619 sit.
2017 4568 2116 4645 [_)c-
2148 4586 2196 4645 ο

519 4633 659 4688 lator
684 4633 728 4688 si
751 4636 873 4704 quis
901 4637 1142 4691 extiterit
1171 4633 1362 4701 lidelis,
1415 4645 1470 4690 et
1516 4651 1613 4705 per
1639 4633 1964 4689 delationem
1997 4637 2112 4692 eius

518 4705 715 4773 aliquis
738 4706 898 4761 fuerit
921 4707 1288 4776 praescriptus
1313 4706 1395 4760 vel
1415 4706 1744 4770 interfectus,
1771 4707 2108 4774 placuiteum

445 4829 448 4846 2
518 4790 619 4846 nee
649 4776 700 4828 in
735 4776 839 4832 line
869 4778 890 4807 ⁸
917 4779 1166 4846 accipere
1189 4777 1650 4831 communionem.

439 4841 448 4872 ι’
477 4850 481 4858 “
564 4844 714 4918 7206'.
757 4845 838 4901 De
876 4841 1228 4902 sacerdotibus
1252 4848 1328 4900 vel
1355 4848 1589 4918 clericis,
1625 4848 1710 4918 qui
1750 4861 1838 4911 rer
1866 4850 2047 4916 Ρρειιηί
2060 4866 2111 4901 '18

517 4917 740 4989 aliorum
763 4919 1087 4989 sacerdotum
1115 4919 1355 4972 ecclesias
1398 4927 1485 4970 aut
1530 4917 1779 4989 btueficia
1818 4919 2108 4989 subripiunt

517 4987 592 5039 vel
621 4988 934 5042 subvertunt.
964 4988 1242 5044 Sancitum
1271 4997 1354 5043 est
1398 4996 1558 5056 atque
1603 4988 1850 5044 omnilms
1881 4987 2118 5056 prdbibi-

516 5068 652 5130 tum,
674 5066 733 5111 ut
761 5059 811 5130 si
835 5060 956 5128 quis
985 5059 1602 5130 prcsbiterpraeventus
1635 5059 1796 5112 fuerit
1823 5059 1980 5113 alicui
2006 5061 2114 5114 elc-

517 5129 634 5181 rico
663 5136 758 5182 aut
802 5129 940 5185 laico
987 5128 1214 5184 munera
1243 5128 1371 5182 dare
1399 5138 1492 5182 aut
1540 5129 1773 5198 aliquam
1831 5131 2110 5198 pecuniam

517 5199 783 5266 tribuere,
815 5209 874 5254 ut
919 5201 1141 5254 alterius
1163 5200 1448 5269 presbiteri
1489 5199 1776 5254 ecclesiam
1814 5199 2111 5268 subripiat,

517 5270 769 5342 probae
813 5271 1111 5342 cupiditate
1157 5286 1252 5342 seu
1305 5270 1492 5339 rapina
1537 5271 1704 5338 turpis
1755 5270 2110 5342 lucriugratia

519 5339 782 5394 deiciatur
809 5355 837 5394 a
865 5339 1013 5397 clero
1042 5352 1099 5396 et
1143 5341 1352 5396 alienus
1378 5342 1573 5394 existat
1614 5355 1642 5392 a
1667 5340 1870 5406 regula.
1899 5339 2030 5394 Nam
2059 5342 2104 5395 si

519 5425 620 5479 pro
672 5412 1042 5467 misericordia
1088 5412 1342 5480 episcopo
1380 5411 1400 5441 ⁸
1440 5410 1702 5480 placuerit
1759 5411 1920 5479 longo
1970 5419 2107 5464 temo

523 5496 654 5547 pore
693 5496 816 5536 eum
866 5483 1196 5551 poenitendo
1248 5495 1410 5551 Quae,
1438 5482 1603 5549 gessit
1633 5481 1684 5533 in
1738 5481 1973 5536 carceris
2013 5495 2106 5536 ae-

521 5567 712 5606 rutnua
739 5550 1022 5608 recludere
1049 5561 1107 5609 et
1148 5566 1316 5622 usque
1348 5550 1417 5606 ad
1443 5551 1867 5607 satisfactionem
1915 5551 1990 5607 ibi
2019 5567 2106 5606 re-

2223 3292 2472 3347 cerdotes
2521 3294 2606 3346 vel
2645 3294 2873 3350 clericos
2898 3310 2993 3349 sua
3039 3296 3091 3350 in
3121 3292 3468 3349 accusatione
3499 3297 3586 3351 vel
3611 3297 3788 3352 secula-

2223 3361 2371 3438 ribus
2399 3363 2754 3438 iudiriislaici
2788 3381 2894 3419 non
2927 3361 3250 3438 recipiunt,
3282 3365 3354 3420 ita
3416 3366 3522 3436 ipsi
3551 3368 3790 3438 sacerdo-

2225 3433 2336 3486 tum
2387 3433 2471 3488 vel
2501 3435 2818 3490 clericormu
2846 3433 3276 3492 accusationibus
3313 3452 3411 3491 seu
3438 3433 3790 3493 ecclesiasticis

2223 3505 2456 3571 negotiis
2484 3506 2584 3560 nisi
2632 3516 2826 3575 Sponte
2875 3523 2983 3562 non
3031 3508 3391 3576 recipiantur;
3445 3510 3704 3577 quoniam
3730 3509 3785 3563 in-

2223 3577 2554 3656 conveniens
2584 3587 2686 3644 est,
2721 3589 2778 3632 ut
2807 3578 2880 3641 lii,
2911 3580 3000 3648 qui
3045 3580 3143 3634 bos
3172 3586 3456 3648 respuunt,
3483 3579 3557 3634 ab
3585 3581 3668 3636 bis
3687 3580 3789 3634 reci-

2221 3653 2455 3715 piantur.
2498 3667 2516 3699 ι

2291 3714 2418 3770 212.
2453 3717 2520 3772 Ut
2542 3718 2614 3781 hi,
2637 3719 2723 3786 qui
2745 3727 2928 3789 sponte
2953 3722 3206 3775 hominem
3236 3721 3470 3775 0'ridere
3493 3723 3739 3777 voluerint
3758 3732 3794 3776 tl

2223 3803 2325 3840 non
2383 3789 2642 3858 potuerint
2698 3799 2932 3856 perpetru
2965 3807 3022 3855 c,
3064 3800 3119 3843 ut
3165 3793 3456 3846 homicidae
3510 3794 3789 3847 habeantur.

2223 3859 2322 3923 Qui
2347 3859 2621 3914 hominem
2653 3861 2961 3936 voluntarie
3004 3862 3518 3936 occidere‘voluerit
3549 3875 3608 3918 et
3634 3879 3792 3936 perpe-

2226 3935 2500 4002 tra‘reuon
2533 3931 2792 4002 potuerit,
2819 3941 2879 3985 ut
2903 3933 3173 3987 homicida
3204 3935 3484 4002 punietur.

2292 4000 2420 4074 213.
2462 3999 2553 4074 De!
2571 3999 2793 4074 clericis,
2841 4005 2928 4072 qui
2956 4020 2988 4055 a
3014 4004 3120 4056 suis
3163 3999 3405 4058 rccedunl
3442 4007 3720 4074 cp'scopis.
3743 4005 3796 4061 Ut

2223 4070 2400 4124 nullus
2429 4072 2657 4143 clericus
2685 4073 2752 4127 ab
2781 4070 3038 4143 episcopo
3066 4089 3167 4128 suo
3197 4074 3418 4128 recedat
3467 4070 3530 4129 ct
3561 4070 3639 4131 ad
3658 4078 3793 4131 alium

2224 4157 2286 4193 se
2310 4141 2619 4196 transferat.

2294 4210 2413 4291 Bli.
2449 4212 2516 4267 Ut
2543 4213 2671 4291 nuili
2708 4215 2999 4291 sacerdotes
3031 4231 3204 4291 eorum
3227 4216 3452 4291 decimas
3491 4228 3590 4272 aut
3631 4219 3800 4291 aliquid

2224 4285 2302 4359 de.
2328 4285 2475 4359 rebus
2498 4287 2573 4336 rel
2597 4286 2934 4359 facultatibus
2959 4287 3202 4340 eccleiae
3231 4288 3341 4340 sine
3381 4289 3604 4343 Locutio
3630 4285 3801 4359 proprii

2223 4353 2445 4422 episcopi
2475 4356 2690 4408 vendere
2711 4367 3061 4424 praesumant.
3093 4361 3362 4411 Statutum
3395 4369 3480 4413 est
3505 4398 3523 4422 ,
3561 4353 3802 4415 ut'nullus

2222 4425 2488 4498 presbiter
2515 4425 2904 4498 velidiaconus
2952 4441 3138 4482 eorum
3195 4428 3435 4483 decimas
3478 4431 3570 4484 vel
3624 4431 3801 4498 aliquid

2224 4496 2292 4547 de
2318 4495 2479 4550 rebus
2517 4497 2780 4572 ecclesiae
2804 4497 2922 4552 sine
2943 4499 3169 4552 consilio
3200 4501 3404 4568 proprii
3433 4495 3799 4572 episcopi—in-

2226 4575 2536 4638 rcvercnter
2577 4569 2595 4597 ⁷
2639 4568 2872 4621 vendere
2888 4579 3242 4638 praesumat;
3271 4573 3395 4638 quia
3431 4570 3482 4624 in
3499 4568 3803 4626 'cano'nibns

2219 4635 2498 4708 decretum
2544 4646 2629 4691 est
2658 4638 2730 4690 ita
2769 4654 2779 4688 :
2819 4656 2837 4689 ι
2885 4635 3092 4692 Placuit
3123 4648 3179 4692 ut
3223 4635 3507 4708 presbiteri
3571 4644 3656 4697 vel
3706 4644 3803 4695 dia-

2218 4706 2342 4759 coni
2375 4722 2482 4761 non
2511 4708 2748 4761 vendant
2773 4723 2884 4762 rem
2917 4709 3204 4773 ecclesiae,
3225 4706 3327 4765 ubi
3352 4721 3480 4765 sunt
3507 4714 3801 4773 constituti.

2219 4777 2586 4853 nescientibus
2613 4778 2886 4847 episcopis
2915 4783 3048 4853 suis.
3083 4800 3104 4853 ρ
3141 4779 3206 4833 Et
3237 4796 3307 4853 ne
3327 4783 3592 4853 deinceps
3616 4787 3707 4839 ﬁat
3726 4799 3802 4836 ca-

2219 4848 2451 4923 vendum
2492 4858 2610 4923 est1
2637 4853 2780 4902 sicut
2812 4864 2840 4900 a
2869 4849 3190 4923 quibusdam
3246 4851 3297 4904 in
3355 4848 3636 4923 aliquibus
3686 4855 3804 4909 locis

2219 4917 2556 4993 impudenter
2587 4920 2784 4972 factum
2829 4917 3164 4986 audivimus,
3188 4935 3256 4975 eo
3287 4923 3432 4993 quod
3449 4917 3687 4992 quidam
3733 4940 3807 4978 sa-

2220 4987 2487 5052 cerdotes,
2512 4997 2800 5056 antequam
2833 5004 3037 5044 messes
3065 4987 3317 5046 maturae
3333 4993 3417 5046 vel
3441 4987 3710 5051 ccllectae
3734 5011 3805 5048 εει

2218 5067 2360 5124 sent,
2384 5075 2572 5113 eorum
2599 5061 2835 5135 decimas
2851 5060 3269 5135 venderecausa
3289 5064 3574 5121 ebrietatis
3594 5076 3807 5135 tempta-

2219 5138 2412 5202 verunt
2449 5148 2462 5186 :
2496 5131 2640 5202 quod
2689 5144 2765 5202 ne,
2788 5131 3046 5200 deinceps
3091 5131 3182 5184 ﬁat
3213 5136 3416 5202 pariter
3457 5152 3654 5193 omnes
3683 5131 3807 5191 inlli-

2216 5198 2426 5259 bemus.
2477 5198 2571 5256 sed
2603 5209 2661 5254 ut
2689 5201 2837 5268 prius
2882 5198 3002 5255 cum
3042 5198 3335 5269 gratiarum
3369 5206 3592 5262 actione
3642 5224 3672 5260 a
3727 5223 3804 5260 sa-

2215 5271 2526 5346 cerdotibus
2572 5271 2920 5346 recipiantur.
2970 5271 3037 5324 Et
3083 5273 3127 5346 _si
3157 5275 3450 5330 necessitas
3501 5276 3669 5332 fuerit
3721 5292 3806 5346 pro

2215 5343 2608 5397 restauratione
2633 5342 2982 5416 ecclesiarum
3012 5343 3095 5396 vel
3121 5345 3614 5416 proredemptionc
3642 5342 3805 5416 capti-

2215 5425 2404 5489 verum
2449 5429 2541 5467 eas
2575 5414 2850 5489 _vcndere,
2883 5428 3006 5467 cum
3047 5415 3525 5489 c_onsilio_proprii
3571 5414 3805 5489 episcopi

2213 5490 2269 5534 et
2301 5481 2528 5556 aliorum
2574 5483 2843 5556 bonorum
2891 5483 3238 5556 sacerdotum
3292 5481 3396 5541 li'oc
3424 5481 3709 5556 iaciant;
3745 5481 3804 5541 tie

2213 5552 2454 5619 qualibet
2493 5553 2782 5610 occasione
2810 5554 3022 5608 occulte
3043 5562 3099 5610 et
3139 5556 3258 5612 sine
3298 5559 3616 5616 testimonio
3662 5552 3802 5614 mu.

1750 5664 2142 5721 VARIANTES
2180 5666 2582 5722 LECTIONES.

563 5765 606 5800 ς·
641 5762 941 5819 cantavcrit
970 5764 1036 5816 (ἶ.
1140 5731 1241 5816 2.bi
1284 5760 1400 5815 Bal.
1509 5761 1528 5791 ³
1567 5759 1993 5816 sacramentorio
2038 5760 2103 5813 (ἰ.

526 5836 538 5863 7
587 5835 700 5887 iure
733 5833 800 5890 (ἰ.

2212 5760 2230 5789 δ
2270 5759 2623 5831 inpositiones
2653 5759 2716 5814 (ἓ.
2819 5761 2838 5792 ⁵
2877 5760 3037 5816 linem
3079 5761 3196 5818 Bal.
3301 5764 3319 5794 ⁵
3347 5764 3416 5819 ab
3448 5765 3711 5839 episcoiso
3738 5765 3801 5823 G.
