3974 6340
161 365 282 426 823

627 360 781 420 COD.
822 359 1097 418 DIPLOM.
1134 389 1208 400 —
1237 357 1599 415 BENEDICTI
1637 358 2156 419 CAPITULARIUM
2192 360 2596 419 COLLECTIO.
2638 392 2709 401 —
2745 360 2875 418 LIB.
2915 358 3002 418 Ill.

3363 364 3462 421 826

157 484 373 538 dentur
414 476 720 535 oblationes
768 474 1042 541 fidelium;
1091 482 1148 529 et
1173 473 1319 546 unde
1361 488 1628 546 pauperes
1684 488 1770 546 re-
1804 479 1844 536 Λ
1874 477 2154 531 conculcet
2182 493 2414 546 eumque
2462 478 2794 534 calumniare
2830 477 2915 532 vel
2961 476 3216 532 iuiurlare
3248 493 3467 546 pracsn.

156 552 349 610 creari
371 550 572 605 debent
593 546 680 602 vel
699 546 966 602 ecclesiae
988 546 1004 577 ί
1034 545 1323 600 restaurari
1358 559 1453 598 seu
1477 545 1659 599 clerici
1689 545 1768 598 vi—

157 637 328 687 vere,
356 621 471 677 sive
491 618 732 688 episcopi
763 616 952 686 recipi,
976 615 1220 688 hospites
1247 624 1304 688 et
1322 615 1592 688 peregrini
1626 615 1775 688 pasci

160 708 238 750 ac
261 684 542 755 venerari,
591 684 889 757 presbiteri‘
931 687 1017 741 vel
1047 685 1275 757 'diaconi
1318 684 1412 757 aut
1456 686 1684 753 quilibet
1714 684 1776 735 li-

163 762 385 818 delium
417 761 471 816 in
513 756 629 814 suis
681 757 861 812 nimiis
888 756 1259 826 potationibus
1294 756 1380 811 vel
1424 756 1777 810 comessatio-

162 834 338 888 nibus
368 846 465 888 seu
501 828 811 885 carnalibus
859 826 1140 882 desideriis
1164 865 1181 892 ,
1225 840 1366 895 quae
1393 826 1577 881 multis
1605 826 1776 880 modis

158 911 429 972 aguntur,
462 899 737 972 inﬂectere
766 913 874 972 non
901 905 1266 972 praesumam,
1291 897 1385 952 sed
1409 896 1461 972 in
1485 896 1777 967 praedictis

161 968 345 1029 rebus
394 986 490 1027 eas
529 970 761 1025 ﬁdeliter
787 968 1234 1033 subministrent;
1284 975 1341 1022 et
1367 968 1542 1022 sciant
1580 982 1639 1021 se
1665 982 1774 1021 non

160 1059 419 1107 suarum,
450 1040 546 1098 sed
570 1040 960 1095 dominicarum
1001 1053 1181 1094 rerum
1210 1052 1330 1093 esse
1353 1037 1773 1108 dispensatores.

162 1113 475 1183 Propterea
502 1111 656 1183 quasi
686 1109 985 1183 dominicas
1021 1123 1111 1183 [es
1150 1108 1380 1183 tideliter
1422 1122 1518 1183 eas
1546 1122 1773 1163 conser-

162 1178 308 1237 vare
335 1191 393 1237 et
439 1182 643 1236 utiliter
680 1180 993 1247 dispensare
1026 1178 1239 1233 Domini
1265 1178 1578 1233 sacerdotes
1618 1193 1780 1248 opor-

164 1262 273 1308 tet.
310 1253 381 1307 Et
422 1253 487 1315 si,
519 1250 664 1321 quod
712 1250 870 1321 absit,
922 1249 1080 1305 aliter
1095 1248 1346 1317 fecerint,
1387 1247 1768 1304 canonica'in-

166 1324 437 1378 vectioue
459 1319 704 1376 dis‘tricte
738 1319 1021 1374 feriantur.

245 1393 378 1460 2l5.
419 1390 504 1447 De
553 1391 896 1446 anathematis
944 1389 1233 1445 hominibus
1270 1388 1601 1459 repellendis.
1643 1386 1776 1460 70m-

165 1464 330 1518 nium
357 1461 768 1517 anathematum
802 1475 908 1515 vox
956 1460 1010 1514 in
1037 1460 1383 1515 accusatione
1407 1460 1488 1513 vel
1532 1459 1776 1514 testimo-

170 1535 272 1589 nio
304 1542 401 1588 aut
430 1532 671 1586 humano
699 1530 900 1585 iudicio
947 1532 1166 1599 penitus
1211 1546 1320 1584 non
1376 1529 1643 1595 audiatur,
1675 1543 1777 1583 nec

166 1605 228 1658 hi
259 1617 528 1659 accusare
562 1615 889 1670 quemquam
944 1602 1346 1669 permittantnr.
1402 1600 1506 1654 Sed
1551 1602 1596 1653 si
1653 1599 1775 1668 quis

166 1672 541 1728 anatltcmatis
563 1669 793 1741 poenam
819 1671 967 1738 parvi
994 1671 1225 1734 duxerit,
1252 1679 1346 1724 aut
1373 1669 1426 1723 in
1442 1670 1667 1741 insulam
1684 1684 1778 1741 ire:

168 1744 395 1811 ligetur,
421 1751 515 1796 aut
533 1739 701 1796 exilio
727 1741 1047 1809 deputetur,
1073 1756 1143 1796 ne
1165 1741 1338 1811 possit
1362 1740 1647 1796 ecclesiam
1678 1739 1773 1795 Dei

166 1817 407 1938 eiusqéte
434 1811 663 1867 famulos
682 1812 1019 1881 perturhsre.

241 1884 308 1938 2i
359 1924 375 1938 .
418 1883 496 1937 De
513 1883 771 1937 sententia
809 1884 1019 1935 adrersu

168 1958 354 2009 dicata
373 1970 481 2010 non
503 1952 740 2007 valendo.
794 1950 1068 2009 Adversus
1109 1952 1362 2007 absenteS
1399 1951 1488 2007 vel
1534 1951 1773 2007 minores

168 2025 448 2081 sententia
478 2022 710 2078 iudicata
739 2037 845 2076 non
877 2022 1095 2076 valebit.
1348 2042 1353 2047 λ

242 2095 376 2150 217.
411 2091 550 2158 Quid
568 2094 633 2146 de
672 2093 874 2146 clericis
893 2134 908 2156 ,
945 2095 1031 2163 qui
1052 2094 1108 2147 in
1147 2090 1402 2146 seditione
1421 2107 1575 2145 arma
1598 2099 1779 2161 porta-

168 2184 230 2221 re
260 2168 365 2231 iat,
413 2163 709 2236 faciendum
724 2165 825 2236 _sit.
854 2164 1070 2231 Clerici,
1096 2164 1186 2232 qui
1241 2163 1295 2216 in
1324 2176 1663 2236 quacumque
1690 2177 1777 2236 se-

175 2233 592 2291 ditione'artna
647 2234 896 2289 volentes
942 2234 1406 2303 praesumpserint
1430 2271 1447 2296 ,
1479 2233 1499 2262 ²
1528 2234 1728 2303 reperti
1757 2272 1775 2298 ,

175 2307 387 2361 amisso
422 2319 457 2358 o
486 2303 629 2359 dinis
654 2304 740 2360 sui
763 2304 930 2373 gradu
962 2304 1016 2358 in
1045 2302 1376 2359 monasterio
1412 2302 1779 2372 poenitentiae

172 2374 597 2432 contradantur.

243 2445 375 2501 218.
406 2444 485 2499 De
506 2447 588 2499 his
615 2444 1066 2511 «,uiinebriantur,
1109 2453 1166 2499 ut
1208 2460 1241 2497 a
1267 2444 1645 2510 communione,
1676 2445 1779 2500 nisi

173 2535 235 2572 se
252 2518 596 2583 correxerint,
636 2517 1057 2584 suspendantur,
1093 2524 1181 2569 aut
1210 2514 1476 2583 corporali
1523 2515 1780 2583 supplicio

174 2588 486 2642 subdantur.
517 2586 798 2642 Sancitum
827 2596 941 2649 est,
973 2595 1035 2640 ut
1073 2602 1103 2640 a
1126 2586 1440 2655 presbiteris
1468 2585 1551 2639 vel
1593 2586 1780 2640 diaco-

176 2659 339 2714 nibus
362 2673 458 2713 seu
481 2673 511 2711 a
537 2658 764 2725 reliquis
792 2657 1002 2711 clericis
1026 2657 1171 2711 omni
1195 2656 1357 2710 modo
1377 2655 1572 2709 vitetur
1600 2657 1780 2710 ebrie-

174 2737 284 2793 tas,
310 2742 453 2799 quae
481 2731 722 2782 omnium
746 2727 995 2799 vitiorum
1016 2728 1199 2799 fomes
1227 2741 1292 2781 ac
1323 2725 1518 2799 nutrix
1545 2734 1649 2781 est.
1678 2725 1785 2799 Ita-

176 2816 288 2869 que
309 2796 435 2853 eum
456 2837 472 2863 ,
501 2812 662 2866 quem
700 2800 923 2853 ebrium.
952 2798 1117 2869 fuisse
1164 2796 1488 2869 constiterit,
1537 2805 1597 2851 ut
1648 2797 1783 2852 ordo

177 2867 394 2940 patitur
418 2908 436 2933 ,
465 2875 558 2940 aut
597 2868 944 2939 quadraginta
984 2867 1195 2923 dierum
1243 2867 1421 2937 spatio
1468 2882 1501 2940 a
1542 2881 1786 2940 cominu-

181 2936 359 2995 itione
376 2938 663 2994 statuimus
684 2936 972 2996 subtnoven
993 2941 1122 3005 lum,
1142 2946 1236 2993 aut
1253 2936 1523 3008 corporali
1548 2936 1785 2992 subden-

184 3010 327 3066 dum
353 3008 635 3066 supplicio.

225 3024 327 3066 um
353 3023 635 3077 suppncto.

266 3024 327 3063 tu
353 3024 635 3079 suppttcto.

266 3079 398 3150 2l9.
441 3079 577 3144 Quid
614 3080 773 3134 dehis
790 3081 1034 3136 eetlesiae
1072 3078 1329 3150 iudicibus
1373 3077 1666 3150 faciendum
1692 3078 1779 3142 sit,

193 3152 287 3223 qui
312 3149 541 3223 absentes
558 3150 786 3205 iudicare
803 3162 1161 3221 praesumunt.
1179 3148 1420 3205 Caveant
1446 3148 1655 3223 iudices
1694 3164 1782 3204 ec-

188 3219 419 3287 clesiae,
450 3236 517 3275 ne
539 3223 764 3278 absente
804 3219 898 3289 eo,
933 3225 1091 3278 cuius
1118 3236 1281 3278 causa
1312 3219 1625 3285 ventilatur,
1656 3234 1781 3275 sen-

185 3293 416 3348 tentiam
464 3290 778 3360 proferant;
809 3294 934 3362 quia
966 3294 1114 3347 irrita
1144 3295 1248 3348 erit
1278 3307 1291 3344 :
1344 3290 1512 3346 immo
1557 3297 1615 3343 et
1651 3304 1781 3345 cau-

179 3378 313 3434 sant
333 3362 386 3417 in
409 3363 615 3434 synodo
642 3379 745 3434 pro
773 3364 920 3421 facto
954 3363 1157 3419 dabunt
1185 3364 1226 3416 ³.

250 3430 384 3486 22.).
428 3430 510 3487 De
548 3430 670 3498 his,
712 3435 800 3505 qui
842 3435 984 3506 apud
1011 3444 1288 3506 extraneos
1327 3432 1524 3506 iudices
1572 3447 1786 3506 causam

182 3519 338 3558 suam
376 3514 698 3574 proponunt.
725 3503 790 3575 Et
818 3503 884 3559 de
905 3506 1008 3571 his,
1047 3505 1135 3575 qui
1177 3504 1319 3575 prius
1353 3503 1407 3557 in
1428 3504 1639 3575 proprio
1672 3507 1787 3575 foro

184 3591 289 3629 non
321 3573 661 3644 iurgatverint.
694 3574 762 3628 Et
793 3576 855 3628 de
876 3578 984 3630 iudi
1016 3573 1151 3637 ibus,
1179 3573 1296 3645 qui
1327 3591 1421 3627 sua
1462 3573 1787 3643 neglegentia

184 3661 372 3699 causas
411 3643 680 3709 differunt.
712 3647 913 3715 Siquis
959 3646 1123 3701 alium
1173 3643 1465 3700 crediderit
1518 3658 1786 3699 accusan-

183 3716 343 3782 dum,
373 3716 516 3785 apud
540 3717 849 3786 provinciae
872 3719 1009 3771 illius
1036 3716 1263 3771 iudicem
1313 3716 1584 3781 negotium
1632 3730 1787 3786 suum

182 3793 499 3857 proponat;
553 3794 611 3841 et
652 3803 867 3841 omnem
920 3788 1180 3843 iacturam
1228 3786 1338 3840 litis
1386 3786 1661 3857 incurrat,
1697 3785 1788 3855 qui

183 3854 308 3911 non
348 3866 473 3911 ante
522 3857 575 3912 in
617 3858 840 3927 proprio
882 3858 1000 3913 foro
1054 3856 1367 3924 iurgaverit.
1401 3854 1651 3927 Quodsi
1695 3854 1793 3925 per

185 3926 593 3997 neglegentiam
619 3925 634 3927 “
652 3925 845 3983 iudicis
873 3943 1036 3985 causa
1069 3927 1289 3983 delinita
1317 3941 1424 3980 non
1453 3925 1638 3991 fuerit,
1670 3936 1790 3979 tan-

187 4006 309 4053 tum
339 4012 465 4052 eum
495 3998 625 4054 fisco
654 4008 843 4054 nostro
879 3999 1124 4054 iubemus
1171 3997 1473 4061 exsolvere,
1526 4004 1789 4065 quantum

193 4083 287 4124 res
322 4070 460 4137 ipsa,
502 4070 569 4123 de
593 4085 699 4138 qua
724 4071 924 4138 agitur,
952 4070 1188 4124 valuisse
1214 4067 1579 4137 cognoscitur.
1610 4065 1678 4120 Et
1700 4067 1790 4137 qui

190 4139 443 4194 consiliis
462 4138 579 4208 suis
607 4140 942 4205 adhaerent,
970 4139 1134 4195 exilio
1162 4139 1508 4208 deputentur.

256 4209 392 4280 22].
438 4207 590 4274 Quod
630 4227 669 4263 τε
693 4211 797 4264 inis
840 4212 1150 4266 miserorum
1191 4207 1380 4280 oppido
1419 4208 1792 4280 surcurendum

185 4281 280 4335 sit.
318 4278 623 4335 Occurrere
650 4289 801 4336 certe
849 4284 1168 4336 miserorum
1223 4278 1393 4335 ruinis
1420 4278 1582 4333 debet
1608 4279 1788 4334 subsi-

186 4352 285 4407 dio
328 4352 736 4421 unusquixque,
770 4367 878 4421 quo
927 4352 1104 4405 valeat
1132 4364 1198 4420 ex
1230 4349 1562 4421 relevatione
1606 4350 1791 4421 ‘_alie-

188 4435 302 4477 nae
350 4418 626 4475 vindictae
670 4435 699 4473 a
730 4418 802 4477 se
822 4423 916 4477 Dei
966 4418 1249 4477 removere
1276 4419 1589 4483 vindictam.
1639 4418 1796 4475 Libat

186 4493 343 4547 enim
399 4491 627 4546 Domino
658 4507 935 4564 prospera,
986 4492 1077 4562 qui
1118 4491 1186 4546 ab
1233 4490 1447 4546 afflictis
1487 4491 1640 4561 pellit
1693 4492 1792 4546 ad-

189 4578 380 4619 versa.

265 4633 397 4688 222.
428 4634 563 4701 Quid
584 4636 648 4690 de
668 4632 1087 4691 t-aticinatoribus
1113 4634 1265 4704 falsis
1290 4631 1546 4703 agendum
1566 4632 1658 4704 sit.
1690 4631 1797 4687 Va-

189 4708 539 4767 ticinatorrs,
587 4707 678 4774 qui
718 4721 777 4761 se
807 4706 981 4760 futura
1011 4702 1153 4759 scire
1205 4702 1426 4768 dicunt,
1455 4703 1599 4760 caesi
1630 4702 1696 4758 de
1723 4704 1799 4760 ci-

188 4779 374 4831 vitate
402 4776 695 4831 iactentur.

266 4845 399 4899 223.
447 4846 597 4910 Quod
627 4848 679 4900 in
711 4846 1109 4916 metmpolitana
1137 4845 1277 4911 sede,
1326 4853 1553 4915 tempore
1572 4861 1669 4915 quo
1690 4861 1802 4898 om-

189 4934 289 4971 nes
314 4917 560 4987 elegerint
597 4918 1039 4988 ronprorincialeg
1062 4916 1306 4988 epismpi,
1349 4916 1418 4988 ad
1446 4917 1697 4988 synodum
1720 4917 1804 4987 fa-

154 4985 973 5068 .ciendamsitconperiiendam.
1009 4985 1458 5068 Placuit'deliniri
1486 5028 1501 5052 ,
1536 4994 1595 5040 ut
1622 4985 1805 5068 pater-

193 5062 284 5114 nis
345 5058 772 5114 institutionibus
829 5059 1231 5127 obsequentes,
1286 5058 1340 5111 in
1383 5057 1797 5125 metropolitana

191 5131 336 5185 sede
380 5131 401 5160 ³
462 5138 709 5202 tempore
748 5126 1643 5202 quo,omnesconprovincialesf
1685 5127 1799 5202 ele-

194 5203 387 5270 gerint
442 5196 783 5273 pontifices;
816 5201 884 5255 ad
940 5198 1206 5270 synodum
1227 5196 1545 5254 faciendam
1592 5196 1804 5255 devotis

193 5274 401 5329 studiis
438 5274 806 5328 conferantur.

274 5343 408 5399 22L
452 5342 591 5407 Quid
634 5341 699 5395 de
726 5344 997 5412 episcopo,
1030 5340 1117 5410 qui
1163 5340 1323 5394 alium
1376 5340 1681 5395 conculcare
1732 5339 1811 5395 rel

197 5416 535 5469 (aluntniare
560 5414 924 5483 autiniuriare
960 5412 1362 5483 praesumpserit
1389 5412 1684 5482 episcopum
1724 5412 1811 5483 {a-

198 5488 452 5541 ciendum
498 5487 588 5541 sit.
640 5481 711 5539 Ut
737 5483 916 5539 nullus
960 5483 1249 5554 episcopus
1288 5481 1453 5537 alium
1498 5481 1812 5553 episcopum

1812 3186 1858 3249 C

1875 557 2005 618 mat.
2024 548 2184 618 Quod
2214 550 2256 602 si
2289 549 2492 613 fecerit,
2534 550 2730 618 gradus
2749 549 2832 603 sui
2886 549 3124 617 periculo
3152 549 3463 603 subiacebit.

1945 615 2071 672 225.
2129 618 2197 673 Ut
2239 620 2411 673 nullus
2448 615 2696 687 presbiter
2741 621 2796 673 in
2835 615 3052 673 ecclesia
3089 620 3467 674 hencdirtiones

1876 689 2108 757 publicas
2130 705 2282 755 super
2311 692 2550 757 pupulum
2582 690 2799 759 fundere
2840 700 2927 743 aut
2977 690 3143 744 altare
3166 704 3473 745 consecrare

1876 759 1955 812 vel
1983 761 2318 813 reconciliare
2370 766 2684 828 praesumat.
2736 761 3007 815 Statulum
3039 767 3142 823 est,
3175 767 3234 813 ιιι
3259 760 3471 828 presbi-

1879 830 1978 900 teri
2024 830 2454 884 benedictionem
2511 831 2565 885 in
2612 830 2841 886 ecclesia
2875 845 3040 900 super
3084 830 3295 899 plebem
3352 830 3473 885 fun-

1876 898 2005 953 dere
2026 909 2117 954 aut
2143 900 2314 954 altare
2341 915 2659 956 consecrare
2701 910 2794 955 aut
2824 898 3174 955 reconciliare
3201 907 3293 953 aut
3319 916 3469 955 sum-

1877 984 2097 1025 movere
2145 970 2235 1025 vel
2280 971 2549 1026 collocare
2597 970 2709 1025 ullo
2738 970 2899 1025 modo
2945 987 3053 1025 non
3100 980 3467 1036 praesumant.

1877 1038 2047 1109 Simul
2074 1050 2130 1095 et
2166 1041 2270 1096 hoc
2293 1049 2552 1096 statutum
2581 1051 2694 1108 est,
2727 1051 2785 1095 ut
2830 1042 3002 1095 altare
3030 1042 3241 1109 erigere
3288 1042 3371 1095 vel
3401 1042 3470 1095 de

1878 1108 2002 1181 loco
2034 1111 2090 1165 in
2136 1112 2312 1166 locum
2344 1119 2725 1177 transmittare,
2754 1120 2811 1181 ut
2839 1126 2867 1164 a
2914 1108 3235 1181 quibusdam
3267 1111 3467 1164 factum

1877 1180 2200 1247 audivimus,
2256 1182 2375 1235 sine
2416 1181 2653 1251 episcopi
2698 1180 2778 1235 sui
2826 1180 3038 1235 licentia
3087 1181 3172 1236 vel
3218 1181 3466 1244 consilio,

1874 1252 2027 1307 cuius
2047 1262 2131 1307 est
2150 1259 2204 1305 et
2233 1252 2405 1321 ipsum
2446 1252 2616 1306 altare
2645 1265 2966 1306 consecrare
3009 1259 3065 1306 et
3113 1260 3237 1320 post
3266 1252 3464 1305 motio-

1876 1337 1999 1376 nem
2054 1321 2139 1375 vel
2187 1322 2533 1377 violationem
2588 1322 2980 1392 reconciliare,
3031 1322 3313 1392 presbiteri
3361 1336 3465 1374 non

1878 1400 2263 1463 pertemptent.
2289 1392 2444 1458 Quod
2475 1392 2519 1447 si
2568 1392 2726 1447 aliter
2764 1391 3011 1460 fecerint,
3034 1391 3235 1461 gradus
3262 1392 3344 1446 sui
3375 1406 3471 1463 pco

1878 1462 2049 1517 riculo
2069 1462 2443 1517 subiacebnnt.

1946 1531 2071 1587 226.
2136 1532 2222 1606 Ut__
2241 1533 2536 1588 absentibus
2575 1532 2711 1606 quod
2738 1529 2966 1606 ablatum
3004 1540 3100 1606 est,
3142 1532 3359 1606 pleniler
3384 1548 3469 1586 re-

1873 1602 2139 1657 stituatur.
2168 1603 2420 1674 Propter
2460 1602 2713 1659 absentes
2744 1603 2935 1674 legem
2956 1602 3205 1657 volumus
3244 1604 3470 1674 iterare,

1877 1681 1936 1726 ut
1962 1673 2216 1745 quicquid
2248 1672 2412 1729 fuerit
2440 1676 2520 1730 eis
2568 1690 2600 1729 a
2630 1673 2875 1745 qualibet
2923 1686 3158 1745 persona
3206 1672 3467 1745 ablatum,

1876 1750 2050 1816 totum
2071 1742 2259 1800 amicis
2284 1759 2583 1816 eorumque
2608 1742 2867 1816 proximis
2888 1743 2973 1816 vel
3003 1744 3217 1816 servis,
3239 1757 3360 1797 cum
3390 1742 3472 1801 itt-

724 1812 1019 1892 erturbsre.
1249 1889 1256 1892 _
1400 1880 1412 1892 .
1506 1880 1519 1892 θ
1697 1882 1709 1892 _
1803 1832 1849 1892 Β
1876 1812 2049 1868 dicem
2094 1812 2760 1892 interpellaverin_t,'sine
2788 1813 3048 1892 dilatione
3091 1813 3474 1892 reddatur;_t_tt

359 1924 375 1939 .
418 1883 496 1937 De
513 1880 771 1953 sententia
809 1884 1056 1953 adrerstts
1078 1889 1311 1936 absentes
1335 1880 1412 1935 vel
1449 1880 1674 1953 utinm-rs
1694 1882 1771 1934 iu-
1799 1880 1846 1924 Γ
1879 1899 1986 1947 res,
2018 1898 2151 1953 quas
2202 1886 2484 1940 discedens
2510 1885 2763 1941 dominus
2788 1885 2838 1939 in
2869 1898 2965 1937 sua
2994 1884 3345 1953 proprietate:
3377 1881 3463 1936 di-

1880 1955 2047 2018 misit,
2080 1956 2289 2024 integre
2330 1957 2351 1989 "
2385 1955 2454 2008 ab
2500 1956 2777 2010 actoribus
2820 1954 3024 2009 domini
3058 1994 3073 2018 ,
3125 1965 3472 2024 quocumque

1877 2024 2097 2090 sedeat,
2144 2022 2484 2081 vindicentur
2512 2027 2553 2079 ⁸.
2611 2025 2995 2092 Quaecumque
3024 2022 3202 2077 autem
3235 2024 3287 2077 in
3328 2022 3470 2077 mili-

1880 2093 1954 2165 tia
1993 2095 2306 2150 constitutis
2334 2096 2415 2148 vel
2469 2096 2778 2151 absentibus
2826 2108 3053 2165 pervasa
3084 2094 3320 2160 fuerint,
3353 2094 3474 2150 sine

1879 2163 2059 2231 aliqua
2092 2166 2339 2220 iubemus
2368 2166 2626 2221 dilatione
2663 2163 2893 2221 restitui.

1955 2234 2083 2289 227.
2127 2234 2197 2290 Ut
2244 2252 2304 2289 ea
2330 2252 2460 2307 quae
2485 2238 2554 2290 ad
2589 2245 2889 2307 perpetuam
2910 2235 3184 2307 utilitatem
3230 2241 3349 2287 sunt
3389 2232 3475 2287 in-

1882 2309 2082 2371 stituta,
2140 2305 2441 2360 inconvulsa
2470 2305 2826 2375 pennaneant.
2860 2306 3011 2373 Quae
3044 2305 3112 2358 ad
3156 2314 3471 2374 perpetuam

1882 2377 2167 2432 utilitatem
2217 2386 2343 2431 sunt
2384 2377 2649 2443 instituta,
2707 2377 2852 2430 nulla
2896 2375 3323 2432 commutatione
3381 2387 3472 2427 va-

1882 2449 2122 2517 rientur;
2158 2460 2271 2517 nec
2311 2445 2379 2500 ad
2418 2448 2690 2517 privatum
2739 2446 3023 2501 trahantur
3076 2445 3469 2517 commodum,

1882 2533 2023 2588 quae
2060 2516 2129 2570 ad
2153 2516 2353 2588 bonum
2378 2514 2504 2571 sunt
2523 2531 2810 2573 commune
2838 2517 3091 2588 praefixa.
3121 2514 3185 2568 Et
3205 2514 3476 2588 manenti-

1882 2585 1983 2649 lius
2012 2586 2274 2649 terminis,
2304 2601 2444 2655 quos
2470 2595 2774 2641 :tatueruut
2812 2585 3016 2656 patres,
3065 2601 3225 2656 nemo
3250 2585 3473 2656 damnet

1885 2659 2154 2721 alienum;
2212 2658 2305 2711 sed
2351 2658 2492 2712 intra
2537 2657 2671 2712 lines
2715 2655 2966 2727 proprios
2993 2664 3159 2727 atque
3184 2655 3475 2727 legitimos,

1884 2735 2049 2800 prout
2071 2728 2192 2797 quis
2221 2728 2473 2789 voluerit,
2530 2729 2584 2783 in
2628 2725 2915 2783 latitudine
2943 2740 3005 2783 se
3054 2725 3294 2781 caritatis
3321 2739 3479 2779 eser-

1885 2808 2024 2854 ceat.

1955 2869 2084 2926 228.
2124 2868 2208 2924 De
2245 2870 2629 2941 neglegentibus
2657 2870 2825 2940 ofﬁcia
2863 2870 3037 2925 divina
3072 2875 3127 2941 et
3149 2866 3482 2941 non_venien-

1889 2939 2023 2996 tibus
2057 2941 2128 2995 ad
2155 2936 2485 3011 inatutiitdlia
2513 2942 2591 2995 rel
2630 2936 2996 3011 veipertinalia
3036 2938 3141 2992 sive
3169 2938 3367 3011 rcliqua
3396 2936 3481 3011 di:

1887 3011 2005 3082 uina
2037 3013 2223 3082 oﬂieia.
2266 3010 2545 3065 Sancitum
2575 3019 2692 3082 est,
2718 3005 2786 3064 ἰιι
2825 3010 2872 3066 si
2899 3010 3022 3082 quis
3074 3005 3341 3082 presbiter
3395 3005 3482 3082 vei

1887 3076 2152 3137 diaconus
2179 3088 2273 3135 aut
2297 3082 2526 3151 quilibet
2548 3080 2779 3137 clericus
2805 3076 3387 3151 ecclesiae'deputatus
3432 3076 3480 3131 si

1891 3151 2028 3206 intra
2060 3148 2331 3208 civitatem
2370 3152 2549 3216 fuerit,
2578 3159 2671 3205 aut
2720 3150 2773 3205 in
2814 3150 3057 3221 quolibet
3100 3148 3221 3221 loco
3249 3148 3350 3221 ,Ain
3371 3162 3483 3221 _quo

1890 3222 2116 3278 ecclesia
2147 3231 2252 3289 est,
2280 3232 2333 3277 et
2363 3224 2429 3275 ad
2459 3218 2845 3291 quotidianum
2868 3218 3126 3291 psallendi
3145 3218 3480 3291 sacrificium

1888 3294 2165 3348 matutinis
2196 3292 2305 3363 vel,
2337 3289 2658 3363 vespertinis
2704 3289 2900 3363 horis,
2948 3290 3015 3346 ad
3044 3289 3326 3363 ecclesiam
3373 3304 3482 3343 non

1888 3364 2245 3429 convenerit,
2276 3359 2581 3433 deponatur
2609 3378 2638 3416 a
2667 3362 2852 3433 clero;
2884 3359 2930 3418 Si
2961 3371 3142 3417 tamen
3165 3359 3487 3433 _cas_tigatus

1891 3436 2102 3518 veniam
2129 3434 2198 3490 ab
2224 3430 2483 3506 episcopo
2512 3448 2609 3506 per
2630 3431 3060 3489 satisfactionem
3092 3430 3326 3485 noluerit
3360 3444 3486 3501 pro-

1889 3518 2107 3560 merert.

1961 3574 2088 3631 229.
2132 3575 2211 3631 De
2244 3576 2326 3631 his
2349 3616 2367 3645 ,
2397 3577 2484 3647 qui
2523 3576 2576 3630 in
2608 3575 2957 3644 captivitatem
3002 3574 3144 3647 dumi
3170 3578 3337 3647 sunt,
3361 3568 3489 3647 quid

1891 3647 2146 3716 agendum
2169 3648 2255 3702 sit.
2280 3640 2619 3716 Quicumque
2641 3640 2965 3701 necessitate
2985 3643 3317 3716 captivitatis
3342 3640 3489 3716 ducti

1890 3711 2033 3781 sunt,
2058 3726 2112 3773 et
2141 3734 2247 3773 ιιοιι
2274 3711 2369 3773 sua
2403 3711 2699 3781 voluntate,
2728 3718 2825 3772 sed
2855 3716 3034 3771 hostili
3057 3711 3488 3783 ’depraedatione

1891 3787 1959 3841 ad
1989 3787 2329 3844 adversarios
2366 3788 2715 3848 transierunt,
2755 3782 3202 3856 quaecumque’in
3233 3784 3379 3856 agris
3401 3782 3488 3835 vel

1892 3859 1946 3913 in
1977 3858 2262 3927 mancipiis
2284 3867 2411 3913 ante
2450 3864 2740 3911 tenuerunt
2767 3852 2789 3922 ,⁷
2814 3859 2929 3911 sive
2950 3871 2981 3909 a
3009 3852 3140 3927 fisco
3167 3852 3490 3927 possideauo

1895 3937 1999 3994 tur,
2027 3929 2141 3984 sive
2162 3922 2370 4000 aliquid
2401 3942 2471 4000 ex
2493 3928 2577 3982 his
2606 3941 2701 3997 per
2735 3927 3034 4000 principem
3057 3922 3361 4000 cuicunque
3397 3922 3493 3975 da-

1895 4007 2005 4052 tum
2037 4007 2121 4053 est
2150 4040 2165 4066 ,
2221 3997 2338 4055 sine
2369 3998 2529 4052 ullius
2554 3997 2986 4052 contradictione
3033 4005 3321 4066 personae,
3346 3998 3490 4066 tem-

1894 4082 2024 4139 pore
2049 4060 2162 4137 quo
2209 4069 2486 4134 redierint,
2514 4068 2785 4123 vindicent
2829 4081 2906 4139 ac
2921 4060 3299 4139 praesumant;
3330 4060 3376 4116 si
3406 4068 3488 4139 ta-_

1904 4131 2026 4193 inen
2057 4131 2179 4194 cum
2209 4131 2533 4194 adversariis
2561 4153 2668 4193 non
2698 4152 2796 4191 sua
2826 4131 3102 4210 voluntate
3145 4133 3364 4210 fuerint,
3396 4131 3492 4186 sed

1895 4210 2209 4278 captivitate
2235 4225 2295 4264 se
2323 4210 2571 4263 detentos
2601 4222 2722 4264 esse
2745 4208 3116 4276 probaverint.

1963 4274 2092 4335 250.
2137 4280 2288 4345 Quod
2306 4289 2488 4333 contra
2504 4288 2658 4347 aput
2697 4274 2800 4333 non
2828 4280 2894 4333 sit
2924 4276 3260 4350 surgendum.
3289 4274 3491 4350 contra

1896 4360 2082 4421 caput,
2127 4351 2339 4407 etiamsi
2384 4346 2691 4406 iaciendum
2719 4350 2823 4415 sit,
2860 4365 2969 4405 non
3015 4346 3249 4405 libenter
3294 4346 3492 4403 admit-

1901 4424 2087 4477 ﬁmus

1972 4492 2098 4547 251.
2138 4491 2206 4547 Ut
2247 4493 2519 4563 presbiteri
2567 4509 2660 4563 per
2698 4491 2930 4561 singulas
2980 4491 3327 4563 ebdomadas,
3368 4490 3499 4545 sicut

1826 4555 1874 4615 D
1900 4562 1966 4619 ab
1997 4555 2343 4635 episcopo-rel
2364 4563 2428 4617 ab
2453 4555 2577 4632 illo,
2595 4565 2682 4633 qui
2704 4555 3016 4618 constitutus
3055 4574 3131 4618 est
3175 4562 3240 4616 ab
3284 4555 3361 4635 ea,
3389 4577 3498 4635 _ca-

1902 4644 2112 4699 cantur,
2157 4631 2225 4688 ad
2254 4637 2513 4689 civitatem
2542 4631 2848 4689 conveniant
2876 4635 3065 4702 absque
3111 4634 3221 4688 ulla
3251 4631 3501 4702 dilatione;

1904 4706 2140 4760 discendi
2180 4706 2372 4777 gratia.
2422 4705 2693 4760 Statutum
2723 4712 2828 4770 est,
2874 4715 2934 4759 ut
2974 4700 3162 4759 omnes
3211 4700 3498 4777 presbitcri

1904 4769 2231 4846 parrochia'e
2272 4778 2339 4829 ad
2371 4777 2643 4831 civitatem
2672 4789 2769 4845 per
2814 4769 3047 4840 turmas,
3095 4781 3149 4829 et
3185 4769 3283 4846 per
3328 4769 3500 4846 ebdo-

1908 4840 2093 4901 madas
2119 4848 2188 4902 ab
2240 4848 2496 4916 episcopo
2523 4846 2623 4900 sibi
2672 4840 2994 4900 constitutas
3046 4840 3376 4899 conveniant
3422 4840 3503 4916 di-

1909 4917 2093 4970 scendi
2142 4911 2337 4986 gratia,
2381 4911 2443 4971 ut
2468 4917 2647 4986 aliqua
2690 4931 2815 4985 pars
2862 4917 2917 4970 in
2959 4916 3264 4985 parrochiis
3294 4911 3503 4986 presbi-

1912 4984 2474 5057 terorum'remaneat,
2503 4984 2571 5041 ne
2598 4984 2782 5057 populi
2808 4993 2863 5057 et
2883 4987 3145 5040 ecclesiae
3179 4986 3270 5057 Dei
3298 4984 3505 5052 absque

1911 5056 2092 5113 officio
2118 5057 2256 5123 sint;
2303 5065 2359 5113 et
2387 5058 2566 5127 aliqua
2600 5056 2761 5111 ’utilia
2818 5056 2872 5111 in
2914 5057 3132 5111 civitate
3157 5056 3410 5119 discant,
3448 5060 3505 5106 ut

1912 5127 2165 5183 meliores
2194 5129 2260 5182 ad
2290 5129 2605 5197 parrochias
2633 5128 2850 5182 demum
2882 5134 2937 5183 et
2961 5127 3507 5198 sapientioresatqtyc

1912 5199 2126 5270 populis
2166 5198 2188 5226 ’
2224 5193 2490 5270 Αυίίιὶοτθε
2539 5193 3183 5270 ιιὺεοιυιίλιενετιιιιιιιιν.
3216 5194 3291 5270 Et
3331 5194 3404 5270 ibi
3438 5193 3507 5270 ab

1916 5265 2195 5340 'episcopo,
2222 5268 2271 5323 id
2301 5278 2404 5335 est,
2430 5270 2484 5323 in
2513 5268 2732 5325 civitate
2759 5268 2874 5323 sive
2895 5284 2925 5322 a
2947 5269 3061 5340 suis
3090 5266 3241 5340 bene
3260 5266 3438 5340 doctis
3465 5265 3506 5294 ¹⁰

1917 5336 2198 5406 ministris,
2229 5340 2373 5395 bono
2402 5340 2583 5394 animo
2624 5341 2955 5395 instruantur
3001 5339 3069 5395 de
3106 5338 3275 5393 sacris
3315 5336 3506 5393 lectio-

1922 5410 2080 5465 nibus
2107 5421 2162 5466 et
2190 5411 2384 5466 divinis
2427 5410 2661 5465 cultibus
2699 5418 2755 5466 et
2782 5411 2983 5477 sanctis
3008 5410 3334 5477 canonibus,
3392 5406 3509 5462 sive

1926 5480 1996 5535 de
2017 5480 2351 5552 baptismatis
2379 5491 2722 5537 sacramento
2740 5481 2781 5512 “
2814 5490 2981 5553 atque
3006 5481 3290 5545 missarum
3305 5478 3492 5537 solent

1462 5592 1855 5650 VARIANTES
1889 5588 2294 5650 LECTIONES.

285 5718 304 5748 ³
347 5715 576 5774 ecclesia
603 5713 671 5769 ϐ.

208 5788 422 5845 latione
466 5804 607 5842 corr.
636 5793 693 5839 et
719 5782 1051 5841 relevatione
1089 5782 1155 5835 (ἶ.

210 5860 580 5931 '_veudicctur
614 5855 678 5911 (ἔ.
757 5855 779 5886 ⁹
810 5853 993 5926 populi
1016 5851 1136 5907 Bal.
1218 5850 1256 5882 ¹⁰
1284 5848 1584 5908 benedictis
1606 5848 1672 5902 (ἓ.

1244 5963 1294 5997 ὑ

819 5714 839 5743 ⁸
880 5727 932 5766 v.
981 5708 1275 5776 sumpsisse
1303 5704 1505 5776 reperti
1534 5704 1735 5761 fuerint
1780 5704 1921 5776 Bal.
1977 5705 1998 5736 ³
2028 5718 2190 5776 causa
2236 5702 2382 5776 ius.
2438 5700 2679 5776 profecto
2715 5700 3075 5776 dabiturﬂal.

1235 5778 1255 5809 ⁸
1306 5774 1777 5846 tnetropolitanam
1831 5775 2014 5833 sedem
2088 5774 2207 5829 Bal.

3190 5703 3211 5737 ἰ
3248 5717 3319 5755 ex
3358 5716 3447 5755 rev

2336 5717 2382 5759 s.
2438 5715 2679 5771 prmecto
2718 5715 2935 5759 oamtttr
2954 5715 3075 5760 βαι.
3190 5715 3211 5737 ⁸
3248 5717 3319 5757 ex
3358 5715 3486 5757 reve

2302 5774 2324 5805 ⁸
2363 5773 2887 5845 comprovincialitcr
2920 5773 3038 5839 Bal.
3115 5775 3133 5807 ⁷
3184 5773 3389 5845 integra
3434 5771 3476 5826 (ἱ

1754 5850 1791 5880 ¹¹
1824 5848 2174 5906 sacramentis
2201 5845 2317 5904 Bal.
2344 5862 2405 5903 ex
2428 5844 2543 5901 cod.
2573 5843 2770 5901 Bellov.
