  <div class='ocr_page' id='page_1' title='image "/cluster/home/n/w/nwhite01/storage/ocr_20150623/97/hvd.32044015466766/434.png"; bbox 0 0 3974 6340; ppageno 0'>
   <div class='ocr_carea' id='block_1_1' title="bbox 148 369 272 426">
    <p class='ocr_par' dir='ltr' id='par_1_1' title="bbox 148 369 272 426">
     <span class='ocr_line' id='line_1_1' title="bbox 148 369 272 426; baseline 0.016 -3"><span class='ocrx_word' id='word_1_1' title='bbox 148 369 272 426; x_wconf 74' lang='lat'><strong>8‘29</strong></span> 
     </span>
    </p>
   </div>
   <div class='ocr_carea' id='block_1_2' title="bbox 231 477 1831 546">
    <p class='ocr_par' dir='ltr' id='par_1_2' title="bbox 231 477 1831 546">
     <span class='ocr_line' id='line_1_2' title="bbox 231 477 1831 546; baseline -0.004 -11"><span class='ocrx_word' id='word_1_2' title='bbox 231 482 369 535; x_wconf 65' lang='lat'><strong>‘249.</strong></span> <span class='ocrx_word' id='word_1_3' title='bbox 416 477 492 532; x_wconf 89' lang='lat' dir='ltr'><strong>De</strong></span> <span class='ocrx_word' id='word_1_4' title='bbox 520 477 771 531; x_wconf 75' lang='lat' dir='ltr'><strong>iudiribus</strong></span> <span class='ocrx_word' id='word_1_5' title='bbox 815 485 995 546; x_wconf 85' lang='lat' dir='ltr'><strong>contra</strong></span> <span class='ocrx_word' id='word_1_6' title='bbox 1024 478 1181 546; x_wconf 80' lang='lat' dir='ltr'><strong>legem</strong></span> <span class='ocrx_word' id='word_1_7' title='bbox 1212 479 1555 531; x_wconf 82' lang='lat' dir='ltr'><strong>iudicantibus</strong></span> <span class='ocrx_word' id='word_1_8' title='bbox 1593 491 1641 530; x_wconf 80' lang='lat' dir='ltr'><strong>et</strong></span> <span class='ocrx_word' id='word_1_9' title='bbox 1682 480 1753 531; x_wconf 75' lang='grc' dir='ltr'><strong>(ρο</strong></span> <span class='ocrx_word' id='word_1_10' title='bbox 1784 482 1831 538; x_wconf 75' lang='grc' dir='ltr'>Α</span> 
     </span>
    </p>
   </div>
   <div class='ocr_carea' id='block_1_3' title="bbox 152 545 1753 617">
    <p class='ocr_par' dir='ltr' id='par_1_3' title="bbox 152 545 1753 617">
     <span class='ocr_line' id='line_1_3' title="bbox 152 545 1753 617; baseline -0.001 -14"><span class='ocrx_word' id='word_1_11' title='bbox 152 569 281 617; x_wconf 70' lang='lat' dir='ltr'><strong>cem</strong></span> <span class='ocrx_word' id='word_1_12' title='bbox 315 551 503 602; x_wconf 81' lang='lat' dir='ltr'><strong>audire</strong></span> <span class='ocrx_word' id='word_1_13' title='bbox 536 546 845 602; x_wconf 71' lang='lat' dir='ltr'><strong>nolentibus.</strong></span> <span class='ocrx_word' id='word_1_14' title='bbox 874 545 1205 615; x_wconf 86' lang='lat' dir='ltr'><strong>Quicumque</strong></span> <span class='ocrx_word' id='word_1_15' title='bbox 1237 550 1289 601; x_wconf 88' lang='lat' dir='ltr'><strong>in</strong></span> <span class='ocrx_word' id='word_1_16' title='bbox 1311 551 1392 601; x_wconf 78' lang='lat' dir='ltr'><strong>lex</strong></span> <span class='ocrx_word' id='word_1_17' title='bbox 1418 549 1624 602; x_wconf 80' lang='lat' dir='ltr'><strong>oblatas</strong></span> <span class='ocrx_word' id='word_1_18' title='bbox 1652 550 1753 602; x_wconf 83' lang='lat' dir='ltr'><strong>sibi</strong></span> 
     </span>
    </p>
   </div>
   <div class='ocr_carea' id='block_1_4' title="bbox 154 617 1756 682">
    <p class='ocr_par' dir='ltr' id='par_1_4' title="bbox 154 617 1756 682">
     <span class='ocr_line' id='line_1_4' title="bbox 154 617 1756 682; baseline -0.003 -6"><span class='ocrx_word' id='word_1_19' title='bbox 154 624 216 677; x_wconf 84' lang='lat' dir='ltr'><strong>in</strong></span> <span class='ocrx_word' id='word_1_20' title='bbox 251 620 457 674; x_wconf 89' lang='lat' dir='ltr'><strong>iudicio</strong></span> <span class='ocrx_word' id='word_1_21' title='bbox 490 620 632 677; x_wconf 73' lang='lat' dir='ltr'><strong>leges</strong></span> <span class='ocrx_word' id='word_1_22' title='bbox 656 617 740 670; x_wconf 90' lang='lat' dir='ltr'><strong>vel</strong></span> <span class='ocrx_word' id='word_1_23' title='bbox 772 618 902 669; x_wconf 83' lang='lat' dir='ltr'><strong>iuris</strong></span> <span class='ocrx_word' id='word_1_24' title='bbox 947 617 1156 682; x_wconf 84' lang='lat' dir='ltr'><strong>species</strong></span> <span class='ocrx_word' id='word_1_25' title='bbox 1196 619 1380 671; x_wconf 90' lang='lat' dir='ltr'><strong>audire</strong></span> <span class='ocrx_word' id='word_1_26' title='bbox 1428 619 1661 673; x_wconf 74' lang='lat' dir='ltr'><strong>noluerit</strong></span> <span class='ocrx_word' id='word_1_27' title='bbox 1702 626 1756 671; x_wconf 93' lang='lat' dir='ltr'><strong>et</strong></span> 
     </span>
    </p>
   </div>
   <div class='ocr_carea' id='block_1_5' title="bbox 152 687 1759 752">
    <p class='ocr_par' dir='ltr' id='par_1_5' title="bbox 152 687 1759 752">
     <span class='ocr_line' id='line_1_5' title="bbox 152 687 1759 752; baseline -0.001 -7"><span class='ocrx_word' id='word_1_28' title='bbox 152 699 365 745; x_wconf 84' lang='lat' dir='ltr'><strong>contra</strong></span> <span class='ocrx_word' id='word_1_29' title='bbox 389 704 481 742; x_wconf 85' lang='lat' dir='ltr'><strong>eas</strong></span> <span class='ocrx_word' id='word_1_30' title='bbox 513 687 844 752; x_wconf 93' lang='lat' dir='ltr'><strong>iudicaverit,</strong></span> <span class='ocrx_word' id='word_1_31' title='bbox 876 700 944 739; x_wconf 78' lang='lat' dir='ltr'><strong>ex</strong></span> <span class='ocrx_word' id='word_1_32' title='bbox 968 687 1067 740; x_wconf 88' lang='lat' dir='ltr'><strong>bac</strong></span> <span class='ocrx_word' id='word_1_33' title='bbox 1094 703 1153 741; x_wconf 89' lang='lat' dir='ltr'><strong>re</strong></span> <span class='ocrx_word' id='word_1_34' title='bbox 1179 690 1458 742; x_wconf 89' lang='lat' dir='ltr'><strong>convictus</strong></span> <span class='ocrx_word' id='word_1_35' title='bbox 1504 689 1557 742; x_wconf 92' lang='lat' dir='ltr'><strong>in</strong></span> <span class='ocrx_word' id='word_1_36' title='bbox 1582 703 1759 744; x_wconf 88' lang='lat' dir='ltr'><strong>carce-</strong></span> 
     </span>
    </p>
   </div>
   <div class='ocr_carea' id='block_1_6' title="bbox 154 757 712 827">
    <p class='ocr_par' dir='ltr' id='par_1_6' title="bbox 154 757 712 827">
     <span class='ocr_line' id='line_1_6' title="bbox 154 757 712 827; baseline -0.011 -12"><span class='ocrx_word' id='word_1_37' title='bbox 154 776 293 815; x_wconf 80' lang='lat' dir='ltr'><strong>rcm</strong></span> <span class='ocrx_word' id='word_1_38' title='bbox 322 760 642 827; x_wconf 88' lang='lat' dir='ltr'><strong>deportetur</strong></span> <span class='ocrx_word' id='word_1_39' title='bbox 672 757 712 809; x_wconf 92' lang='grc'><strong>¹.</strong></span> 
     </span>
    </p>
   </div>
   <div class='ocr_carea' id='block_1_7' title="bbox 236 827 1753 897">
    <p class='ocr_par' dir='ltr' id='par_1_7' title="bbox 236 827 1753 897">
     <span class='ocr_line' id='line_1_7' title="bbox 236 827 1753 897; baseline 0 -15"><span class='ocrx_word' id='word_1_40' title='bbox 236 828 372 883; x_wconf 66' lang='lat'><strong>230.</strong></span> <span class='ocrx_word' id='word_1_41' title='bbox 428 828 506 880; x_wconf 89' lang='lat' dir='ltr'><strong>De</strong></span> <span class='ocrx_word' id='word_1_42' title='bbox 550 827 826 896; x_wconf 83' lang='lat' dir='ltr'><strong>inperitis,</strong></span> <span class='ocrx_word' id='word_1_43' title='bbox 880 835 938 879; x_wconf 85' lang='lat' dir='ltr'><strong>ut</strong></span> <span class='ocrx_word' id='word_1_44' title='bbox 992 828 1168 895; x_wconf 83' lang='lat' dir='ltr'><strong>peritis</strong></span> <span class='ocrx_word' id='word_1_45' title='bbox 1220 844 1321 881; x_wconf 89' lang='lat' dir='ltr'><strong>non</strong></span> <span class='ocrx_word' id='word_1_46' title='bbox 1373 832 1753 897; x_wconf 79' lang='lat' dir='ltr'><strong>praeferantur.</strong></span> 
     </span>
    </p>
   </div>
   <div class='ocr_carea' id='block_1_8' title="bbox 155 895 1766 965">
    <p class='ocr_par' dir='ltr' id='par_1_8' title="bbox 155 895 1766 965">
     <span class='ocr_line' id='line_1_8' title="bbox 155 895 1766 965; baseline 0.001 -13"><span class='ocrx_word' id='word_1_47' title='bbox 155 900 347 953; x_wconf 80' lang='lat' dir='ltr'><strong>Valde</strong></span> <span class='ocrx_word' id='word_1_48' title='bbox 376 900 616 965; x_wconf 84' lang='lat' dir='ltr'><strong>iniquum</strong></span> <span class='ocrx_word' id='word_1_49' title='bbox 662 906 773 957; x_wconf 89' lang='lat' dir='ltr'><strong>est,</strong></span> <span class='ocrx_word' id='word_1_50' title='bbox 803 906 865 950; x_wconf 89' lang='lat' dir='ltr'><strong>ut</strong></span> <span class='ocrx_word' id='word_1_51' title='bbox 891 897 1105 965; x_wconf 90' lang='lat' dir='ltr'><strong>inperiti</strong></span> <span class='ocrx_word' id='word_1_52' title='bbox 1145 898 1434 965; x_wconf 78' lang='lat' dir='ltr'><strong>magistris,</strong></span> <span class='ocrx_word' id='word_1_53' title='bbox 1466 895 1589 953; x_wconf 87' lang='lat' dir='ltr'><strong>novi</strong></span> <span class='ocrx_word' id='word_1_54' title='bbox 1620 895 1766 955; x_wconf 73' lang='lat' dir='ltr'><strong>anti-&#39;</strong></span> 
     </span>
    </p>
   </div>
   <div class='ocr_carea' id='block_1_9' title="bbox 156 964 1319 1039">
    <p class='ocr_par' dir='ltr' id='par_1_9' title="bbox 156 964 1319 1039">
     <span class='ocr_line' id='line_1_9' title="bbox 156 964 1319 1039; baseline -0.001 -16"><span class='ocrx_word' id='word_1_55' title='bbox 156 971 321 1039; x_wconf 83' lang='lat' dir='ltr'><strong>quis.</strong></span> <span class='ocrx_word' id='word_1_56' title='bbox 353 969 439 1022; x_wconf 90' lang='lat' dir='ltr'><strong>vel</strong></span> <span class='ocrx_word' id='word_1_57' title='bbox 466 964 628 1020; x_wconf 68' lang='lat' dir='ltr'><strong>rudes</strong></span> <span class='ocrx_word' id='word_1_58' title='bbox 655 964 1029 1039; x_wconf 77' lang='lat' dir='ltr'><strong>praeferantur</strong></span> <span class='ocrx_word' id='word_1_59' title='bbox 1055 968 1319 1039; x_wconf 85' lang='lat' dir='ltr'><strong>emeritis.</strong></span> 
     </span>
    </p>
   </div>
   <div class='ocr_carea' id='block_1_10' title="bbox 240 1036 1759 1109">
    <p class='ocr_par' dir='ltr' id='par_1_10' title="bbox 240 1036 1759 1109">
     <span class='ocr_line' id='line_1_10' title="bbox 240 1036 1759 1109; baseline 0 -16"><span class='ocrx_word' id='word_1_60' title='bbox 240 1039 380 1093; x_wconf 69' lang='lat'><strong>251.</strong></span> <span class='ocrx_word' id='word_1_61' title='bbox 423 1039 489 1093; x_wconf 90' lang='lat' dir='ltr'><strong>Ut</strong></span> <span class='ocrx_word' id='word_1_62' title='bbox 517 1038 666 1109; x_wconf 51' lang='lat' dir='ltr'><strong>liccat</strong></span> <span class='ocrx_word' id='word_1_63' title='bbox 692 1036 1036 1109; x_wconf 64' lang='lat' dir='ltr'><strong>litigatoribus</strong></span> <span class='ocrx_word' id='word_1_64' title='bbox 1065 1038 1293 1090; x_wconf 79' lang='lat' dir='ltr'><strong>vitiatam</strong></span> <span class='ocrx_word' id='word_1_65' title='bbox 1339 1054 1549 1093; x_wconf 83' lang='lat' dir='ltr'><strong>cansmt</strong></span> <span class='ocrx_word' id='word_1_66' title='bbox 1578 1042 1759 1109; x_wconf 76' lang='lat' dir='ltr'><strong>appel-</strong></span> 
     </span>
    </p>
   </div>
   <div class='ocr_carea' id='block_1_11' title="bbox 159 1105 1761 1175">
    <p class='ocr_par' dir='ltr' id='par_1_11' title="bbox 159 1105 1761 1175">
     <span class='ocr_line' id='line_1_11' title="bbox 159 1105 1761 1175; baseline -0.008 -11"><span class='ocrx_word' id='word_1_67' title='bbox 159 1111 395 1165; x_wconf 80' lang='lat' dir='ltr'><strong>lationis</strong></span> <span class='ocrx_word' id='word_1_68' title='bbox 420 1105 946 1172; x_wconf 64' lang='lat' dir='ltr'><strong>remedio-subterere,</strong></span> <span class='ocrx_word' id='word_1_69' title='bbox 977 1118 1022 1159; x_wconf 78' lang='lat' dir='ltr'><strong>et</strong></span> <span class='ocrx_word' id='word_1_70' title='bbox 1051 1115 1105 1158; x_wconf 91' lang='lat' dir='ltr'><strong>ut</strong></span> <span class='ocrx_word' id='word_1_71' title='bbox 1139 1109 1158 1137; x_wconf 77' lang='grc'>⁸</span> <span class='ocrx_word' id='word_1_72' title='bbox 1197 1110 1542 1175; x_wconf 66' lang='lat' dir='ltr'><strong>appellatam;</strong></span> <span class='ocrx_word' id='word_1_73' title='bbox 1570 1111 1624 1163; x_wconf 75' lang='grc' dir='ltr'><strong>ίη</strong></span> <span class='ocrx_word' id='word_1_74' title='bbox 1649 1105 1761 1164; x_wconf 70' lang='lat' dir='ltr'><strong>&#39;nuz.</strong></span> 
     </span>
    </p>
   </div>
   <div class='ocr_carea' id='block_1_12' title="bbox 162 1176 1758 1245">
    <p class='ocr_par' dir='ltr' id='par_1_12' title="bbox 162 1176 1758 1245">
     <span class='ocr_line' id='line_1_12' title="bbox 162 1176 1758 1245; baseline -0.001 -10"><span class='ocrx_word' id='word_1_75' title='bbox 162 1183 285 1235; x_wconf 80' lang='lat' dir='ltr'><strong>tam</strong></span> <span class='ocrx_word' id='word_1_76' title='bbox 317 1178 604 1233; x_wconf 70' lang='lat' dir='ltr'><strong>custodiam</strong></span> <span class='ocrx_word' id='word_1_77' title='bbox 633 1176 953 1245; x_wconf 81' lang='lat' dir='ltr'><strong>redigantur.</strong></span> <span class='ocrx_word' id='word_1_78' title='bbox 993 1176 1200 1232; x_wconf 85' lang='lat' dir='ltr'><strong>Iudices</strong></span> <span class='ocrx_word' id='word_1_79' title='bbox 1228 1179 1515 1233; x_wconf 83' lang='lat' dir='ltr'><strong>observare</strong></span> <span class='ocrx_word' id='word_1_80' title='bbox 1542 1180 1758 1245; x_wconf 86' lang='lat' dir='ltr'><strong>debent,</strong></span> 
     </span>
    </p>
   </div>
   <div class='ocr_carea' id='block_1_13' title="bbox 165 1246 1764 1317">
    <p class='ocr_par' dir='ltr' id='par_1_13' title="bbox 165 1246 1764 1317">
     <span class='ocr_line' id='line_1_13' title="bbox 165 1246 1764 1317; baseline 0 -12"><span class='ocrx_word' id='word_1_81' title='bbox 165 1260 231 1306; x_wconf 90' lang='lat' dir='ltr'><strong>ut</strong></span> <span class='ocrx_word' id='word_1_82' title='bbox 265 1250 436 1305; x_wconf 54' lang='lat' dir='ltr'><strong>liceat</strong></span> <span class='ocrx_word' id='word_1_83' title='bbox 460 1246 715 1314; x_wconf 80' lang='lat' dir='ltr'><strong>litigatori</strong></span> <span class='ocrx_word' id='word_1_84' title='bbox 742 1247 1231 1317; x_wconf 85' lang='lat' dir='ltr'><strong>vitiatantcausam</strong></span> <span class='ocrx_word' id='word_1_85' title='bbox 1265 1248 1640 1317; x_wconf 80' lang='lat' dir='ltr'><strong>appellationis</strong></span> <span class='ocrx_word' id='word_1_86' title='bbox 1677 1265 1764 1305; x_wconf 84' lang='lat' dir='ltr'><strong>re-</strong></span> 
     </span>
    </p>
   </div>
   <div class='ocr_carea' id='block_1_14' title="bbox 166 1316 1762 1383">
    <p class='ocr_par' dir='ltr' id='par_1_14' title="bbox 166 1316 1762 1383">
     <span class='ocr_line' id='line_1_14' title="bbox 166 1316 1762 1383; baseline -0.002 -7"><span class='ocrx_word' id='word_1_87' title='bbox 166 1319 368 1376; x_wconf 83' lang='lat' dir='ltr'><strong>medio</strong></span> <span class='ocrx_word' id='word_1_88' title='bbox 395 1318 697 1379; x_wconf 86' lang='lat' dir='ltr'><strong>sublevare,</strong></span> <span class='ocrx_word' id='word_1_89' title='bbox 729 1325 784 1370; x_wconf 92' lang='lat' dir='ltr'><strong>et</strong></span> <span class='ocrx_word' id='word_1_90' title='bbox 835 1316 1197 1383; x_wconf 85' lang='lat' dir='ltr'><strong>appellatures</strong></span> <span class='ocrx_word' id='word_1_91' title='bbox 1242 1316 1341 1373; x_wconf 84' lang='lat' dir='ltr'><strong>nec</strong></span> <span class='ocrx_word' id='word_1_92' title='bbox 1391 1317 1442 1370; x_wconf 91' lang='lat' dir='ltr'><strong>in</strong></span> <span class='ocrx_word' id='word_1_93' title='bbox 1491 1333 1762 1373; x_wconf 83' lang='lat' dir='ltr'><strong>carcerem</strong></span> 
     </span>
    </p>
   </div>
   <div class='ocr_carea' id='block_1_15' title="bbox 166 1385 1763 1459">
    <p class='ocr_par' dir='ltr' id='par_1_15' title="bbox 166 1385 1763 1459">
     <span class='ocr_line' id='line_1_15' title="bbox 166 1385 1763 1459; baseline -0.002 -13"><span class='ocrx_word' id='word_1_94' title='bbox 166 1392 517 1459; x_wconf 76' lang='lat' dir='ltr'><strong>redigantur,</strong></span> <span class='ocrx_word' id='word_1_95' title='bbox 554 1401 655 1459; x_wconf 84' lang='lat' dir='ltr'><strong>nec</strong></span> <span class='ocrx_word' id='word_1_96' title='bbox 677 1402 708 1440; x_wconf 88' lang='lat' dir='ltr'><strong>a</strong></span> <span class='ocrx_word' id='word_1_97' title='bbox 736 1385 1013 1459; x_wconf 66' lang='lat' dir='ltr'><strong>militibus</strong></span> <span class='ocrx_word' id='word_1_98' title='bbox 1041 1385 1238 1459; x_wconf 76' lang='lat' dir='ltr'><strong>faciant</strong></span> <span class='ocrx_word' id='word_1_99' title='bbox 1275 1388 1531 1459; x_wconf 80' lang='lat' dir='ltr'><strong>custodiri</strong></span> <span class='ocrx_word' id='word_1_100' title='bbox 1575 1390 1617 1454; x_wconf 83' lang='grc'><strong>³,</strong></span> <span class='ocrx_word' id='word_1_101' title='bbox 1668 1390 1763 1444; x_wconf 87' lang='lat' dir='ltr'><strong>sed</strong></span> 
     </span>
    </p>
   </div>
   <div class='ocr_carea' id='block_1_16' title="bbox 167 1455 1763 1529">
    <p class='ocr_par' dir='ltr' id='par_1_16' title="bbox 167 1455 1763 1529">
     <span class='ocr_line' id='line_1_16' title="bbox 167 1455 1763 1529; baseline 0 -16"><span class='ocrx_word' id='word_1_102' title='bbox 167 1455 451 1528; x_wconf 60' lang='lat' dir='ltr'><strong>agen&#39;dnm</strong></span> <span class='ocrx_word' id='word_1_103' title='bbox 475 1458 745 1529; x_wconf 76' lang='lat' dir='ltr'><strong>negotium</strong></span> <span class='ocrx_word' id='word_1_104' title='bbox 761 1470 923 1529; x_wconf 81' lang='lat' dir='ltr'><strong>suum</strong></span> <span class='ocrx_word' id='word_1_105' title='bbox 951 1455 1437 1529; x_wconf 25' lang='lat' dir='ltr'><strong>liberiobs‘ervent.</strong></span> <span class='ocrx_word' id='word_1_106' title='bbox 1468 1458 1577 1529; x_wconf 76' lang='lat' dir='ltr'><strong>Nec</strong></span> <span class='ocrx_word' id='word_1_107' title='bbox 1601 1461 1763 1513; x_wconf 90' lang='lat' dir='ltr'><strong>etiam</strong></span> 
     </span>
    </p>
   </div>
   <div class='ocr_carea' id='block_1_17' title="bbox 168 1526 1763 1599">
    <p class='ocr_par' dir='ltr' id='par_1_17' title="bbox 168 1526 1763 1599">
     <span class='ocr_line' id='line_1_17' title="bbox 168 1526 1763 1599; baseline -0.003 -13"><span class='ocrx_word' id='word_1_108' title='bbox 168 1526 231 1586; x_wconf 76' lang='lat' dir='ltr'><strong>in</strong></span> <span class='ocrx_word' id='word_1_109' title='bbox 262 1528 587 1599; x_wconf 74' lang='lat' dir='ltr'><strong>SllbpllClmll</strong></span> <span class='ocrx_word' id='word_1_110' title='bbox 635 1527 917 1599; x_wconf 81' lang='lat' dir='ltr'><strong>destinatis</strong></span> <span class='ocrx_word' id='word_1_111' title='bbox 955 1526 1257 1599; x_wconf 78' lang='lat' dir='ltr'><strong>appellandi</strong></span> <span class='ocrx_word' id='word_1_112' title='bbox 1294 1543 1400 1581; x_wconf 80' lang='lat' dir='ltr'><strong>vox</strong></span> <span class='ocrx_word' id='word_1_113' title='bbox 1424 1527 1763 1599; x_wconf 17' lang='lat' dir='ltr'><strong>idenegetur.</strong></span> 
     </span>
    </p>
   </div>
   <div class='ocr_carea' id='block_1_18' title="bbox 248 1596 1769 1663">
    <p class='ocr_par' dir='ltr' id='par_1_18' title="bbox 248 1596 1769 1663">
     <span class='ocr_line' id='line_1_18' title="bbox 248 1596 1769 1663; baseline -0.001 -9"><span class='ocrx_word' id='word_1_114' title='bbox 248 1596 387 1654; x_wconf 60' lang='lat'><strong>25%.</strong></span> <span class='ocrx_word' id='word_1_115' title='bbox 430 1598 499 1654; x_wconf 81' lang='lat' dir='ltr'><strong>Ut</strong></span> <span class='ocrx_word' id='word_1_116' title='bbox 540 1600 713 1649; x_wconf 81' lang='lat' dir='ltr'><strong>nullus</strong></span> <span class='ocrx_word' id='word_1_117' title='bbox 770 1596 957 1663; x_wconf 74' lang='lat' dir='ltr'><strong>falsum</strong></span> <span class='ocrx_word' id='word_1_118' title='bbox 1003 1598 1347 1651; x_wconf 88' lang='lat' dir='ltr'><strong>testimonium</strong></span> <span class='ocrx_word' id='word_1_119' title='bbox 1397 1598 1556 1651; x_wconf 78' lang='lat' dir='ltr'><strong>dicat.</strong></span> <span class='ocrx_word' id='word_1_120' title='bbox 1594 1600 1658 1651; x_wconf 82' lang='lat' dir='ltr'><strong>Et</strong></span> <span class='ocrx_word' id='word_1_121' title='bbox 1705 1599 1769 1653; x_wconf 81' lang='lat' dir='ltr'><strong>de</strong></span> 
     </span>
    </p>
   </div>
   <div class='ocr_carea' id='block_1_19' title="bbox 169 1667 1768 1743">
    <p class='ocr_par' dir='ltr' id='par_1_19' title="bbox 169 1667 1768 1743">
     <span class='ocr_line' id='line_1_19' title="bbox 169 1667 1768 1743; baseline -0.002 -18"><span class='ocrx_word' id='word_1_122' title='bbox 169 1670 693 1743; x_wconf 56' lang='lat' dir='ltr'><strong>periculojalsorum</strong></span> <span class='ocrx_word' id='word_1_123' title='bbox 722 1667 923 1721; x_wconf 89' lang='lat' dir='ltr'><strong>testium</strong></span> <span class='ocrx_word' id='word_1_124' title='bbox 951 1681 1039 1719; x_wconf 87' lang='lat' dir='ltr'><strong>seu</strong></span> <span class='ocrx_word' id='word_1_125' title='bbox 1051 1668 1368 1743; x_wconf 75' lang='lat' dir='ltr'><strong>poenitentia</strong></span> <span class='ocrx_word' id='word_1_126' title='bbox 1390 1668 1467 1722; x_wconf 79' lang='lat' dir='ltr'><strong>vel</strong></span> <span class='ocrx_word' id='word_1_127' title='bbox 1486 1669 1768 1743; x_wconf 73' lang='lat' dir='ltr'><strong>obiectione</strong></span> 
     </span>
    </p>
   </div>
   <div class='ocr_carea' id='block_1_20' title="bbox 170 1737 1767 1805">
    <p class='ocr_par' dir='ltr' id='par_1_20' title="bbox 170 1737 1767 1805">
     <span class='ocr_line' id='line_1_20' title="bbox 170 1737 1767 1805; baseline -0.002 -8"><span class='ocrx_word' id='word_1_128' title='bbox 170 1737 384 1797; x_wconf 70' lang='lat' dir='ltr'><strong>eorum.</strong></span> <span class='ocrx_word' id='word_1_129' title='bbox 415 1737 673 1794; x_wconf 80' lang='lat' dir='ltr'><strong>Volumus</strong></span> <span class='ocrx_word' id='word_1_130' title='bbox 695 1746 857 1803; x_wconf 83' lang='lat' dir='ltr'><strong>atque</strong></span> <span class='ocrx_word' id='word_1_131' title='bbox 883 1737 1263 1805; x_wconf 84' lang='lat' dir='ltr'><strong>praecipimus,</strong></span> <span class='ocrx_word' id='word_1_132' title='bbox 1290 1746 1347 1791; x_wconf 80' lang='grc' dir='ltr'><strong>ιιι</strong></span> <span class='ocrx_word' id='word_1_133' title='bbox 1368 1752 1555 1794; x_wconf 88' lang='lat' dir='ltr'><strong>omnes</strong></span> <span class='ocrx_word' id='word_1_134' title='bbox 1581 1754 1608 1791; x_wconf 89' lang='lat' dir='ltr'><strong>a</strong></span> <span class='ocrx_word' id='word_1_135' title='bbox 1633 1739 1767 1795; x_wconf 79' lang='lat' dir='ltr'><strong>falso</strong></span> 
     </span>
    </p>
   </div>
   <div class='ocr_carea' id='block_1_21' title="bbox 176 1806 1844 1885">
    <p class='ocr_par' dir='ltr' id='par_1_21' title="bbox 176 1806 1844 1885">
     <span class='ocr_line' id='line_1_21' title="bbox 176 1806 1844 1885; baseline -0.001 -20"><span class='ocrx_word' id='word_1_136' title='bbox 176 1811 498 1885; x_wconf 86' lang='lat' dir='ltr'><strong>testimonio</strong></span> <span class='ocrx_word' id='word_1_137' title='bbox 524 1822 586 1862; x_wconf 87' lang='lat' dir='ltr'><strong>se</strong></span> <span class='ocrx_word' id='word_1_138' title='bbox 622 1807 948 1885; x_wconf 69' lang='lat' dir='ltr'><strong>abstineant,</strong></span> <span class='ocrx_word' id='word_1_139' title='bbox 986 1806 1216 1885; x_wconf 82' lang='lat' dir='ltr'><strong>scientes</strong></span> <span class='ocrx_word' id='word_1_140' title='bbox 1263 1815 1326 1885; x_wconf 85' lang='lat' dir='ltr'><strong>et_</strong></span> <span class='ocrx_word' id='word_1_141' title='bbox 1369 1808 1471 1863; x_wconf 92' lang='lat' dir='ltr'><strong>boc</strong></span> <span class='ocrx_word' id='word_1_142' title='bbox 1523 1809 1769 1885; x_wconf 53' lang='lat' dir='ltr'><strong>gra_vissi:</strong></span> <span class='ocrx_word' id='word_1_143' title='bbox 1799 1827 1844 1885; x_wconf 66' lang='grc' dir='ltr'><strong>Β</strong></span> 
     </span>
    </p>
   </div>
   <div class='ocr_carea' id='block_1_22' title="bbox 176 1876 1768 1950">
    <p class='ocr_par' dir='ltr' id='par_1_22' title="bbox 176 1876 1768 1950">
     <span class='ocr_line' id='line_1_22' title="bbox 176 1876 1768 1950; baseline -0.001 -15"><span class='ocrx_word' id='word_1_144' title='bbox 176 1897 337 1935; x_wconf 81' lang='lat' dir='ltr'><strong>mum</strong></span> <span class='ocrx_word' id='word_1_145' title='bbox 367 1879 543 1933; x_wconf 84' lang='lat' dir='ltr'><strong>scelus</strong></span> <span class='ocrx_word' id='word_1_146' title='bbox 571 1892 691 1950; x_wconf 81' lang='lat' dir='ltr'><strong>esse</strong></span> <span class='ocrx_word' id='word_1_147' title='bbox 714 1886 768 1929; x_wconf 90' lang='lat' dir='ltr'><strong>et</strong></span> <span class='ocrx_word' id='word_1_148' title='bbox 807 1876 873 1930; x_wconf 88' lang='lat' dir='ltr'><strong>ab</strong></span> <span class='ocrx_word' id='word_1_149' title='bbox 912 1877 1283 1950; x_wconf 73' lang='lat' dir='ltr'><strong>ipso__llomino</strong></span> <span class='ocrx_word' id='word_1_150' title='bbox 1314 1878 1366 1931; x_wconf 92' lang='lat' dir='ltr'><strong>in</strong></span> <span class='ocrx_word' id='word_1_151' title='bbox 1396 1888 1577 1933; x_wconf 90' lang='lat' dir='ltr'><strong>monte</strong></span> <span class='ocrx_word' id='word_1_152' title='bbox 1604 1881 1768 1950; x_wconf 75' lang='lat' dir='ltr'><strong>Synai</strong></span> 
     </span>
    </p>
   </div>
   <div class='ocr_carea' id='block_1_23' title="bbox 176 1945 1769 2021">
    <p class='ocr_par' dir='ltr' id='par_1_23' title="bbox 176 1945 1769 2021">
     <span class='ocr_line' id='line_1_23' title="bbox 176 1945 1769 2021; baseline 0 -16"><span class='ocrx_word' id='word_1_153' title='bbox 176 1951 555 2021; x_wconf 72' lang='lat' dir='ltr'><strong>prohibitum,</strong></span> <span class='ocrx_word' id='word_1_154' title='bbox 606 1947 817 2021; x_wconf 74' lang='lat' dir='ltr'><strong>dicente</strong></span> <span class='ocrx_word' id='word_1_155' title='bbox 870 1961 938 1999; x_wconf 88' lang='lat' dir='ltr'><strong>eo</strong></span> <span class='ocrx_word' id='word_1_156' title='bbox 968 1963 983 2021; x_wconf 87' lang='lat'><strong>:_</strong></span> <span class='ocrx_word' id='word_1_157' title='bbox 1015 1945 1141 2000; x_wconf 85' lang='lat' dir='ltr'><strong>Non</strong></span> <span class='ocrx_word' id='word_1_158' title='bbox 1188 1949 1375 2021; x_wconf 79' lang='lat' dir='ltr'><strong>falsum</strong></span> <span class='ocrx_word' id='word_1_159' title='bbox 1421 1945 1769 2021; x_wconf 64' lang='lat' dir='ltr'><strong>testimonium</strong></span> 
     </span>
    </p>
   </div>
   <div class='ocr_carea' id='block_1_24' title="bbox 177 2014 1771 2087">
    <p class='ocr_par' dir='ltr' id='par_1_24' title="bbox 177 2014 1771 2087">
     <span class='ocr_line' id='line_1_24' title="bbox 177 2014 1771 2087; baseline -0.001 -12"><span class='ocrx_word' id='word_1_160' title='bbox 177 2014 405 2075; x_wconf 72' lang='lat' dir='ltr'><strong>dixeris.</strong></span> <span class='ocrx_word' id='word_1_161' title='bbox 445 2019 569 2073; x_wconf 88' lang='lat' dir='ltr'><strong>Sive</strong></span> <span class='ocrx_word' id='word_1_162' title='bbox 600 2035 614 2069; x_wconf 90' lang='lat'><strong>:</strong></span> <span class='ocrx_word' id='word_1_163' title='bbox 651 2014 838 2070; x_wconf 80' lang='lat' dir='ltr'><strong>Falsus</strong></span> <span class='ocrx_word' id='word_1_164' title='bbox 869 2017 1010 2070; x_wconf 86' lang='lat' dir='ltr'><strong>testis</strong></span> <span class='ocrx_word' id='word_1_165' title='bbox 1055 2031 1157 2071; x_wconf 87' lang='lat' dir='ltr'><strong>non</strong></span> <span class='ocrx_word' id='word_1_166' title='bbox 1184 2014 1278 2069; x_wconf 79' lang='lat' dir='ltr'><strong>erit</strong></span> <span class='ocrx_word' id='word_1_167' title='bbox 1307 2018 1591 2087; x_wconf 86' lang='lat' dir='ltr'><strong>inpunitus.</strong></span> <span class='ocrx_word' id='word_1_168' title='bbox 1624 2019 1771 2074; x_wconf 84' lang='lat' dir='ltr'><strong>Sciat</strong></span> 
     </span>
    </p>
   </div>
   <div class='ocr_carea' id='block_1_25' title="bbox 178 2087 1767 2156">
    <p class='ocr_par' dir='ltr' id='par_1_25' title="bbox 178 2087 1767 2156">
     <span class='ocr_line' id='line_1_25' title="bbox 178 2087 1767 2156; baseline 0.001 -12"><span class='ocrx_word' id='word_1_169' title='bbox 178 2093 352 2145; x_wconf 88' lang='lat' dir='ltr'><strong>etiam</strong></span> <span class='ocrx_word' id='word_1_170' title='bbox 375 2104 453 2153; x_wconf 78' lang='lat' dir='ltr'><strong>se,</strong></span> <span class='ocrx_word' id='word_1_171' title='bbox 480 2087 727 2156; x_wconf 85' lang='lat' dir='ltr'><strong>quisquis</strong></span> <span class='ocrx_word' id='word_1_172' title='bbox 751 2090 854 2156; x_wconf 85' lang='lat' dir='ltr'><strong>hoc</strong></span> <span class='ocrx_word' id='word_1_173' title='bbox 883 2088 1289 2154; x_wconf 84' lang='lat' dir='ltr'><strong>perpetravcrit,</strong></span> <span class='ocrx_word' id='word_1_174' title='bbox 1322 2088 1412 2140; x_wconf 89' lang='lat' dir='ltr'><strong>tali</strong></span> <span class='ocrx_word' id='word_1_175' title='bbox 1439 2090 1767 2152; x_wconf 88' lang='lat' dir='ltr'><strong>poenitentia</strong></span> 
     </span>
    </p>
   </div>
   <div class='ocr_carea' id='block_1_26' title="bbox 182 2155 1769 2232">
    <p class='ocr_par' dir='ltr' id='par_1_26' title="bbox 182 2155 1769 2232">
     <span class='ocr_line' id='line_1_26' title="bbox 182 2155 1769 2232; baseline 0.001 -18"><span class='ocrx_word' id='word_1_176' title='bbox 182 2155 541 2232; x_wconf 84' lang='lat' dir='ltr'><strong>purgandum.</strong></span> <span class='ocrx_word' id='word_1_177' title='bbox 587 2157 728 2232; x_wconf 77' lang='lat' dir='ltr'><strong>sicut</strong></span> <span class='ocrx_word' id='word_1_178' title='bbox 769 2155 838 2210; x_wconf 89' lang='lat' dir='ltr'><strong>de</strong></span> <span class='ocrx_word' id='word_1_179' title='bbox 878 2156 1138 2232; x_wconf 77' lang='lat' dir='ltr'><strong>periurio,</strong></span> <span class='ocrx_word' id='word_1_180' title='bbox 1168 2165 1265 2232; x_wconf 87' lang='lat' dir='ltr'><strong>aut_</strong></span> <span class='ocrx_word' id='word_1_181' title='bbox 1309 2157 1769 2232; x_wconf 77' lang='lat' dir='ltr'><strong>talidamnatione</strong></span> 
     </span>
    </p>
   </div>
   <div class='ocr_carea' id='block_1_27' title="bbox 181 2225 1769 2289">
    <p class='ocr_par' dir='ltr' id='par_1_27' title="bbox 181 2225 1769 2289">
     <span class='ocr_line' id='line_1_27' title="bbox 181 2225 1769 2289; baseline -0.001 -4"><span class='ocrx_word' id='word_1_182' title='bbox 181 2225 243 2285; x_wconf 74' lang='lat' dir='ltr'><strong>et</strong></span> <span class='ocrx_word' id='word_1_183' title='bbox 265 2225 823 2285; x_wconf 58' lang='lat' dir='ltr'><strong>eicommunicatione</strong></span> <span class='ocrx_word' id='word_1_184' title='bbox 872 2225 1196 2289; x_wconf 84' lang='lat' dir='ltr'><strong>feriendum,</strong></span> <span class='ocrx_word' id='word_1_185' title='bbox 1224 2227 1363 2282; x_wconf 82' lang='lat' dir='ltr'><strong>sicut</strong></span> <span class='ocrx_word' id='word_1_186' title='bbox 1388 2226 1454 2282; x_wconf 88' lang='lat' dir='ltr'><strong>de</strong></span> <span class='ocrx_word' id='word_1_187' title='bbox 1483 2228 1769 2284; x_wconf 84' lang='lat' dir='ltr'><strong>homicidio</strong></span> 
     </span>
    </p>
   </div>
   <div class='ocr_carea' id='block_1_28' title="bbox 180 2296 1764 2368">
    <p class='ocr_par' dir='ltr' id='par_1_28' title="bbox 180 2296 1764 2368">
     <span class='ocr_line' id='line_1_28' title="bbox 180 2296 1764 2368; baseline 0.001 -15"><span class='ocrx_word' id='word_1_188' title='bbox 180 2301 273 2356; x_wconf 87' lang='lat' dir='ltr'><strong>vel</strong></span> <span class='ocrx_word' id='word_1_189' title='bbox 304 2300 561 2367; x_wconf 89' lang='lat' dir='ltr'><strong>periurio.</strong></span> <span class='ocrx_word' id='word_1_190' title='bbox 609 2297 829 2351; x_wconf 87' lang='lat' dir='ltr'><strong>Summa</strong></span> <span class='ocrx_word' id='word_1_191' title='bbox 876 2297 1017 2368; x_wconf 87' lang='lat' dir='ltr'><strong>enim</strong></span> <span class='ocrx_word' id='word_1_192' title='bbox 1047 2296 1272 2368; x_wconf 85' lang='lat' dir='ltr'><strong>stultitia</strong></span> <span class='ocrx_word' id='word_1_193' title='bbox 1318 2306 1372 2350; x_wconf 80' lang='lat' dir='ltr'><strong>et</strong></span> <span class='ocrx_word' id='word_1_194' title='bbox 1404 2298 1637 2368; x_wconf 81' lang='lat' dir='ltr'><strong>nequitia</strong></span> <span class='ocrx_word' id='word_1_195' title='bbox 1661 2307 1764 2366; x_wconf 88' lang='lat' dir='ltr'><strong>est,</strong></span> 
     </span>
    </p>
   </div>
   <div class='ocr_carea' id='block_1_29' title="bbox 183 2367 1765 2435">
    <p class='ocr_par' dir='ltr' id='par_1_29' title="bbox 183 2367 1765 2435">
     <span class='ocr_line' id='line_1_29' title="bbox 183 2367 1765 2435; baseline -0.003 -10"><span class='ocrx_word' id='word_1_196' title='bbox 183 2381 249 2425; x_wconf 89' lang='lat' dir='ltr'><strong>ut</strong></span> <span class='ocrx_word' id='word_1_197' title='bbox 286 2371 476 2434; x_wconf 72' lang='lat' dir='ltr'><strong>aliquis</strong></span> <span class='ocrx_word' id='word_1_198' title='bbox 523 2370 710 2431; x_wconf 84' lang='lat' dir='ltr'><strong>homo,</strong></span> <span class='ocrx_word' id='word_1_199' title='bbox 761 2368 852 2435; x_wconf 86' lang='lat' dir='ltr'><strong>qui</strong></span> <span class='ocrx_word' id='word_1_200' title='bbox 892 2367 1188 2421; x_wconf 79' lang='lat' dir='ltr'><strong>christiano</strong></span> <span class='ocrx_word' id='word_1_201' title='bbox 1233 2368 1451 2421; x_wconf 84' lang='lat' dir='ltr'><strong>nomine</strong></span> <span class='ocrx_word' id='word_1_202' title='bbox 1493 2367 1765 2434; x_wconf 84' lang='lat' dir='ltr'><strong>censetur,</strong></span> 
     </span>
    </p>
   </div>
   <div class='ocr_carea' id='block_1_30' title="bbox 186 2437 1764 2508">
    <p class='ocr_par' dir='ltr' id='par_1_30' title="bbox 186 2437 1764 2508">
     <span class='ocr_line' id='line_1_30' title="bbox 186 2437 1764 2508; baseline -0.001 -13"><span class='ocrx_word' id='word_1_203' title='bbox 186 2455 288 2508; x_wconf 89' lang='lat' dir='ltr'><strong>pro</strong></span> <span class='ocrx_word' id='word_1_204' title='bbox 315 2439 606 2508; x_wconf 82' lang='lat' dir='ltr'><strong>cupiditate</strong></span> <span class='ocrx_word' id='word_1_205' title='bbox 651 2437 964 2508; x_wconf 62' lang='lat' dir='ltr'><strong>argentiet</strong></span> <span class='ocrx_word' id='word_1_206' title='bbox 1015 2438 1129 2508; x_wconf 83' lang='lat' dir='ltr'><strong>auri</strong></span> <span class='ocrx_word' id='word_1_207' title='bbox 1188 2446 1279 2508; x_wconf 85' lang='lat' dir='ltr'><strong>aut</strong></span> <span class='ocrx_word' id='word_1_208' title='bbox 1327 2437 1764 2493; x_wconf 83' lang='lat' dir='ltr'><strong>vestimentorum</strong></span> 
     </span>
    </p>
   </div>
   <div class='ocr_carea' id='block_1_31' title="bbox 187 2506 1767 2579">
    <p class='ocr_par' dir='ltr' id='par_1_31' title="bbox 187 2506 1767 2579">
     <span class='ocr_line' id='line_1_31' title="bbox 187 2506 1767 2579; baseline -0.002 -14"><span class='ocrx_word' id='word_1_209' title='bbox 187 2506 304 2565; x_wconf 82' lang='lat' dir='ltr'><strong>sive</strong></span> <span class='ocrx_word' id='word_1_210' title='bbox 330 2506 582 2579; x_wconf 75' lang='lat' dir='ltr'><strong>agrorum</strong></span> <span class='ocrx_word' id='word_1_211' title='bbox 612 2508 694 2559; x_wconf 90' lang='lat' dir='ltr'><strong>vel</strong></span> <span class='ocrx_word' id='word_1_212' title='bbox 727 2506 1011 2579; x_wconf 83' lang='lat' dir='ltr'><strong>cuiuslibet</strong></span> <span class='ocrx_word' id='word_1_213' title='bbox 1049 2506 1126 2560; x_wconf 90' lang='lat' dir='ltr'><strong>rei</strong></span> <span class='ocrx_word' id='word_1_214' title='bbox 1172 2507 1311 2561; x_wconf 87' lang='lat' dir='ltr'><strong>sicut</strong></span> <span class='ocrx_word' id='word_1_215' title='bbox 1355 2521 1516 2579; x_wconf 83' lang='lat' dir='ltr'><strong>saepe</strong></span> <span class='ocrx_word' id='word_1_216' title='bbox 1556 2510 1767 2579; x_wconf 82' lang='lat' dir='ltr'><strong>coutin-</strong></span> 
     </span>
    </p>
   </div>
   <div class='ocr_carea' id='block_1_32' title="bbox 186 2578 1763 2648">
    <p class='ocr_par' dir='ltr' id='par_1_32' title="bbox 186 2578 1763 2648">
     <span class='ocr_line' id='line_1_32' title="bbox 186 2578 1763 2648; baseline -0.001 -14"><span class='ocrx_word' id='word_1_217' title='bbox 186 2594 317 2648; x_wconf 88' lang='lat' dir='ltr'><strong>gere</strong></span> <span class='ocrx_word' id='word_1_218' title='bbox 342 2580 502 2639; x_wconf 89' lang='lat' dir='ltr'><strong>solet.</strong></span> <span class='ocrx_word' id='word_1_219' title='bbox 534 2586 754 2648; x_wconf 81' lang='lat' dir='ltr'><strong>propter</strong></span> <span class='ocrx_word' id='word_1_220' title='bbox 780 2578 1096 2631; x_wconf 75' lang='lat' dir='ltr'><strong>ebrietatem</strong></span> <span class='ocrx_word' id='word_1_221' title='bbox 1126 2586 1220 2631; x_wconf 90' lang='lat' dir='ltr'><strong>aut</strong></span> <span class='ocrx_word' id='word_1_222' title='bbox 1247 2578 1446 2631; x_wconf 85' lang='lat' dir='ltr'><strong>ventris</strong></span> <span class='ocrx_word' id='word_1_223' title='bbox 1478 2578 1710 2645; x_wconf 77' lang='lat' dir='ltr'><strong>ingluvie</strong></span> <span class='ocrx_word' id='word_1_224' title='bbox 1734 2598 1763 2632; x_wconf 89' lang='grc' dir='ltr'><strong>ιι</strong></span> 
     </span>
    </p>
   </div>
   <div class='ocr_carea' id='block_1_33' title="bbox 190 2646 1765 2717">
    <p class='ocr_par' dir='ltr' id='par_1_33' title="bbox 190 2646 1765 2717">
     <span class='ocr_line' id='line_1_33' title="bbox 190 2646 1765 2717; baseline 0.001 -14"><span class='ocrx_word' id='word_1_225' title='bbox 190 2646 241 2703; x_wconf 74' lang='lat' dir='ltr'><strong>in</strong></span> <span class='ocrx_word' id='word_1_226' title='bbox 272 2660 380 2704; x_wconf 83' lang='lat' dir='ltr'><strong>tam</strong></span> <span class='ocrx_word' id='word_1_227' title='bbox 407 2648 606 2717; x_wconf 78' lang='lat' dir='ltr'><strong>grande</strong></span> <span class='ocrx_word' id='word_1_228' title='bbox 627 2646 803 2703; x_wconf 82' lang='lat' dir='ltr'><strong>scelus</strong></span> <span class='ocrx_word' id='word_1_229' title='bbox 829 2655 1065 2705; x_wconf 88' lang='lat' dir='ltr'><strong>corruat.</strong></span> <span class='ocrx_word' id='word_1_230' title='bbox 1099 2656 1157 2717; x_wconf 87' lang='lat' dir='ltr'><strong>ut</strong></span> <span class='ocrx_word' id='word_1_231' title='bbox 1185 2656 1275 2700; x_wconf 88' lang='lat' dir='ltr'><strong>aut</strong></span> <span class='ocrx_word' id='word_1_232' title='bbox 1303 2657 1508 2715; x_wconf 77' lang='lat' dir='ltr'><strong>septem</strong></span> <span class='ocrx_word' id='word_1_233' title='bbox 1537 2650 1692 2702; x_wconf 82' lang='lat' dir='ltr'><strong>annis</strong></span> <span class='ocrx_word' id='word_1_234' title='bbox 1714 2650 1765 2704; x_wconf 91' lang='lat' dir='ltr'><strong>in</strong></span> 
     </span>
    </p>
   </div>
   <div class='ocr_carea' id='block_1_34' title="bbox 189 2716 1765 2784">
    <p class='ocr_par' dir='ltr' id='par_1_34' title="bbox 189 2716 1765 2784">
     <span class='ocr_line' id='line_1_34' title="bbox 189 2716 1765 2784; baseline 0 -11"><span class='ocrx_word' id='word_1_235' title='bbox 189 2729 338 2773; x_wconf 87' lang='lat' dir='ltr'><strong>arcta</strong></span> <span class='ocrx_word' id='word_1_236' title='bbox 381 2716 601 2772; x_wconf 76' lang='lat' dir='ltr'><strong>erumna</strong></span> <span class='ocrx_word' id='word_1_237' title='bbox 635 2717 725 2779; x_wconf 86' lang='lat' dir='ltr'><strong>sit,</strong></span> <span class='ocrx_word' id='word_1_238' title='bbox 768 2726 861 2771; x_wconf 90' lang='lat' dir='ltr'><strong>aut</strong></span> <span class='ocrx_word' id='word_1_239' title='bbox 911 2718 979 2769; x_wconf 84' lang='lat' dir='ltr'><strong>ab</strong></span> <span class='ocrx_word' id='word_1_240' title='bbox 1008 2716 1235 2771; x_wconf 82' lang='lat' dir='ltr'><strong>ecclesia</strong></span> <span class='ocrx_word' id='word_1_241' title='bbox 1286 2718 1358 2771; x_wconf 86' lang='lat' dir='ltr'><strong>sit</strong></span> <span class='ocrx_word' id='word_1_242' title='bbox 1384 2719 1650 2784; x_wconf 74' lang='lat' dir='ltr'><strong>repulsus,</strong></span> <span class='ocrx_word' id='word_1_243' title='bbox 1680 2720 1765 2773; x_wconf 88' lang='lat' dir='ltr'><strong>di-</strong></span> 
     </span>
    </p>
   </div>
   <div class='ocr_carea' id='block_1_35' title="bbox 190 2786 1769 2856">
    <p class='ocr_par' dir='ltr' id='par_1_35' title="bbox 190 2786 1769 2856">
     <span class='ocr_line' id='line_1_35' title="bbox 190 2786 1769 2856; baseline 0 -13"><span class='ocrx_word' id='word_1_244' title='bbox 190 2798 352 2843; x_wconf 88' lang='lat' dir='ltr'><strong>cente</strong></span> <span class='ocrx_word' id='word_1_245' title='bbox 383 2788 641 2842; x_wconf 86' lang='lat' dir='ltr'><strong>Domino:</strong></span> <span class='ocrx_word' id='word_1_246' title='bbox 676 2786 813 2850; x_wconf 71' lang='lat' dir='ltr'><strong>Quid</strong></span> <span class='ocrx_word' id='word_1_247' title='bbox 843 2788 1048 2856; x_wconf 78' lang='lat' dir='ltr'><strong>prodest</strong></span> <span class='ocrx_word' id='word_1_248' title='bbox 1082 2787 1298 2851; x_wconf 84' lang='lat' dir='ltr'><strong>ltomini,</strong></span> <span class='ocrx_word' id='word_1_249' title='bbox 1326 2789 1371 2840; x_wconf 89' lang='lat' dir='ltr'><strong>si</strong></span> <span class='ocrx_word' id='word_1_250' title='bbox 1402 2788 1627 2842; x_wconf 85' lang='lat' dir='ltr'><strong>lucretur</strong></span> <span class='ocrx_word' id='word_1_251' title='bbox 1648 2792 1769 2843; x_wconf 84' lang='lat' dir='ltr'><strong>nni-</strong></span> 
     </span>
    </p>
   </div>
   <div class='ocr_carea' id='block_1_36' title="bbox 192 2857 1768 2931">
    <p class='ocr_par' dir='ltr' id='par_1_36' title="bbox 192 2857 1768 2931">
     <span class='ocr_line' id='line_1_36' title="bbox 192 2857 1768 2931; baseline 0 -18"><span class='ocrx_word' id='word_1_252' title='bbox 192 2874 400 2913; x_wconf 73' lang='lat' dir='ltr'><strong>versum</strong></span> <span class='ocrx_word' id='word_1_253' title='bbox 424 2857 693 2922; x_wconf 85' lang='lat' dir='ltr'><strong>mundum,</strong></span> <span class='ocrx_word' id='word_1_254' title='bbox 721 2859 927 2911; x_wconf 78' lang='lat' dir='ltr'><strong>animae</strong></span> <span class='ocrx_word' id='word_1_255' title='bbox 972 2873 1090 2911; x_wconf 78' lang='lat' dir='ltr'><strong>vero</strong></span> <span class='ocrx_word' id='word_1_256' title='bbox 1137 2873 1260 2912; x_wconf 86' lang='lat' dir='ltr'><strong>suae</strong></span> <span class='ocrx_word' id='word_1_257' title='bbox 1299 2858 1655 2912; x_wconf 84' lang='lat' dir='ltr'><strong>detrimentum</strong></span> <span class='ocrx_word' id='word_1_258' title='bbox 1686 2863 1768 2931; x_wconf 77' lang='lat' dir='ltr'><strong>{a-</strong></span> 
     </span>
    </p>
   </div>
   <div class='ocr_carea' id='block_1_37' title="bbox 196 2931 342 2982">
    <p class='ocr_par' dir='ltr' id='par_1_37' title="bbox 196 2931 342 2982">
     <span class='ocr_line' id='line_1_37' title="bbox 196 2931 342 2982; baseline -0.027 0"><span class='ocrx_word' id='word_1_259' title='bbox 196 2931 342 2982; x_wconf 76' lang='lat' dir='ltr'><strong>ciet?</strong></span> 
     </span>
    </p>
   </div>
   <div class='ocr_carea' id='block_1_38' title="bbox 272 2996 1763 3067">
    <p class='ocr_par' dir='ltr' id='par_1_38' title="bbox 272 2996 1763 3067">
     <span class='ocr_line' id='line_1_38' title="bbox 272 2996 1763 3067; baseline 0.001 -18"><span class='ocrx_word' id='word_1_260' title='bbox 272 2996 401 3051; x_wconf 69' lang='lat'><strong>255.</strong></span> <span class='ocrx_word' id='word_1_261' title='bbox 446 2996 591 3062; x_wconf 84' lang='lat' dir='ltr'><strong>Quod</strong></span> <span class='ocrx_word' id='word_1_262' title='bbox 615 2997 819 3051; x_wconf 76' lang='lat' dir='ltr'><strong>eandem</strong></span> <span class='ocrx_word' id='word_1_263' title='bbox 851 3014 1064 3067; x_wconf 85' lang='lat' dir='ltr'><strong>poenam</strong></span> <span class='ocrx_word' id='word_1_264' title='bbox 1093 3013 1335 3066; x_wconf 86' lang='lat' dir='ltr'><strong>passurus</strong></span> <span class='ocrx_word' id='word_1_265' title='bbox 1362 2998 1431 3051; x_wconf 85' lang='lat' dir='ltr'><strong>sit</strong></span> <span class='ocrx_word' id='word_1_266' title='bbox 1460 3008 1763 3067; x_wconf 84' lang='lat' dir='ltr'><strong>accusator,</strong></span> 
     </span>
    </p>
   </div>
   <div class='ocr_carea' id='block_1_39' title="bbox 207 3068 1767 3139">
    <p class='ocr_par' dir='ltr' id='par_1_39' title="bbox 207 3068 1767 3139">
     <span class='ocr_line' id='line_1_39' title="bbox 207 3068 1767 3139; baseline 0.002 -19"><span class='ocrx_word' id='word_1_267' title='bbox 207 3068 252 3120; x_wconf 89' lang='lat' dir='ltr'><strong>si</strong></span> <span class='ocrx_word' id='word_1_268' title='bbox 282 3068 573 3139; x_wconf 71' lang='lat' dir='ltr'><strong>convincere</strong></span> <span class='ocrx_word' id='word_1_269' title='bbox 611 3078 902 3123; x_wconf 85' lang='lat' dir='ltr'><strong>accusatum</strong></span> <span class='ocrx_word' id='word_1_270' title='bbox 928 3085 1032 3122; x_wconf 88' lang='lat' dir='ltr'><strong>non</strong></span> <span class='ocrx_word' id='word_1_271' title='bbox 1061 3068 1300 3134; x_wconf 84' lang='lat' dir='ltr'><strong>potuerit,</strong></span> <span class='ocrx_word' id='word_1_272' title='bbox 1325 3084 1473 3134; x_wconf 80' lang='lat' dir='ltr'><strong>quam</strong></span> <span class='ocrx_word' id='word_1_273' title='bbox 1506 3086 1620 3122; x_wconf 86' lang='lat' dir='ltr'><strong>reus</strong></span> <span class='ocrx_word' id='word_1_274' title='bbox 1645 3086 1767 3139; x_wconf 83' lang='lat' dir='ltr'><strong>pas-</strong></span> 
     </span>
    </p>
   </div>
   <div class='ocr_carea' id='block_1_40' title="bbox 206 3136 1764 3208">
    <p class='ocr_par' dir='ltr' id='par_1_40' title="bbox 206 3136 1764 3208">
     <span class='ocr_line' id='line_1_40' title="bbox 206 3136 1764 3208; baseline 0.003 -19"><span class='ocrx_word' id='word_1_275' title='bbox 206 3153 354 3190; x_wconf 87' lang='lat' dir='ltr'><strong>surus</strong></span> <span class='ocrx_word' id='word_1_276' title='bbox 379 3149 504 3191; x_wconf 86' lang='lat' dir='ltr'><strong>erat.</strong></span> <span class='ocrx_word' id='word_1_277' title='bbox 546 3136 796 3201; x_wconf 84' lang='lat' dir='ltr'><strong>Poenam,</strong></span> <span class='ocrx_word' id='word_1_278' title='bbox 830 3154 988 3208; x_wconf 85' lang='lat' dir='ltr'><strong>quam</strong></span> <span class='ocrx_word' id='word_1_279' title='bbox 1019 3152 1141 3192; x_wconf 88' lang='lat' dir='ltr'><strong>rens</strong></span> <span class='ocrx_word' id='word_1_280' title='bbox 1164 3152 1418 3207; x_wconf 85' lang='lat' dir='ltr'><strong>passurus</strong></span> <span class='ocrx_word' id='word_1_281' title='bbox 1444 3148 1575 3199; x_wconf 86' lang='lat' dir='ltr'><strong>erat,</strong></span> <span class='ocrx_word' id='word_1_282' title='bbox 1605 3136 1764 3194; x_wconf 85' lang='lat' dir='ltr'><strong>accu-</strong></span> 
     </span>
    </p>
   </div>
   <div class='ocr_carea' id='block_1_41' title="bbox 201 3207 1762 3277">
    <p class='ocr_par' dir='ltr' id='par_1_41' title="bbox 201 3207 1762 3277">
     <span class='ocr_line' id='line_1_41' title="bbox 201 3207 1762 3277; baseline 0.003 -18"><span class='ocrx_word' id='word_1_283' title='bbox 201 3215 351 3277; x_wconf 72' lang='lat' dir='ltr'><strong>sator</strong></span> <span class='ocrx_word' id='word_1_284' title='bbox 395 3207 657 3275; x_wconf 71' lang='lat' dir='ltr'><strong>excipiat,</strong></span> <span class='ocrx_word' id='word_1_285' title='bbox 713 3208 759 3261; x_wconf 89' lang='lat' dir='ltr'><strong>si</strong></span> <span class='ocrx_word' id='word_1_286' title='bbox 804 3207 1126 3262; x_wconf 82' lang='lat' dir='ltr'><strong>convincere</strong></span> <span class='ocrx_word' id='word_1_287' title='bbox 1168 3223 1290 3263; x_wconf 87' lang='lat' dir='ltr'><strong>eum</strong></span> <span class='ocrx_word' id='word_1_288' title='bbox 1346 3224 1452 3260; x_wconf 87' lang='lat' dir='ltr'><strong>nott</strong></span> <span class='ocrx_word' id='word_1_289' title='bbox 1509 3212 1762 3277; x_wconf 84' lang='lat' dir='ltr'><strong>potuerit.</strong></span> 
     </span>
    </p>
   </div>
   <div class='ocr_carea' id='block_1_42' title="bbox 196 3273 1764 3348">
    <p class='ocr_par' dir='ltr' id='par_1_42' title="bbox 196 3273 1764 3348">
     <span class='ocr_line' id='line_1_42' title="bbox 196 3273 1764 3348; baseline 0.004 -19"><span class='ocrx_word' id='word_1_290' title='bbox 196 3273 367 3348; x_wconf 77' lang='lat' dir='ltr'><strong>Nemo</strong></span> <span class='ocrx_word' id='word_1_291' title='bbox 398 3273 569 3345; x_wconf 81' lang='lat' dir='ltr'><strong>potest</strong></span> <span class='ocrx_word' id='word_1_292' title='bbox 605 3277 902 3348; x_wconf 78' lang='lat' dir='ltr'><strong>debitorem</strong></span> <span class='ocrx_word' id='word_1_293' title='bbox 952 3278 1068 3347; x_wconf 88' lang='lat' dir='ltr'><strong>plus</strong></span> <span class='ocrx_word' id='word_1_294' title='bbox 1100 3292 1417 3346; x_wconf 74' lang='lat' dir='ltr'><strong>agnoscere,</strong></span> <span class='ocrx_word' id='word_1_295' title='bbox 1453 3273 1614 3348; x_wconf 83' lang='lat' dir='ltr'><strong>quam</strong></span> <span class='ocrx_word' id='word_1_296' title='bbox 1654 3281 1764 3347; x_wconf 89' lang='lat' dir='ltr'><strong>ille,</strong></span> 
     </span>
    </p>
   </div>
   <div class='ocr_carea' id='block_1_43' title="bbox 191 3347 1161 3416">
    <p class='ocr_par' dir='ltr' id='par_1_43' title="bbox 191 3347 1161 3416">
     <span class='ocr_line' id='line_1_43' title="bbox 191 3347 1161 3416; baseline 0.002 -17"><span class='ocrx_word' id='word_1_297' title='bbox 191 3347 285 3416; x_wconf 90' lang='lat' dir='ltr'><strong>qui</strong></span> <span class='ocrx_word' id='word_1_298' title='bbox 307 3348 541 3416; x_wconf 80' lang='lat' dir='ltr'><strong>iniuriae</strong></span> <span class='ocrx_word' id='word_1_299' title='bbox 568 3347 822 3402; x_wconf 84' lang='lat' dir='ltr'><strong>sustinuit</strong></span> <span class='ocrx_word' id='word_1_300' title='bbox 849 3348 1161 3416; x_wconf 90' lang='lat' dir='ltr'><strong>nequitiam.</strong></span> 
     </span>
    </p>
   </div>
   <div class='ocr_carea' id='block_1_44' title="bbox 262 3415 1765 3488">
    <p class='ocr_par' dir='ltr' id='par_1_44' title="bbox 262 3415 1765 3488">
     <span class='ocr_line' id='line_1_44' title="bbox 262 3415 1765 3488; baseline 0.003 -20"><span class='ocrx_word' id='word_1_301' title='bbox 262 3415 387 3469; x_wconf 60' lang='grc' dir='ltr'><strong>εει.</strong></span> <span class='ocrx_word' id='word_1_302' title='bbox 432 3415 581 3481; x_wconf 84' lang='lat' dir='ltr'><strong>Quod</strong></span> <span class='ocrx_word' id='word_1_303' title='bbox 618 3418 851 3487; x_wconf 86' lang='lat' dir='ltr'><strong>prolator</strong></span> <span class='ocrx_word' id='word_1_304' title='bbox 882 3415 1192 3487; x_wconf 60' lang='lat' dir='ltr'><strong>scripturam</strong></span> <span class='ocrx_word' id='word_1_305' title='bbox 1238 3418 1520 3488; x_wconf 72' lang='lat' dir='ltr'><strong>adfirmare</strong></span> <span class='ocrx_word' id='word_1_306' title='bbox 1567 3418 1765 3473; x_wconf 80' lang='lat' dir='ltr'><strong>debeat.</strong></span> 
     </span>
    </p>
   </div>
   <div class='ocr_carea' id='block_1_45' title="bbox 190 3486 1768 3557">
    <p class='ocr_par' dir='ltr' id='par_1_45' title="bbox 190 3486 1768 3557">
     <span class='ocr_line' id='line_1_45' title="bbox 190 3486 1768 3557; baseline 0.003 -18"><span class='ocrx_word' id='word_1_307' title='bbox 190 3486 462 3539; x_wconf 65' lang='lat' dir='ltr'><strong>Strtutum</strong></span> <span class='ocrx_word' id='word_1_308' title='bbox 495 3486 697 3551; x_wconf 38' lang='lat' dir='ltr'><strong>est,&#39;nt</strong></span> <span class='ocrx_word' id='word_1_309' title='bbox 723 3488 1042 3557; x_wconf 79' lang='lat' dir='ltr'><strong>scripturam</strong></span> <span class='ocrx_word' id='word_1_310' title='bbox 1074 3486 1315 3556; x_wconf 81' lang='lat' dir='ltr'><strong>prolator</strong></span> <span class='ocrx_word' id='word_1_311' title='bbox 1343 3488 1609 3544; x_wconf 80' lang='lat' dir='ltr'><strong>adﬁrmet.</strong></span> <span class='ocrx_word' id='word_1_312' title='bbox 1636 3490 1768 3543; x_wconf 82' lang='lat' dir='ltr'><strong>Nam</strong></span> 
     </span>
    </p>
   </div>
   <div class='ocr_carea' id='block_1_46' title="bbox 189 3557 1771 3627">
    <p class='ocr_par' dir='ltr' id='par_1_46' title="bbox 189 3557 1771 3627">
     <span class='ocr_line' id='line_1_46' title="bbox 189 3557 1771 3627; baseline 0.003 -18"><span class='ocrx_word' id='word_1_313' title='bbox 189 3557 235 3610; x_wconf 81' lang='lat' dir='ltr'><strong>si</strong></span> <span class='ocrx_word' id='word_1_314' title='bbox 270 3558 335 3627; x_wconf 82' lang='lat' dir='ltr'><strong>is,</strong></span> <span class='ocrx_word' id='word_1_315' title='bbox 365 3558 455 3626; x_wconf 88' lang='lat' dir='ltr'><strong>qui</strong></span> <span class='ocrx_word' id='word_1_316' title='bbox 500 3559 819 3627; x_wconf 69' lang='lat' dir='ltr'><strong>scripturam</strong></span> <span class='ocrx_word' id='word_1_317' title='bbox 857 3558 1098 3627; x_wconf 85' lang='lat' dir='ltr'><strong>protulit,</strong></span> <span class='ocrx_word' id='word_1_318' title='bbox 1128 3558 1244 3611; x_wconf 81' lang='lat' dir='ltr'><strong>cius</strong></span> <span class='ocrx_word' id='word_1_319' title='bbox 1291 3575 1397 3612; x_wconf 91' lang='lat' dir='ltr'><strong>non</strong></span> <span class='ocrx_word' id='word_1_320' title='bbox 1443 3560 1771 3615; x_wconf 80' lang='lat' dir='ltr'><strong>adstruxerit</strong></span> 
     </span>
    </p>
   </div>
   <div class='ocr_carea' id='block_1_47' title="bbox 191 3626 1563 3691">
    <p class='ocr_par' dir='ltr' id='par_1_47' title="bbox 191 3626 1563 3691">
     <span class='ocr_line' id='line_1_47' title="bbox 191 3626 1563 3691; baseline 0.003 -11"><span class='ocrx_word' id='word_1_321' title='bbox 191 3626 494 3691; x_wconf 81' lang='lat' dir='ltr'><strong>veritatem,</strong></span> <span class='ocrx_word' id='word_1_322' title='bbox 523 3638 582 3681; x_wconf 90' lang='lat' dir='ltr'><strong>ut</strong></span> <span class='ocrx_word' id='word_1_323' title='bbox 606 3626 1021 3682; x_wconf 81' lang='lat' dir='ltr'><strong>falsitatisreum</strong></span> <span class='ocrx_word' id='word_1_324' title='bbox 1052 3643 1170 3681; x_wconf 86' lang='lat' dir='ltr'><strong>esse</strong></span> <span class='ocrx_word' id='word_1_325' title='bbox 1193 3629 1563 3684; x_wconf 81' lang='lat' dir='ltr'><strong>detinendam.</strong></span> 
     </span>
    </p>
   </div>
   <div class='ocr_carea' id='block_1_48' title="bbox 260 3694 1770 3769">
    <p class='ocr_par' dir='ltr' id='par_1_48' title="bbox 260 3694 1770 3769">
     <span class='ocr_line' id='line_1_48' title="bbox 260 3694 1770 3769; baseline 0.003 -20"><span class='ocrx_word' id='word_1_326' title='bbox 260 3694 389 3751; x_wconf 72' lang='grc'><strong>255.</strong></span> <span class='ocrx_word' id='word_1_327' title='bbox 424 3696 504 3769; x_wconf 56' lang='grc' dir='ltr'><strong>Π(</strong></span> <span class='ocrx_word' id='word_1_328' title='bbox 525 3715 697 3769; x_wconf 88' lang='lat' dir='ltr'><strong>omnes</strong></span> <span class='ocrx_word' id='word_1_329' title='bbox 730 3697 906 3763; x_wconf 80' lang='lat' dir='ltr'><strong>ﬁdeles</strong></span> <span class='ocrx_word' id='word_1_330' title='bbox 944 3698 1051 3751; x_wconf 88' lang='lat' dir='ltr'><strong>suis</strong></span> <span class='ocrx_word' id='word_1_331' title='bbox 1088 3699 1343 3767; x_wconf 80' lang='lat' dir='ltr'><strong>episwpis</strong></span> <span class='ocrx_word' id='word_1_332' title='bbox 1364 3699 1588 3769; x_wconf 83' lang='lat' dir='ltr'><strong>ﬁdeliter</strong></span> <span class='ocrx_word' id='word_1_333' title='bbox 1612 3699 1770 3754; x_wconf 78' lang='lat' dir='ltr'><strong>altae-</strong></span> 
     </span>
    </p>
   </div>
   <div class='ocr_carea' id='block_1_49' title="bbox 190 3766 1769 3835">
    <p class='ocr_par' dir='ltr' id='par_1_49' title="bbox 190 3766 1769 3835">
     <span class='ocr_line' id='line_1_49' title="bbox 190 3766 1769 3835; baseline 0.003 -16"><span class='ocrx_word' id='word_1_334' title='bbox 190 3769 361 3821; x_wconf 85' lang='lat' dir='ltr'><strong>diant.</strong></span> <span class='ocrx_word' id='word_1_335' title='bbox 409 3766 509 3834; x_wconf 87' lang='lat' dir='ltr'><strong>Qui</strong></span> <span class='ocrx_word' id='word_1_336' title='bbox 554 3768 865 3835; x_wconf 68' lang='lat' dir='ltr'><strong>episcopum</strong></span> <span class='ocrx_word' id='word_1_337' title='bbox 908 3783 1061 3822; x_wconf 88' lang='lat' dir='ltr'><strong>suum</strong></span> <span class='ocrx_word' id='word_1_338' title='bbox 1092 3766 1323 3823; x_wconf 84' lang='lat' dir='ltr'><strong>noluerit</strong></span> <span class='ocrx_word' id='word_1_339' title='bbox 1352 3766 1559 3833; x_wconf 86' lang='lat' dir='ltr'><strong>audire,</strong></span> <span class='ocrx_word' id='word_1_340' title='bbox 1590 3777 1645 3823; x_wconf 90' lang='lat' dir='ltr'><strong>et</strong></span> <span class='ocrx_word' id='word_1_341' title='bbox 1671 3785 1769 3824; x_wconf 85' lang='lat' dir='ltr'><strong>ex-</strong></span> 
     </span>
    </p>
   </div>
   <div class='ocr_carea' id='block_1_50' title="bbox 187 3836 1770 3909">
    <p class='ocr_par' dir='ltr' id='par_1_50' title="bbox 187 3836 1770 3909">
     <span class='ocr_line' id='line_1_50' title="bbox 187 3836 1770 3909; baseline 0.001 -18"><span class='ocrx_word' id='word_1_342' title='bbox 187 3838 621 3909; x_wconf 80' lang='lat' dir='ltr'><strong>communicatus</strong></span> <span class='ocrx_word' id='word_1_343' title='bbox 670 3836 829 3909; x_wconf 81' lang='lat' dir='ltr'><strong>fuerit</strong></span> <span class='ocrx_word' id='word_1_344' title='bbox 874 3845 929 3891; x_wconf 88' lang='lat' dir='ltr'><strong>et</strong></span> <span class='ocrx_word' id='word_1_345' title='bbox 979 3840 1273 3909; x_wconf 84' lang='lat' dir='ltr'><strong>renuuerit,</strong></span> <span class='ocrx_word' id='word_1_346' title='bbox 1317 3854 1605 3909; x_wconf 58' lang='lat' dir='ltr'><strong>perennem</strong></span> <span class='ocrx_word' id='word_1_347' title='bbox 1634 3854 1770 3894; x_wconf 87' lang='lat' dir='ltr'><strong>con-</strong></span> 
     </span>
    </p>
   </div>
   <div class='ocr_carea' id='block_1_51' title="bbox 191 3907 1773 3978">
    <p class='ocr_par' dir='ltr' id='par_1_51' title="bbox 191 3907 1773 3978">
     <span class='ocr_line' id='line_1_51' title="bbox 191 3907 1773 3978; baseline 0.003 -17"><span class='ocrx_word' id='word_1_348' title='bbox 191 3907 596 3962; x_wconf 86' lang='lat' dir='ltr'><strong>demnationem</strong></span> <span class='ocrx_word' id='word_1_349' title='bbox 627 3908 1004 3977; x_wconf 87' lang='lat' dir='ltr'><strong>episcoporum</strong></span> <span class='ocrx_word' id='word_1_350' title='bbox 1037 3907 1175 3975; x_wconf 90' lang='lat' dir='ltr'><strong>apud</strong></span> <span class='ocrx_word' id='word_1_351' title='bbox 1206 3907 1370 3963; x_wconf 83' lang='lat' dir='ltr'><strong>Deum</strong></span> <span class='ocrx_word' id='word_1_352' title='bbox 1401 3910 1682 3978; x_wconf 79' lang='lat' dir='ltr'><strong>sustineat,</strong></span> <span class='ocrx_word' id='word_1_353' title='bbox 1715 3918 1773 3965; x_wconf 88' lang='lat' dir='ltr'><strong>et</strong></span> 
     </span>
    </p>
   </div>
   <div class='ocr_carea' id='block_1_52' title="bbox 191 3978 1771 4046">
    <p class='ocr_par' dir='ltr' id='par_1_52' title="bbox 191 3978 1771 4046">
     <span class='ocr_line' id='line_1_52' title="bbox 191 3978 1771 4046; baseline 0.004 -16"><span class='ocrx_word' id='word_1_354' title='bbox 191 3978 420 4045; x_wconf 83' lang='lat' dir='ltr'><strong>insuper</strong></span> <span class='ocrx_word' id='word_1_355' title='bbox 447 3992 476 4030; x_wconf 88' lang='lat' dir='ltr'><strong>a</strong></span> <span class='ocrx_word' id='word_1_356' title='bbox 520 3979 716 4044; x_wconf 56' lang='lat' dir='ltr'><strong>palatzo</strong></span> <span class='ocrx_word' id='word_1_357' title='bbox 759 3986 944 4033; x_wconf 89' lang='lat' dir='ltr'><strong>nostro</strong></span> <span class='ocrx_word' id='word_1_358' title='bbox 971 3978 1042 4031; x_wconf 86' lang='lat' dir='ltr'><strong>sit</strong></span> <span class='ocrx_word' id='word_1_359' title='bbox 1084 3979 1303 4034; x_wconf 91' lang='lat' dir='ltr'><strong>omnino</strong></span> <span class='ocrx_word' id='word_1_360' title='bbox 1356 3989 1665 4046; x_wconf 84' lang='lat' dir='ltr'><strong>extraneos,</strong></span> <span class='ocrx_word' id='word_1_361' title='bbox 1716 3989 1771 4036; x_wconf 88' lang='lat' dir='ltr'><strong>et</strong></span> 
     </span>
    </p>
   </div>
   <div class='ocr_carea' id='block_1_53' title="bbox 194 4046 1770 4125">
    <p class='ocr_par' dir='ltr' id='par_1_53' title="bbox 194 4046 1770 4125">
     <span class='ocr_line' id='line_1_53' title="bbox 194 4046 1770 4125; baseline 0.004 -25"><span class='ocrx_word' id='word_1_362' title='bbox 194 4061 391 4125; x_wconf 80' lang='lat' dir='ltr'><strong>omnes</strong></span> <span class='ocrx_word' id='word_1_363' title='bbox 420 4046 701 4104; x_wconf 79' lang='lat' dir='ltr'><strong>facultates</strong></span> <span class='ocrx_word' id='word_1_364' title='bbox 738 4046 854 4103; x_wconf 88' lang='lat' dir='ltr'><strong>cius</strong></span> <span class='ocrx_word' id='word_1_365' title='bbox 882 4050 946 4101; x_wconf 86' lang='lat' dir='ltr'><strong>ad</strong></span> <span class='ocrx_word' id='word_1_366' title='bbox 993 4048 1259 4115; x_wconf 85' lang='lat' dir='ltr'><strong>legitimos</strong></span> <span class='ocrx_word' id='word_1_367' title='bbox 1302 4059 1551 4119; x_wconf 86' lang='lat' dir='ltr'><strong>parentes</strong></span> <span class='ocrx_word' id='word_1_368' title='bbox 1578 4065 1770 4119; x_wconf 88' lang='lat' dir='ltr'><strong>pervc-</strong></span> 
     </span>
    </p>
   </div>
   <div class='ocr_carea' id='block_1_54' title="bbox 193 4125 370 4170">
    <p class='ocr_par' dir='ltr' id='par_1_54' title="bbox 193 4125 370 4170">
     <span class='ocr_line' id='line_1_54' title="bbox 193 4125 370 4170; baseline -0.006 0"><span class='ocrx_word' id='word_1_369' title='bbox 193 4125 370 4170; x_wconf 79' lang='lat' dir='ltr'><strong>munt.</strong></span> 
     </span>
    </p>
   </div>
   <div class='ocr_carea' id='block_1_55' title="bbox 263 4184 1774 4258">
    <p class='ocr_par' dir='ltr' id='par_1_55' title="bbox 263 4184 1774 4258">
     <span class='ocr_line' id='line_1_55' title="bbox 263 4184 1774 4258; baseline 0.006 -19"><span class='ocrx_word' id='word_1_370' title='bbox 263 4184 394 4258; x_wconf 66' lang='grc'><strong>256.</strong></span> <span class='ocrx_word' id='word_1_371' title='bbox 423 4185 513 4258; x_wconf 85' lang='lat' dir='ltr'><strong>De</strong></span> <span class='ocrx_word' id='word_1_372' title='bbox 538 4185 804 4241; x_wconf 60' lang='lat' dir='ltr'><strong>Itomiqidis</strong></span> <span class='ocrx_word' id='word_1_373' title='bbox 840 4186 962 4258; x_wconf 87' lang='lat' dir='ltr'><strong>quid</strong></span> <span class='ocrx_word' id='word_1_374' title='bbox 988 4187 1240 4257; x_wconf 87' lang='lat' dir='ltr'><strong>agendum</strong></span> <span class='ocrx_word' id='word_1_375' title='bbox 1268 4188 1353 4243; x_wconf 90' lang='lat' dir='ltr'><strong>sit.</strong></span> <span class='ocrx_word' id='word_1_376' title='bbox 1383 4187 1457 4245; x_wconf 89' lang='lat' dir='ltr'><strong>De</strong></span> <span class='ocrx_word' id='word_1_377' title='bbox 1486 4190 1774 4249; x_wconf 85' lang='lat' dir='ltr'><strong>homicidis</strong></span> 
     </span>
    </p>
   </div>
   <div class='ocr_carea' id='block_1_56' title="bbox 192 4255 1771 4329">
    <p class='ocr_par' dir='ltr' id='par_1_56' title="bbox 192 4255 1771 4329">
     <span class='ocr_line' id='line_1_56' title="bbox 192 4255 1771 4329; baseline 0.006 -22"><span class='ocrx_word' id='word_1_378' title='bbox 192 4255 269 4329; x_wconf 74' lang='lat' dir='ltr'><strong>ita</strong></span> <span class='ocrx_word' id='word_1_379' title='bbox 305 4255 555 4329; x_wconf 81' lang='lat' dir='ltr'><strong>iussimus</strong></span> <span class='ocrx_word' id='word_1_380' title='bbox 583 4255 889 4317; x_wconf 82' lang='lat' dir='ltr'><strong>observare,</strong></span> <span class='ocrx_word' id='word_1_381' title='bbox 922 4255 1330 4329; x_wconf 18' lang='lat' dir='ltr'><strong>utiquicumque</strong></span> <span class='ocrx_word' id='word_1_382' title='bbox 1368 4274 1499 4314; x_wconf 88' lang='lat' dir='ltr'><strong>ausu</strong></span> <span class='ocrx_word' id='word_1_383' title='bbox 1542 4269 1771 4317; x_wconf 89' lang='lat' dir='ltr'><strong>temera-</strong></span> 
     </span>
    </p>
   </div>
   <div class='ocr_carea' id='block_1_57' title="bbox 191 4325 1772 4398">
    <p class='ocr_par' dir='ltr' id='par_1_57' title="bbox 191 4325 1772 4398">
     <span class='ocr_line' id='line_1_57' title="bbox 191 4325 1772 4398; baseline 0.006 -21"><span class='ocrx_word' id='word_1_384' title='bbox 191 4325 278 4378; x_wconf 84' lang='lat' dir='ltr'><strong>rio</strong></span> <span class='ocrx_word' id='word_1_385' title='bbox 309 4326 472 4381; x_wconf 89' lang='lat' dir='ltr'><strong>alium</strong></span> <span class='ocrx_word' id='word_1_386' title='bbox 515 4327 629 4398; x_wconf 85' lang='lat' dir='ltr'><strong>sine</strong></span> <span class='ocrx_word' id='word_1_387' title='bbox 657 4340 815 4398; x_wconf 78' lang='lat' dir='ltr'><strong>causa</strong></span> <span class='ocrx_word' id='word_1_388' title='bbox 847 4326 1136 4398; x_wconf 74' lang='lat' dir='ltr'><strong>occiderit,</strong></span> <span class='ocrx_word' id='word_1_389' title='bbox 1160 4325 1302 4383; x_wconf 75' lang='lat' dir='ltr'><strong>vitae</strong></span> <span class='ocrx_word' id='word_1_390' title='bbox 1344 4331 1580 4398; x_wconf 77' lang='lat' dir='ltr'><strong>periculo</strong></span> <span class='ocrx_word' id='word_1_391' title='bbox 1610 4330 1772 4387; x_wconf 82' lang='lat' dir='ltr'><strong>feria-</strong></span> 
     </span>
    </p>
   </div>
   <div class='ocr_carea' id='block_1_58' title="bbox 192 4396 1775 4468">
    <p class='ocr_par' dir='ltr' id='par_1_58' title="bbox 192 4396 1775 4468">
     <span class='ocr_line' id='line_1_58' title="bbox 192 4396 1775 4468; baseline 0.008 -22"><span class='ocrx_word' id='word_1_392' title='bbox 192 4402 285 4468; x_wconf 83' lang='lat' dir='ltr'><strong>tur</strong></span> <span class='ocrx_word' id='word_1_393' title='bbox 315 4404 368 4447; x_wconf 89' lang='lat' dir='ltr'><strong>et</strong></span> <span class='ocrx_word' id='word_1_394' title='bbox 408 4396 579 4468; x_wconf 86' lang='lat' dir='ltr'><strong>pretio</strong></span> <span class='ocrx_word' id='word_1_395' title='bbox 626 4397 771 4451; x_wconf 89' lang='lat' dir='ltr'><strong>nullo</strong></span> <span class='ocrx_word' id='word_1_396' title='bbox 798 4411 871 4468; x_wconf 77' lang='lat' dir='ltr'><strong>se</strong></span> <span class='ocrx_word' id='word_1_397' title='bbox 900 4396 1165 4468; x_wconf 78' lang='lat' dir='ltr'><strong>redimere</strong></span> <span class='ocrx_word' id='word_1_398' title='bbox 1196 4396 1445 4468; x_wconf 84' lang='lat' dir='ltr'><strong>umquam</strong></span> <span class='ocrx_word' id='word_1_399' title='bbox 1475 4400 1671 4455; x_wconf 86' lang='lat' dir='ltr'><strong>valeat.</strong></span> <span class='ocrx_word' id='word_1_400' title='bbox 1704 4400 1775 4459; x_wconf 85' lang='lat' dir='ltr'><strong>Et</strong></span> 
     </span>
    </p>
   </div>
   <div class='ocr_carea' id='block_1_59' title="bbox 184 4465 1773 4538">
    <p class='ocr_par' dir='ltr' id='par_1_59' title="bbox 184 4465 1773 4538">
     <span class='ocr_line' id='line_1_59' title="bbox 184 4465 1773 4538; baseline 0.008 -23"><span class='ocrx_word' id='word_1_401' title='bbox 184 4466 237 4538; x_wconf 72' lang='lat' dir='ltr'><strong>si</strong></span> <span class='ocrx_word' id='word_1_402' title='bbox 269 4467 610 4538; x_wconf 74' lang='lat' dir='ltr'><strong>convenerit,</strong></span> <span class='ocrx_word' id='word_1_403' title='bbox 642 4474 702 4519; x_wconf 93' lang='lat' dir='ltr'><strong>ut</strong></span> <span class='ocrx_word' id='word_1_404' title='bbox 747 4465 813 4519; x_wconf 90' lang='lat' dir='ltr'><strong>ad</strong></span> <span class='ocrx_word' id='word_1_405' title='bbox 840 4466 1266 4538; x_wconf 82' lang='lat' dir='ltr'><strong>conpositionem</strong></span> <span class='ocrx_word' id='word_1_406' title='bbox 1295 4465 1521 4538; x_wconf 79' lang='lat' dir='ltr'><strong>quisque</strong></span> <span class='ocrx_word' id='word_1_407' title='bbox 1548 4470 1773 4527; x_wconf 85' lang='lat' dir='ltr'><strong>descen-</strong></span> 
     </span>
    </p>
   </div>
   <div class='ocr_carea' id='block_1_60' title="bbox 632 366 2960 427">
    <p class='ocr_par' dir='ltr' id='par_1_60' title="bbox 632 366 2960 427">
     <span class='ocr_line' id='line_1_60' title="bbox 632 366 2960 427; baseline 0.001 -5"><span class='ocrx_word' id='word_1_408' title='bbox 632 367 784 423; x_wconf 86' lang='lat' dir='ltr'><strong>COD.</strong></span> <span class='ocrx_word' id='word_1_409' title='bbox 829 367 1098 423; x_wconf 79' lang='lat' dir='ltr'><strong>DlPLOM.</strong></span> <span class='ocrx_word' id='word_1_410' title='bbox 1137 398 1209 407; x_wconf 91' lang='lat'><strong>——</strong></span> <span class='ocrx_word' id='word_1_411' title='bbox 1243 366 1599 424; x_wconf 80' lang='lat' dir='ltr'><strong>BENEDICTI</strong></span> <span class='ocrx_word' id='word_1_412' title='bbox 1640 366 2153 424; x_wconf 63' lang='lat' dir='ltr'><strong>GAPITULARIIIM</strong></span> <span class='ocrx_word' id='word_1_413' title='bbox 2189 370 2584 427; x_wconf 80' lang='lat' dir='ltr'><strong>COLLECTIO.</strong></span> <span class='ocrx_word' id='word_1_414' title='bbox 2616 403 2683 411; x_wconf 98' lang='lat'><strong>—</strong></span> <span class='ocrx_word' id='word_1_415' title='bbox 2713 373 2838 427; x_wconf 78' lang='lat' dir='ltr'><strong>LIB.</strong></span> <span class='ocrx_word' id='word_1_416' title='bbox 2878 373 2960 427; x_wconf 90' lang='lat' dir='ltr'><strong>Ill.</strong></span> 
     </span>
    </p>
   </div>
   <div class='ocr_carea' id='block_1_61' title="bbox 1794 3174 1841 3236">
    <p class='ocr_par' dir='ltr' id='par_1_61' title="bbox 1794 3174 1841 3236">
     <span class='ocr_line' id='line_1_61' title="bbox 1794 3174 1841 3236; baseline 0 0"><span class='ocrx_word' id='word_1_417' title='bbox 1794 3174 1841 3236; x_wconf 88' lang='lat' dir='ltr'><strong><em>C</em></strong></span> 
     </span>
    </p>
   </div>
   <div class='ocr_carea' id='block_1_62' title="bbox 3327 373 3431 426">
    <p class='ocr_par' dir='ltr' id='par_1_62' title="bbox 3327 373 3431 426">
     <span class='ocr_line' id='line_1_62' title="bbox 3327 373 3431 426; baseline 0 0"><span class='ocrx_word' id='word_1_418' title='bbox 3327 373 3431 426; x_wconf 69' lang='lat'><strong>8&#39;50</strong></span> 
     </span>
    </p>
   </div>
   <div class='ocr_carea' id='block_1_63' title="bbox 2001 478 3433 557">
    <p class='ocr_par' dir='ltr' id='par_1_63' title="bbox 2001 478 3433 557">
     <span class='ocr_line' id='line_1_63' title="bbox 2001 478 3433 557; baseline 0.006 -26"><span class='ocrx_word' id='word_1_419' title='bbox 2001 478 2051 532; x_wconf 80' lang='lat'><strong>8.</strong></span> <span class='ocrx_word' id='word_1_420' title='bbox 2096 480 2171 557; x_wconf 64' lang='lat' dir='ltr'><strong>pe</strong></span> <span class='ocrx_word' id='word_1_421' title='bbox 2211 484 2416 538; x_wconf 65' lang='lat' dir='ltr'><strong>incestis</strong></span> <span class='ocrx_word' id='word_1_422' title='bbox 2464 485 2588 553; x_wconf 85' lang='lat' dir='ltr'><strong>quid</strong></span> <span class='ocrx_word' id='word_1_423' title='bbox 2642 486 2903 557; x_wconf 81' lang='lat' dir='ltr'><strong>agendum</strong></span> <span class='ocrx_word' id='word_1_424' title='bbox 2944 488 3030 539; x_wconf 84' lang='lat' dir='ltr'><strong>sit.</strong></span> <span class='ocrx_word' id='word_1_425' title='bbox 3068 484 3142 557; x_wconf 87' lang='lat' dir='ltr'><strong>_Ut</strong></span> <span class='ocrx_word' id='word_1_426' title='bbox 3171 484 3433 557; x_wconf 75' lang='lat' dir='ltr'><strong>incestum</strong></span> 
     </span>
    </p>
   </div>
   <div class='ocr_carea' id='block_1_64' title="bbox 1858 550 3433 623">
    <p class='ocr_par' dir='ltr' id='par_1_64' title="bbox 1858 550 3433 623">
     <span class='ocr_line' id='line_1_64' title="bbox 1858 550 3433 623; baseline 0.006 -24"><span class='ocrx_word' id='word_1_427' title='bbox 1858 550 2033 623; x_wconf 67' lang='lat' dir='ltr'><strong>nullus</strong></span> <span class='ocrx_word' id='word_1_428' title='bbox 2067 552 2163 623; x_wconf 86' lang='lat' dir='ltr'><strong>sibi</strong></span> <span class='ocrx_word' id='word_1_429' title='bbox 2195 569 2445 621; x_wconf 74' lang='lat' dir='ltr'><strong>trnquam</strong></span> <span class='ocrx_word' id='word_1_430' title='bbox 2476 550 2648 609; x_wconf 52' lang='lat' dir='ltr'><strong>Societ</strong></span> <span class='ocrx_word' id='word_1_431' title='bbox 2674 550 3021 623; x_wconf 54' lang='lat' dir='ltr'><strong>&#39;coniugiutn.</strong></span> <span class='ocrx_word' id='word_1_432' title='bbox 3052 554 3205 618; x_wconf 86' lang='lat' dir='ltr'><strong>Quod</strong></span> <span class='ocrx_word' id='word_1_433' title='bbox 3232 555 3276 608; x_wconf 93' lang='lat' dir='ltr'><strong>si</strong></span> <span class='ocrx_word' id='word_1_434' title='bbox 3308 571 3433 609; x_wconf 63' lang='lat' dir='ltr'><strong>conc</strong></span> 
     </span>
    </p>
   </div>
   <div class='ocr_carea' id='block_1_65' title="bbox 1859 617 3434 692">
    <p class='ocr_par' dir='ltr' id='par_1_65' title="bbox 1859 617 3434 692">
     <span class='ocr_line' id='line_1_65' title="bbox 1859 617 3434 692; baseline 0.006 -23"><span class='ocrx_word' id='word_1_435' title='bbox 1859 617 2061 684; x_wconf 81' lang='lat' dir='ltr'><strong>tigerit,</strong></span> <span class='ocrx_word' id='word_1_436' title='bbox 2095 621 2163 675; x_wconf 85' lang='lat' dir='ltr'><strong>ab</strong></span> <span class='ocrx_word' id='word_1_437' title='bbox 2185 617 2435 691; x_wconf 75' lang='lat' dir='ltr'><strong>episcopo</strong></span> <span class='ocrx_word' id='word_1_438' title='bbox 2458 623 2559 678; x_wconf 83' lang='lat' dir='ltr'><strong>luci</strong></span> <span class='ocrx_word' id='word_1_439' title='bbox 2584 625 2723 679; x_wconf 89' lang='lat' dir='ltr'><strong>illius</strong></span> <span class='ocrx_word' id='word_1_440' title='bbox 2742 617 3053 692; x_wconf 68' lang='lat' dir='ltr'><strong>separentur</strong></span> <span class='ocrx_word' id='word_1_441' title='bbox 3076 617 3138 679; x_wconf 81' lang='lat' dir='ltr'><strong>et</strong></span> <span class='ocrx_word' id='word_1_442' title='bbox 3169 626 3434 691; x_wconf 86' lang='lat' dir='ltr'><strong>publicam</strong></span> 
     </span>
    </p>
   </div>
   <div class='ocr_carea' id='block_1_66' title="bbox 1858 693 3438 762">
    <p class='ocr_par' dir='ltr' id='par_1_66' title="bbox 1858 693 3438 762">
     <span class='ocr_line' id='line_1_66' title="bbox 1858 693 3438 762; baseline 0.007 -23"><span class='ocrx_word' id='word_1_443' title='bbox 1858 698 2061 762; x_wconf 77' lang='lat' dir='ltr'><strong>septem</strong></span> <span class='ocrx_word' id='word_1_444' title='bbox 2085 706 2344 762; x_wconf 88' lang='lat' dir='ltr'><strong>annorum</strong></span> <span class='ocrx_word' id='word_1_445' title='bbox 2378 694 2518 747; x_wconf 77' lang='lat' dir='ltr'><strong>iuxta</strong></span> <span class='ocrx_word' id='word_1_446' title='bbox 2551 693 2841 749; x_wconf 85' lang='lat' dir='ltr'><strong>canonicos</strong></span> <span class='ocrx_word' id='word_1_447' title='bbox 2870 695 3063 762; x_wconf 85' lang='lat' dir='ltr'><strong>gradus</strong></span> <span class='ocrx_word' id='word_1_448' title='bbox 3090 695 3248 748; x_wconf 87' lang='lat' dir='ltr'><strong>ambo</strong></span> <span class='ocrx_word' id='word_1_449' title='bbox 3274 704 3438 762; x_wconf 81' lang='lat' dir='ltr'><strong>agant</strong></span> 
     </span>
    </p>
   </div>
   <div class='ocr_carea' id='block_1_67' title="bbox 1860 758 3433 833">
    <p class='ocr_par' dir='ltr' id='par_1_67' title="bbox 1860 758 3433 833">
     <span class='ocr_line' id='line_1_67' title="bbox 1860 758 3433 833; baseline 0.009 -27"><span class='ocrx_word' id='word_1_450' title='bbox 1860 758 2261 833; x_wconf 69' lang='lat' dir='ltr'><strong>paenitentiam.</strong></span> <span class='ocrx_word' id='word_1_451' title='bbox 2357 765 2451 827; x_wconf 82' lang='lat' dir='ltr'><strong>Qui</strong></span> <span class='ocrx_word' id='word_1_452' title='bbox 2499 774 2675 818; x_wconf 90' lang='lat' dir='ltr'><strong>autem</strong></span> <span class='ocrx_word' id='word_1_453' title='bbox 2728 766 2831 819; x_wconf 91' lang='lat' dir='ltr'><strong>boc</strong></span> <span class='ocrx_word' id='word_1_454' title='bbox 2869 758 3029 833; x_wconf 77' lang='lat' dir='ltr'><strong>agere</strong></span> <span class='ocrx_word' id='word_1_455' title='bbox 3071 758 3341 819; x_wconf 79' lang='lat' dir='ltr'><strong>noluerint</strong></span> <span class='ocrx_word' id='word_1_456' title='bbox 3390 766 3433 831; x_wconf 85' lang='lat'><strong>&quot;,</strong></span> 
     </span>
    </p>
   </div>
   <div class='ocr_carea' id='block_1_68' title="bbox 1860 828 2938 890">
    <p class='ocr_par' dir='ltr' id='par_1_68' title="bbox 1860 828 2938 890">
     <span class='ocr_line' id='line_1_68' title="bbox 1860 828 2938 890; baseline 0.008 -9"><span class='ocrx_word' id='word_1_457' title='bbox 1860 828 1927 881; x_wconf 85' lang='lat' dir='ltr'><strong>ab</strong></span> <span class='ocrx_word' id='word_1_458' title='bbox 1956 831 2202 885; x_wconf 73' lang='lat' dir='ltr'><strong>omnibus</strong></span> <span class='ocrx_word' id='word_1_459' title='bbox 2230 839 2286 884; x_wconf 91' lang='lat' dir='ltr'><strong>ut</strong></span> <span class='ocrx_word' id='word_1_460' title='bbox 2314 833 2596 888; x_wconf 85' lang='lat' dir='ltr'><strong>anathema</strong></span> <span class='ocrx_word' id='word_1_461' title='bbox 2624 828 2938 890; x_wconf 69' lang='lat' dir='ltr'><strong>habeantur.</strong></span> 
     </span>
    </p>
   </div>
   <div class='ocr_carea' id='block_1_69' title="bbox 1928 477 1999 530">
    <p class='ocr_par' dir='ltr' id='par_1_69' title="bbox 1928 477 1999 530">
     <span class='ocr_line' id='line_1_69' title="bbox 1928 477 1999 530; baseline 0.028 -2"><span class='ocrx_word' id='word_1_462' title='bbox 1928 477 1999 530; x_wconf 69' lang='lat'><strong>25</strong></span> 
     </span>
    </p>
   </div>
   <div class='ocr_carea' id='block_1_70' title="bbox 1929 939 3439 1016">
    <p class='ocr_par' dir='ltr' id='par_1_70' title="bbox 1929 939 3439 1016">
     <span class='ocr_line' id='line_1_70' title="bbox 1929 939 3439 1016; baseline 0.003 -22"><span class='ocrx_word' id='word_1_463' title='bbox 1929 939 2056 996; x_wconf 78' lang='lat'><strong>‘259.</strong></span> <span class='ocrx_word' id='word_1_464' title='bbox 2100 941 2179 995; x_wconf 87' lang='lat' dir='ltr'><strong>De</strong></span> <span class='ocrx_word' id='word_1_465' title='bbox 2205 943 2586 1016; x_wconf 82' lang='lat' dir='ltr'><strong>accusatoribus</strong></span> <span class='ocrx_word' id='word_1_466' title='bbox 2634 962 2737 1000; x_wconf 87' lang='lat' dir='ltr'><strong>non</strong></span> <span class='ocrx_word' id='word_1_467' title='bbox 2781 947 2935 1016; x_wconf 75' lang='lat' dir='ltr'><strong>facile</strong></span> <span class='ocrx_word' id='word_1_468' title='bbox 2976 945 3300 1014; x_wconf 80' lang='lat' dir='ltr'><strong>recipiendis,</strong></span> <span class='ocrx_word' id='word_1_469' title='bbox 3346 960 3439 998; x_wconf 88' lang='lat' dir='ltr'><strong>nec</strong></span> 
     </span>
    </p>
   </div>
   <div class='ocr_carea' id='block_1_71' title="bbox 1862 1011 3439 1087">
    <p class='ocr_par' dir='ltr' id='par_1_71' title="bbox 1862 1011 3439 1087">
     <span class='ocr_line' id='line_1_71' title="bbox 1862 1011 3439 1087; baseline 0.003 -24"><span class='ocrx_word' id='word_1_470' title='bbox 1862 1011 2050 1087; x_wconf 73' lang='lat' dir='ltr'><strong>absque</strong></span> <span class='ocrx_word' id='word_1_471' title='bbox 2096 1020 2269 1087; x_wconf 76' lang='lat' dir='ltr'><strong>certa_</strong></span> <span class='ocrx_word' id='word_1_472' title='bbox 2287 1011 2965 1087; x_wconf 73' lang='lat' dir='ltr'><strong>probatione&#39;qitibusquam</strong></span> <span class='ocrx_word' id='word_1_473' title='bbox 3016 1011 3310 1069; x_wconf 84' lang='lat' dir='ltr'><strong>iudicandis</strong></span> <span class='ocrx_word' id='word_1_474' title='bbox 3363 1021 3439 1068; x_wconf 81' lang='lat' dir='ltr'><strong>vel</strong></span> 
     </span>
    </p>
   </div>
   <div class='ocr_carea' id='block_1_72' title="bbox 1862 1082 3440 1154">
    <p class='ocr_par' dir='ltr' id='par_1_72' title="bbox 1862 1082 3440 1154">
     <span class='ocr_line' id='line_1_72' title="bbox 1862 1082 3440 1154; baseline 0.002 -21"><span class='ocrx_word' id='word_1_475' title='bbox 1862 1082 2191 1154; x_wconf 80' lang='lat' dir='ltr'><strong>damnandis.</strong></span> <span class='ocrx_word' id='word_1_476' title='bbox 2233 1083 2423 1138; x_wconf 83' lang='lat' dir='ltr'><strong>Omnia</strong></span> <span class='ocrx_word' id='word_1_477' title='bbox 2451 1086 2624 1153; x_wconf 88' lang='lat' dir='ltr'><strong>primo</strong></span> <span class='ocrx_word' id='word_1_478' title='bbox 2645 1082 2931 1151; x_wconf 76' lang='lat' dir='ltr'><strong>diligenter</strong></span> <span class='ocrx_word' id='word_1_479' title='bbox 2974 1095 3196 1140; x_wconf 90' lang='lat' dir='ltr'><strong>cunctos</strong></span> <span class='ocrx_word' id='word_1_480' title='bbox 3224 1094 3440 1154; x_wconf 86' lang='lat' dir='ltr'><strong>oportet</strong></span> 
     </span>
    </p>
   </div>
   <div class='ocr_carea' id='block_1_73' title="bbox 1864 1152 3440 1223">
    <p class='ocr_par' dir='ltr' id='par_1_73' title="bbox 1864 1152 3440 1223">
     <span class='ocr_line' id='line_1_73' title="bbox 1864 1152 3440 1223; baseline 0.001 -18"><span class='ocrx_word' id='word_1_481' title='bbox 1864 1152 2155 1220; x_wconf 85' lang='lat' dir='ltr'><strong>inquirere,</strong></span> <span class='ocrx_word' id='word_1_482' title='bbox 2190 1162 2248 1206; x_wconf 90' lang='lat' dir='ltr'><strong>ut</strong></span> <span class='ocrx_word' id='word_1_483' title='bbox 2272 1169 2395 1206; x_wconf 88' lang='lat' dir='ltr'><strong>cum</strong></span> <span class='ocrx_word' id='word_1_484' title='bbox 2426 1152 2626 1209; x_wconf 87' lang='lat' dir='ltr'><strong>iustitia</strong></span> <span class='ocrx_word' id='word_1_485' title='bbox 2654 1155 2995 1211; x_wconf 87' lang='lat' dir='ltr'><strong>dellniantur.</strong></span> <span class='ocrx_word' id='word_1_486' title='bbox 3032 1154 3219 1208; x_wconf 86' lang='lat' dir='ltr'><strong>Nullus</strong></span> <span class='ocrx_word' id='word_1_487' title='bbox 3245 1152 3440 1223; x_wconf 64' lang='lat' dir='ltr'><strong>quem.</strong></span> 
     </span>
    </p>
   </div>
   <div class='ocr_carea' id='block_1_74' title="bbox 1864 1223 3441 1292">
    <p class='ocr_par' dir='ltr' id='par_1_74' title="bbox 1864 1223 3441 1292">
     <span class='ocr_line' id='line_1_74' title="bbox 1864 1223 3441 1292; baseline 0.002 -20"><span class='ocrx_word' id='word_1_488' title='bbox 1864 1237 2022 1290; x_wconf 85' lang='lat' dir='ltr'><strong>quam</strong></span> <span class='ocrx_word' id='word_1_489' title='bbox 2053 1231 2178 1276; x_wconf 88' lang='lat' dir='ltr'><strong>ante</strong></span> <span class='ocrx_word' id='word_1_490' title='bbox 2225 1223 2422 1277; x_wconf 88' lang='lat' dir='ltr'><strong>iustum</strong></span> <span class='ocrx_word' id='word_1_491' title='bbox 2465 1225 2716 1279; x_wconf 88' lang='lat' dir='ltr'><strong>indicium</strong></span> <span class='ocrx_word' id='word_1_492' title='bbox 2746 1224 2981 1289; x_wconf 88' lang='lat' dir='ltr'><strong>damnet,</strong></span> <span class='ocrx_word' id='word_1_493' title='bbox 3036 1226 3238 1279; x_wconf 90' lang='lat' dir='ltr'><strong>nullum</strong></span> <span class='ocrx_word' id='word_1_494' title='bbox 3268 1224 3441 1292; x_wconf 85' lang='lat' dir='ltr'><strong>suspi-</strong></span> 
     </span>
    </p>
   </div>
   <div class='ocr_carea' id='block_1_75' title="bbox 1864 1291 3440 1364">
    <p class='ocr_par' dir='ltr' id='par_1_75' title="bbox 1864 1291 3440 1364">
     <span class='ocr_line' id='line_1_75' title="bbox 1864 1291 3440 1364; baseline 0.004 -21"><span class='ocrx_word' id='word_1_495' title='bbox 1864 1291 2038 1364; x_wconf 79' lang='lat' dir='ltr'><strong>cionis</strong></span> <span class='ocrx_word' id='word_1_496' title='bbox 2064 1293 2286 1346; x_wconf 90' lang='lat' dir='ltr'><strong>arbitrio</strong></span> <span class='ocrx_word' id='word_1_497' title='bbox 2311 1294 2531 1349; x_wconf 84' lang='lat' dir='ltr'><strong>iudicet.</strong></span> <span class='ocrx_word' id='word_1_498' title='bbox 2565 1294 2776 1349; x_wconf 85' lang='lat' dir='ltr'><strong>Primus</strong></span> <span class='ocrx_word' id='word_1_499' title='bbox 2802 1296 3014 1361; x_wconf 90' lang='lat' dir='ltr'><strong>quidem</strong></span> <span class='ocrx_word' id='word_1_500' title='bbox 3044 1295 3253 1364; x_wconf 83' lang='lat' dir='ltr'><strong>probet,</strong></span> <span class='ocrx_word' id='word_1_501' title='bbox 3284 1302 3339 1348; x_wconf 92' lang='lat' dir='ltr'><strong>et</strong></span> <span class='ocrx_word' id='word_1_502' title='bbox 3362 1291 3440 1349; x_wconf 73' lang='lat' dir='ltr'><strong>Sic</strong></span> 
     </span>
    </p>
   </div>
   <div class='ocr_carea' id='block_1_76' title="bbox 1866 1361 3440 1434">
    <p class='ocr_par' dir='ltr' id='par_1_76' title="bbox 1866 1361 3440 1434">
     <span class='ocr_line' id='line_1_76' title="bbox 1866 1361 3440 1434; baseline 0.001 -20"><span class='ocrx_word' id='word_1_503' title='bbox 1866 1361 2091 1425; x_wconf 79' lang='lat' dir='ltr'><strong>indicet;</strong></span> <span class='ocrx_word' id='word_1_504' title='bbox 2122 1378 2228 1416; x_wconf 90' lang='lat' dir='ltr'><strong>non</strong></span> <span class='ocrx_word' id='word_1_505' title='bbox 2257 1364 2398 1417; x_wconf 89' lang='lat' dir='ltr'><strong>enim</strong></span> <span class='ocrx_word' id='word_1_506' title='bbox 2426 1366 2517 1432; x_wconf 89' lang='lat' dir='ltr'><strong>qui</strong></span> <span class='ocrx_word' id='word_1_507' title='bbox 2558 1373 2866 1427; x_wconf 86' lang='lat' dir='ltr'><strong>accusatur,</strong></span> <span class='ocrx_word' id='word_1_508' title='bbox 2896 1365 2990 1419; x_wconf 87' lang='lat' dir='ltr'><strong>sed</strong></span> <span class='ocrx_word' id='word_1_509' title='bbox 3037 1361 3130 1434; x_wconf 83' lang='lat' dir='ltr'><strong>qui</strong></span> <span class='ocrx_word' id='word_1_510' title='bbox 3167 1365 3440 1420; x_wconf 90' lang='lat' dir='ltr'><strong>convinci-</strong></span> 
     </span>
    </p>
   </div>
   <div class='ocr_carea' id='block_1_77' title="bbox 1868 1434 3439 1503">
    <p class='ocr_par' dir='ltr' id='par_1_77' title="bbox 1868 1434 3439 1503">
     <span class='ocr_line' id='line_1_77' title="bbox 1868 1434 3439 1503; baseline -0.001 -20"><span class='ocrx_word' id='word_1_511' title='bbox 1868 1441 1974 1495; x_wconf 90' lang='lat' dir='ltr'><strong>tur,</strong></span> <span class='ocrx_word' id='word_1_512' title='bbox 2005 1447 2130 1486; x_wconf 89' lang='lat' dir='ltr'><strong>reus</strong></span> <span class='ocrx_word' id='word_1_513' title='bbox 2154 1443 2276 1487; x_wconf 86' lang='lat' dir='ltr'><strong>est:</strong></span> <span class='ocrx_word' id='word_1_514' title='bbox 2308 1436 2597 1502; x_wconf 90' lang='lat' dir='ltr'><strong>pessimum</strong></span> <span class='ocrx_word' id='word_1_515' title='bbox 2628 1448 2859 1501; x_wconf 88' lang='lat' dir='ltr'><strong>namque</strong></span> <span class='ocrx_word' id='word_1_516' title='bbox 2893 1444 2947 1489; x_wconf 91' lang='lat' dir='ltr'><strong>et</strong></span> <span class='ocrx_word' id='word_1_517' title='bbox 2974 1434 3330 1503; x_wconf 87' lang='lat' dir='ltr'><strong>periculusmn</strong></span> <span class='ocrx_word' id='word_1_518' title='bbox 3359 1441 3439 1487; x_wconf 90' lang='lat' dir='ltr'><strong>est</strong></span> 
     </span>
    </p>
   </div>
   <div class='ocr_carea' id='block_1_78' title="bbox 1867 1503 3440 1573">
    <p class='ocr_par' dir='ltr' id='par_1_78' title="bbox 1867 1503 3440 1573">
     <span class='ocr_line' id='line_1_78' title="bbox 1867 1503 3440 1573; baseline 0.003 -21"><span class='ocrx_word' id='word_1_519' title='bbox 1867 1515 2189 1573; x_wconf 83' lang='lat' dir='ltr'><strong>quemquam</strong></span> <span class='ocrx_word' id='word_1_520' title='bbox 2238 1503 2306 1558; x_wconf 92' lang='lat' dir='ltr'><strong>de</strong></span> <span class='ocrx_word' id='word_1_521' title='bbox 2333 1505 2639 1573; x_wconf 90' lang='lat' dir='ltr'><strong>suspicione</strong></span> <span class='ocrx_word' id='word_1_522' title='bbox 2669 1504 2928 1559; x_wconf 88' lang='lat' dir='ltr'><strong>iudicare.</strong></span> <span class='ocrx_word' id='word_1_523' title='bbox 2960 1504 3015 1557; x_wconf 92' lang='lat' dir='ltr'><strong>In</strong></span> <span class='ocrx_word' id='word_1_524' title='bbox 3045 1505 3315 1571; x_wconf 75' lang='lat' dir='ltr'><strong>ambiguis</strong></span> <span class='ocrx_word' id='word_1_525' title='bbox 3344 1503 3440 1556; x_wconf 89' lang='lat' dir='ltr'><strong>Dei</strong></span> 
     </span>
    </p>
   </div>
   <div class='ocr_carea' id='block_1_79' title="bbox 1868 1570 3437 1643">
    <p class='ocr_par' dir='ltr' id='par_1_79' title="bbox 1868 1570 3437 1643">
     <span class='ocr_line' id='line_1_79' title="bbox 1868 1570 3437 1643; baseline 0.001 -19"><span class='ocrx_word' id='word_1_526' title='bbox 1868 1570 2065 1626; x_wconf 88' lang='lat' dir='ltr'><strong>iudicio</strong></span> <span class='ocrx_word' id='word_1_527' title='bbox 2094 1583 2402 1628; x_wconf 88' lang='lat' dir='ltr'><strong>reservetur</strong></span> <span class='ocrx_word' id='word_1_528' title='bbox 2430 1570 2740 1639; x_wconf 83' lang='lat' dir='ltr'><strong>sententia;</strong></span> <span class='ocrx_word' id='word_1_529' title='bbox 2771 1574 2915 1643; x_wconf 90' lang='lat' dir='ltr'><strong>quod</strong></span> <span class='ocrx_word' id='word_1_530' title='bbox 2948 1584 3096 1629; x_wconf 87' lang='lat' dir='ltr'><strong>certe</strong></span> <span class='ocrx_word' id='word_1_531' title='bbox 3124 1570 3437 1640; x_wconf 83' lang='lat' dir='ltr'><strong>agnoscunt,</strong></span> 
     </span>
    </p>
   </div>
   <div class='ocr_carea' id='block_1_80' title="bbox 1867 1643 3440 1710">
    <p class='ocr_par' dir='ltr' id='par_1_80' title="bbox 1867 1643 3440 1710">
     <span class='ocr_line' id='line_1_80' title="bbox 1867 1643 3440 1710; baseline 0 -16"><span class='ocrx_word' id='word_1_532' title='bbox 1867 1655 1989 1705; x_wconf 87' lang='lat' dir='ltr'><strong>suo,</strong></span> <span class='ocrx_word' id='word_1_533' title='bbox 2019 1643 2161 1709; x_wconf 89' lang='lat' dir='ltr'><strong>quod</strong></span> <span class='ocrx_word' id='word_1_534' title='bbox 2191 1646 2455 1710; x_wconf 88' lang='lat' dir='ltr'><strong>nesciunt,</strong></span> <span class='ocrx_word' id='word_1_535' title='bbox 2503 1645 2682 1699; x_wconf 85' lang='lat' dir='ltr'><strong>divino</strong></span> <span class='ocrx_word' id='word_1_536' title='bbox 2718 1654 2992 1699; x_wconf 79' lang='lat' dir='ltr'><strong>reservent</strong></span> <span class='ocrx_word' id='word_1_537' title='bbox 3038 1646 3249 1698; x_wconf 86' lang='lat' dir='ltr'><strong>iudicio.</strong></span> <span class='ocrx_word' id='word_1_538' title='bbox 3294 1646 3440 1709; x_wconf 83' lang='lat' dir='ltr'><strong>Quo-</strong></span> 
     </span>
    </p>
   </div>
   <div class='ocr_carea' id='block_1_81' title="bbox 1870 1713 3441 1781">
    <p class='ocr_par' dir='ltr' id='par_1_81' title="bbox 1870 1713 3441 1781">
     <span class='ocr_line' id='line_1_81' title="bbox 1870 1713 3441 1781; baseline 0.001 -16"><span class='ocrx_word' id='word_1_539' title='bbox 1870 1713 2013 1765; x_wconf 84' lang='lat' dir='ltr'><strong>niam</strong></span> <span class='ocrx_word' id='word_1_540' title='bbox 2043 1728 2148 1765; x_wconf 92' lang='lat' dir='ltr'><strong>non</strong></span> <span class='ocrx_word' id='word_1_541' title='bbox 2171 1723 2347 1780; x_wconf 90' lang='lat' dir='ltr'><strong>potest</strong></span> <span class='ocrx_word' id='word_1_542' title='bbox 2374 1716 2608 1770; x_wconf 86' lang='lat' dir='ltr'><strong>humano</strong></span> <span class='ocrx_word' id='word_1_543' title='bbox 2626 1715 2970 1769; x_wconf 87' lang='lat' dir='ltr'><strong>condemnari</strong></span> <span class='ocrx_word' id='word_1_544' title='bbox 2993 1715 3258 1779; x_wconf 75' lang='lat' dir='ltr'><strong>examine,</strong></span> <span class='ocrx_word' id='word_1_545' title='bbox 3281 1728 3441 1781; x_wconf 88' lang='lat' dir='ltr'><strong>quem</strong></span> 
     </span>
    </p>
   </div>
   <div class='ocr_carea' id='block_1_82' title="bbox 1873 1781 3443 1851">
    <p class='ocr_par' dir='ltr' id='par_1_82' title="bbox 1873 1781 3443 1851">
     <span class='ocr_line' id='line_1_82' title="bbox 1873 1781 3443 1851; baseline 0.001 -16"><span class='ocrx_word' id='word_1_546' title='bbox 1873 1781 2013 1851; x_wconf 84' lang='lat' dir='ltr'><strong>Deus</strong></span> <span class='ocrx_word' id='word_1_547' title='bbox 2043 1784 2366 1839; x_wconf 83' lang='lat' dir='ltr'><strong>suo.iudicio</strong></span> <span class='ocrx_word' id='word_1_548' title='bbox 2390 1786 2702 1839; x_wconf 87' lang='lat' dir='ltr'><strong>reservavit.</strong></span> <span class='ocrx_word' id='word_1_549' title='bbox 2731 1786 2937 1838; x_wconf 85' lang='lat' dir='ltr'><strong>Incerta</strong></span> <span class='ocrx_word' id='word_1_550' title='bbox 2965 1799 3194 1851; x_wconf 85' lang='lat' dir='ltr'><strong>namque</strong></span> <span class='ocrx_word' id='word_1_551' title='bbox 3216 1798 3321 1836; x_wconf 92' lang='lat' dir='ltr'><strong>non</strong></span> <span class='ocrx_word' id='word_1_552' title='bbox 3346 1783 3443 1837; x_wconf 85' lang='lat' dir='ltr'><strong>de-</strong></span> 
     </span>
    </p>
   </div>
   <div class='ocr_carea' id='block_1_83' title="bbox 1872 1850 3442 1925">
    <p class='ocr_par' dir='ltr' id='par_1_83' title="bbox 1872 1850 3442 1925">
     <span class='ocr_line' id='line_1_83' title="bbox 1872 1850 3442 1925; baseline 0.001 -21"><span class='ocrx_word' id='word_1_553' title='bbox 1872 1850 2061 1925; x_wconf 85' lang='lat' dir='ltr'><strong>bemus</strong></span> <span class='ocrx_word' id='word_1_554' title='bbox 2090 1854 2343 1918; x_wconf 86' lang='lat' dir='ltr'><strong>iudicare,</strong></span> <span class='ocrx_word' id='word_1_555' title='bbox 2375 1854 2719 1925; x_wconf 80' lang='lat' dir='ltr'><strong>quoadusque</strong></span> <span class='ocrx_word' id='word_1_556' title='bbox 2747 1857 2927 1909; x_wconf 69' lang='lat' dir='ltr'><strong>Veniat</strong></span> <span class='ocrx_word' id='word_1_557' title='bbox 2953 1850 3332 1925; x_wconf 87' lang='lat' dir='ltr'><strong>Dominus,qui</strong></span> <span class='ocrx_word' id='word_1_558' title='bbox 3361 1852 3442 1906; x_wconf 86' lang='lat' dir='ltr'><strong>la-</strong></span> 
     </span>
    </p>
   </div>
   <div class='ocr_carea' id='block_1_84' title="bbox 1874 1923 3443 1988">
    <p class='ocr_par' dir='ltr' id='par_1_84' title="bbox 1874 1923 3443 1988">
     <span class='ocr_line' id='line_1_84' title="bbox 1874 1923 3443 1988; baseline 0 -15"><span class='ocrx_word' id='word_1_559' title='bbox 1874 1923 2040 1975; x_wconf 89' lang='lat' dir='ltr'><strong>tentia</strong></span> <span class='ocrx_word' id='word_1_560' title='bbox 2074 1926 2330 1988; x_wconf 84' lang='lat' dir='ltr'><strong>producet</strong></span> <span class='ocrx_word' id='word_1_561' title='bbox 2380 1927 2401 1958; x_wconf 78' lang='grc'>⁸</span> <span class='ocrx_word' id='word_1_562' title='bbox 2445 1926 2498 1978; x_wconf 90' lang='lat' dir='ltr'><strong>in</strong></span> <span class='ocrx_word' id='word_1_563' title='bbox 2527 1923 2699 1979; x_wconf 84' lang='lat' dir='ltr'><strong>lucem</strong></span> <span class='ocrx_word' id='word_1_564' title='bbox 2738 1934 2794 1979; x_wconf 90' lang='lat' dir='ltr'><strong>et</strong></span> <span class='ocrx_word' id='word_1_565' title='bbox 2837 1924 3172 1979; x_wconf 85' lang='lat' dir='ltr'><strong>inluminabit</strong></span> <span class='ocrx_word' id='word_1_566' title='bbox 3216 1925 3443 1977; x_wconf 84' lang='lat' dir='ltr'><strong>abscon-</strong></span> 
     </span>
    </p>
   </div>
   <div class='ocr_carea' id='block_1_85' title="bbox 1872 1990 3441 2059">
    <p class='ocr_par' dir='ltr' id='par_1_85' title="bbox 1872 1990 3441 2059">
     <span class='ocr_line' id='line_1_85' title="bbox 1872 1990 3441 2059; baseline 0.002 -17"><span class='ocrx_word' id='word_1_567' title='bbox 1872 1990 1983 2044; x_wconf 89' lang='lat' dir='ltr'><strong>dita</strong></span> <span class='ocrx_word' id='word_1_568' title='bbox 2014 1994 2353 2048; x_wconf 86' lang='lat' dir='ltr'><strong>tenebrarum</strong></span> <span class='ocrx_word' id='word_1_569' title='bbox 2393 2005 2448 2050; x_wconf 89' lang='lat' dir='ltr'><strong>et</strong></span> <span class='ocrx_word' id='word_1_570' title='bbox 2492 1996 2853 2050; x_wconf 81' lang='lat' dir='ltr'><strong>manifestabit</strong></span> <span class='ocrx_word' id='word_1_571' title='bbox 2903 1995 3124 2049; x_wconf 87' lang='lat' dir='ltr'><strong>consilia</strong></span> <span class='ocrx_word' id='word_1_572' title='bbox 3180 1994 3441 2059; x_wconf 68' lang='lat' dir='ltr'><strong>curdium.</strong></span> 
     </span>
    </p>
   </div>
   <div class='ocr_carea' id='block_1_86' title="bbox 1871 2060 3443 2129">
    <p class='ocr_par' dir='ltr' id='par_1_86' title="bbox 1871 2060 3443 2129">
     <span class='ocr_line' id='line_1_86' title="bbox 1871 2060 3443 2129; baseline 0.003 -16"><span class='ocrx_word' id='word_1_573' title='bbox 1871 2060 2124 2124; x_wconf 77' lang='lat' dir='ltr'><strong>Quamvis</strong></span> <span class='ocrx_word' id='word_1_574' title='bbox 2151 2065 2295 2117; x_wconf 89' lang='lat' dir='ltr'><strong>enim</strong></span> <span class='ocrx_word' id='word_1_575' title='bbox 2325 2080 2448 2120; x_wconf 89' lang='lat' dir='ltr'><strong>vera</strong></span> <span class='ocrx_word' id='word_1_576' title='bbox 2493 2065 2619 2129; x_wconf 89' lang='lat' dir='ltr'><strong>sint,</strong></span> <span class='ocrx_word' id='word_1_577' title='bbox 2654 2081 2759 2121; x_wconf 91' lang='lat' dir='ltr'><strong>non</strong></span> <span class='ocrx_word' id='word_1_578' title='bbox 2803 2075 2980 2119; x_wconf 83' lang='lat' dir='ltr'><strong>tamen</strong></span> <span class='ocrx_word' id='word_1_579' title='bbox 3011 2064 3275 2119; x_wconf 88' lang='lat' dir='ltr'><strong>credenda</strong></span> <span class='ocrx_word' id='word_1_580' title='bbox 3320 2072 3443 2117; x_wconf 88' lang='lat' dir='ltr'><strong>sunt</strong></span> 
     </span>
    </p>
   </div>
   <div class='ocr_carea' id='block_1_87' title="bbox 1871 2132 3441 2205">
    <p class='ocr_par' dir='ltr' id='par_1_87' title="bbox 1871 2132 3441 2205">
     <span class='ocr_line' id='line_1_87' title="bbox 1871 2132 3441 2205; baseline -0.001 -19"><span class='ocrx_word' id='word_1_581' title='bbox 1871 2132 1971 2205; x_wconf 74' lang='lat' dir='ltr'><strong>nisi</strong></span> <span class='ocrx_word' id='word_1_582' title='bbox 2010 2147 2150 2205; x_wconf 85' lang='lat' dir='ltr'><strong>quae</strong></span> <span class='ocrx_word' id='word_1_583' title='bbox 2177 2135 2338 2205; x_wconf 83' lang='lat' dir='ltr'><strong>certis</strong></span> <span class='ocrx_word' id='word_1_584' title='bbox 2365 2134 2573 2189; x_wconf 91' lang='lat' dir='ltr'><strong>indiciis</strong></span> <span class='ocrx_word' id='word_1_585' title='bbox 2598 2136 3015 2205; x_wconf 84' lang='lat' dir='ltr'><strong>conprobantur,</strong></span> <span class='ocrx_word' id='word_1_586' title='bbox 3041 2135 3139 2188; x_wconf 88' lang='lat' dir='ltr'><strong>nisi</strong></span> <span class='ocrx_word' id='word_1_587' title='bbox 3160 2148 3296 2205; x_wconf 81' lang='lat' dir='ltr'><strong>quae</strong></span> <span class='ocrx_word' id='word_1_588' title='bbox 3314 2148 3441 2205; x_wconf 62' lang='lat' dir='ltr'><strong>tua-</strong></span> 
     </span>
    </p>
   </div>
   <div class='ocr_carea' id='block_1_88' title="bbox 1868 2202 3441 2274">
    <p class='ocr_par' dir='ltr' id='par_1_88' title="bbox 1868 2202 3441 2274">
     <span class='ocr_line' id='line_1_88' title="bbox 1868 2202 3441 2274; baseline 0 -17"><span class='ocrx_word' id='word_1_589' title='bbox 1868 2202 2062 2274; x_wconf 64' lang='lat' dir='ltr'><strong>nilesto</strong></span> <span class='ocrx_word' id='word_1_590' title='bbox 2105 2203 2298 2259; x_wconf 64' lang='lat' dir='ltr'><strong>iudicio</strong></span> <span class='ocrx_word' id='word_1_591' title='bbox 2350 2202 2737 2261; x_wconf 80' lang='lat' dir='ltr'><strong>convincuntur</strong></span> <span class='ocrx_word' id='word_1_592' title='bbox 2766 2244 2781 2271; x_wconf 91' lang='lat'><strong>,</strong></span> <span class='ocrx_word' id='word_1_593' title='bbox 2840 2204 2942 2259; x_wconf 82' lang='lat' dir='ltr'><strong>nisi</strong></span> <span class='ocrx_word' id='word_1_594' title='bbox 2994 2219 3133 2274; x_wconf 88' lang='lat' dir='ltr'><strong>quae</strong></span> <span class='ocrx_word' id='word_1_595' title='bbox 3178 2203 3441 2258; x_wconf 88' lang='lat' dir='ltr'><strong>iuditiario</strong></span> 
     </span>
    </p>
   </div>
   <div class='ocr_carea' id='block_1_89' title="bbox 1868 2273 2441 2341">
    <p class='ocr_par' dir='ltr' id='par_1_89' title="bbox 1868 2273 2441 2341">
     <span class='ocr_line' id='line_1_89' title="bbox 1868 2273 2441 2341; baseline 0.003 -14"><span class='ocrx_word' id='word_1_596' title='bbox 1868 2273 2055 2327; x_wconf 87' lang='lat' dir='ltr'><strong>ordine</strong></span> <span class='ocrx_word' id='word_1_597' title='bbox 2083 2274 2441 2341; x_wconf 75' lang='lat' dir='ltr'><strong>publicentur.</strong></span> 
     </span>
    </p>
   </div>
   <div class='ocr_carea' id='block_1_90' title="bbox 1936 2362 3442 2437">
    <p class='ocr_par' dir='ltr' id='par_1_90' title="bbox 1936 2362 3442 2437">
     <span class='ocr_line' id='line_1_90' title="bbox 1936 2362 3442 2437; baseline -0.001 -21"><span class='ocrx_word' id='word_1_598' title='bbox 1936 2362 2063 2418; x_wconf 68' lang='lat'><strong>360.</strong></span> <span class='ocrx_word' id='word_1_599' title='bbox 2106 2363 2183 2437; x_wconf 79' lang='lat' dir='ltr'><strong>De</strong></span> <span class='ocrx_word' id='word_1_600' title='bbox 2210 2366 2688 2437; x_wconf 67' lang='lat' dir='ltr'><strong>chorepiscoporum</strong></span> <span class='ocrx_word' id='word_1_601' title='bbox 2718 2368 3075 2437; x_wconf 83' lang='lat' dir='ltr'><strong>superstitione</strong></span> <span class='ocrx_word' id='word_1_602' title='bbox 3109 2373 3259 2437; x_wconf 84' lang='lat' dir='ltr'><strong>atque</strong></span> <span class='ocrx_word' id='word_1_603' title='bbox 3298 2366 3442 2417; x_wconf 85' lang='lat' dir='ltr'><strong>dam-</strong></span> 
     </span>
    </p>
   </div>
   <div class='ocr_carea' id='block_1_91' title="bbox 1866 2435 3441 2494">
    <p class='ocr_par' dir='ltr' id='par_1_91' title="bbox 1866 2435 3441 2494">
     <span class='ocr_line' id='line_1_91' title="bbox 1866 2435 3441 2494; baseline -0.001 -5"><span class='ocrx_word' id='word_1_604' title='bbox 1866 2442 2094 2489; x_wconf 81' lang='lat' dir='ltr'><strong>natione.</strong></span> <span class='ocrx_word' id='word_1_605' title='bbox 2126 2435 2383 2493; x_wconf 81' lang='lat' dir='ltr'><strong>Omnibus</strong></span> <span class='ocrx_word' id='word_1_606' title='bbox 2412 2435 2633 2494; x_wconf 39' lang='lat' dir='ltr'><strong>san&#39;ctae</strong></span> <span class='ocrx_word' id='word_1_607' title='bbox 2680 2435 2787 2492; x_wconf 41' lang='lat' dir='ltr'><strong>llei&#39;</strong></span> <span class='ocrx_word' id='word_1_608' title='bbox 2816 2438 3076 2492; x_wconf 89' lang='lat' dir='ltr'><strong>ecclesiae</strong></span> <span class='ocrx_word' id='word_1_609' title='bbox 3108 2435 3348 2490; x_wconf 82' lang='lat' dir='ltr'><strong>lidclibns</strong></span> <span class='ocrx_word' id='word_1_610' title='bbox 3386 2444 3441 2488; x_wconf 88' lang='lat' dir='ltr'><strong>et</strong></span> 
     </span>
    </p>
   </div>
   <div class='ocr_carea' id='block_1_92' title="bbox 1868 2507 3442 2578">
    <p class='ocr_par' dir='ltr' id='par_1_92' title="bbox 1868 2507 3442 2578">
     <span class='ocr_line' id='line_1_92' title="bbox 1868 2507 3442 2578; baseline 0.003 -20"><span class='ocrx_word' id='word_1_611' title='bbox 1868 2507 2064 2578; x_wconf 79' lang='lat' dir='ltr'><strong>nostris</strong></span> <span class='ocrx_word' id='word_1_612' title='bbox 2093 2516 2275 2578; x_wconf 83' lang='lat' dir='ltr'><strong>notum</strong></span> <span class='ocrx_word' id='word_1_613' title='bbox 2317 2523 2435 2563; x_wconf 88' lang='lat' dir='ltr'><strong>esse</strong></span> <span class='ocrx_word' id='word_1_614' title='bbox 2462 2509 2708 2573; x_wconf 83' lang='lat' dir='ltr'><strong>volumus</strong></span> <span class='ocrx_word' id='word_1_615' title='bbox 2728 2548 2742 2572; x_wconf 92' lang='lat'><strong>,</strong></span> <span class='ocrx_word' id='word_1_616' title='bbox 2772 2508 2895 2578; x_wconf 84' lang='lat' dir='ltr'><strong>quia</strong></span> <span class='ocrx_word' id='word_1_617' title='bbox 2947 2523 3052 2561; x_wconf 92' lang='lat' dir='ltr'><strong>non</strong></span> <span class='ocrx_word' id='word_1_618' title='bbox 3083 2522 3246 2578; x_wconf 87' lang='lat' dir='ltr'><strong>parva</strong></span> <span class='ocrx_word' id='word_1_619' title='bbox 3276 2519 3442 2575; x_wconf 82' lang='lat' dir='ltr'><strong>quae-</strong></span> 
     </span>
    </p>
   </div>
   <div class='ocr_carea' id='block_1_93' title="bbox 1866 2576 3443 2648">
    <p class='ocr_par' dir='ltr' id='par_1_93' title="bbox 1866 2576 3443 2648">
     <span class='ocr_line' id='line_1_93' title="bbox 1866 2576 3443 2648; baseline -0.003 -18"><span class='ocrx_word' id='word_1_620' title='bbox 1866 2576 1971 2630; x_wconf 81' lang='lat' dir='ltr'><strong>Stiu</strong></span> <span class='ocrx_word' id='word_1_621' title='bbox 2000 2577 2065 2648; x_wconf 85' lang='lat' dir='ltr'><strong>de</strong></span> <span class='ocrx_word' id='word_1_622' title='bbox 2114 2576 2623 2648; x_wconf 9' lang='lat' dir='ltr'><strong>cburrepiscoporum</strong></span> <span class='ocrx_word' id='word_1_623' title='bbox 2654 2576 3032 2648; x_wconf 84' lang='lat' dir='ltr'><strong>superstitione</strong></span> <span class='ocrx_word' id='word_1_624' title='bbox 3078 2576 3143 2631; x_wconf 82' lang='lat' dir='ltr'><strong>od</strong></span> <span class='ocrx_word' id='word_1_625' title='bbox 3189 2592 3286 2630; x_wconf 88' lang='lat' dir='ltr'><strong>nos</strong></span> <span class='ocrx_word' id='word_1_626' title='bbox 3335 2592 3443 2648; x_wconf 84' lang='lat' dir='ltr'><strong>non</strong></span> 
     </span>
    </p>
   </div>
   <div class='ocr_carea' id='block_1_94' title="bbox 1866 2645 3443 2716">
    <p class='ocr_par' dir='ltr' id='par_1_94' title="bbox 1866 2645 3443 2716">
     <span class='ocr_line' id='line_1_94' title="bbox 1866 2645 3443 2716; baseline -0.002 -15"><span class='ocrx_word' id='word_1_627' title='bbox 1866 2645 2033 2701; x_wconf 89' lang='lat' dir='ltr'><strong>semel</strong></span> <span class='ocrx_word' id='word_1_628' title='bbox 2061 2656 2151 2698; x_wconf 87' lang='lat' dir='ltr'><strong>aut</strong></span> <span class='ocrx_word' id='word_1_629' title='bbox 2177 2647 2256 2700; x_wconf 87' lang='lat' dir='ltr'><strong>bis</strong></span> <span class='ocrx_word' id='word_1_630' title='bbox 2285 2645 2376 2701; x_wconf 84' lang='lat' dir='ltr'><strong>aut</strong></span> <span class='ocrx_word' id='word_1_631' title='bbox 2409 2645 2490 2702; x_wconf 84' lang='lat' dir='ltr'><strong>ter</strong></span> <span class='ocrx_word' id='word_1_632' title='bbox 2512 2645 2756 2711; x_wconf 80' lang='lat' dir='ltr'><strong>venerat,</strong></span> <span class='ocrx_word' id='word_1_633' title='bbox 2784 2648 2878 2702; x_wconf 80' lang='lat' dir='ltr'><strong>sed</strong></span> <span class='ocrx_word' id='word_1_634' title='bbox 2906 2648 3219 2716; x_wconf 87' lang='lat' dir='ltr'><strong>saepissime</strong></span> <span class='ocrx_word' id='word_1_635' title='bbox 3246 2646 3443 2700; x_wconf 86' lang='lat' dir='ltr'><strong>nostris</strong></span> 
     </span>
    </p>
   </div>
   <div class='ocr_carea' id='block_1_95' title="bbox 1867 2717 3439 2788">
    <p class='ocr_par' dir='ltr' id='par_1_95' title="bbox 1867 2717 3439 2788">
     <span class='ocr_line' id='line_1_95' title="bbox 1867 2717 3439 2788; baseline 0.001 -18"><span class='ocrx_word' id='word_1_636' title='bbox 1867 2717 2088 2788; x_wconf 76' lang='lat' dir='ltr'><strong>auribus</strong></span> <span class='ocrx_word' id='word_1_637' title='bbox 2116 2718 2418 2772; x_wconf 67' lang='lat' dir='ltr'><strong>mole~tiam</strong></span> <span class='ocrx_word' id='word_1_638' title='bbox 2450 2719 2722 2773; x_wconf 87' lang='lat' dir='ltr'><strong>intulerat.</strong></span> <span class='ocrx_word' id='word_1_639' title='bbox 2749 2718 2863 2788; x_wconf 89' lang='lat' dir='ltr'><strong>Ipsa</strong></span> <span class='ocrx_word' id='word_1_640' title='bbox 2894 2719 3034 2771; x_wconf 85' lang='lat' dir='ltr'><strong>enim</strong></span> <span class='ocrx_word' id='word_1_641' title='bbox 3064 2717 3309 2788; x_wconf 84' lang='lat' dir='ltr'><strong>quaestio</strong></span> <span class='ocrx_word' id='word_1_642' title='bbox 3335 2731 3439 2788; x_wconf 60' lang='lat' dir='ltr'><strong>non</strong></span> 
     </span>
    </p>
   </div>
   <div class='ocr_carea' id='block_1_96' title="bbox 1867 2785 3445 2851">
    <p class='ocr_par' dir='ltr' id='par_1_96' title="bbox 1867 2785 3445 2851">
     <span class='ocr_line' id='line_1_96' title="bbox 1867 2785 3445 2851; baseline -0.002 -12"><span class='ocrx_word' id='word_1_643' title='bbox 1867 2788 2043 2839; x_wconf 90' lang='lat' dir='ltr'><strong>solum</strong></span> <span class='ocrx_word' id='word_1_644' title='bbox 2074 2786 2213 2840; x_wconf 86' lang='lat' dir='ltr'><strong>inter</strong></span> <span class='ocrx_word' id='word_1_645' title='bbox 2241 2788 2487 2851; x_wconf 85' lang='lat' dir='ltr'><strong>clericos,</strong></span> <span class='ocrx_word' id='word_1_646' title='bbox 2514 2789 2606 2843; x_wconf 84' lang='lat' dir='ltr'><strong>sed</strong></span> <span class='ocrx_word' id='word_1_647' title='bbox 2650 2785 2811 2843; x_wconf 84' lang='lat' dir='ltr'><strong>etiam</strong></span> <span class='ocrx_word' id='word_1_648' title='bbox 2843 2788 2982 2841; x_wconf 87' lang='lat' dir='ltr'><strong>inter</strong></span> <span class='ocrx_word' id='word_1_649' title='bbox 3011 2785 3173 2841; x_wconf 80' lang='lat' dir='ltr'><strong>laicus</strong></span> <span class='ocrx_word' id='word_1_650' title='bbox 3204 2785 3445 2840; x_wconf 82' lang='lat' dir='ltr'><strong>crebrius</strong></span> 
     </span>
    </p>
   </div>
   <div class='ocr_carea' id='block_1_97' title="bbox 1867 2855 3446 2928">
    <p class='ocr_par' dir='ltr' id='par_1_97' title="bbox 1867 2855 3446 2928">
     <span class='ocr_line' id='line_1_97' title="bbox 1867 2855 3446 2928; baseline -0.001 -20"><span class='ocrx_word' id='word_1_651' title='bbox 1867 2855 2244 2928; x_wconf 81' lang='lat' dir='ltr'><strong>ventilabatur.</strong></span> <span class='ocrx_word' id='word_1_652' title='bbox 2304 2857 2561 2913; x_wconf 82' lang='lat' dir='ltr'><strong>Dicebant</strong></span> <span class='ocrx_word' id='word_1_653' title='bbox 2603 2873 2732 2927; x_wconf 84' lang='lat' dir='ltr'><strong>ergo</strong></span> <span class='ocrx_word' id='word_1_654' title='bbox 2778 2858 3080 2928; x_wconf 66' lang='lat' dir='ltr'><strong>presbiteri,</strong></span> <span class='ocrx_word' id='word_1_655' title='bbox 3131 2855 3343 2928; x_wconf 73' lang='lat' dir='ltr'><strong>diaconi</strong></span> <span class='ocrx_word' id='word_1_656' title='bbox 3391 2863 3446 2909; x_wconf 92' lang='lat' dir='ltr'><strong>ct</strong></span> 
     </span>
    </p>
   </div>
   <div class='ocr_carea' id='block_1_98' title="bbox 1865 2924 3444 2998">
    <p class='ocr_par' dir='ltr' id='par_1_98' title="bbox 1865 2924 3444 2998">
     <span class='ocr_line' id='line_1_98' title="bbox 1865 2924 3444 2998; baseline -0.003 -17"><span class='ocrx_word' id='word_1_657' title='bbox 1865 2924 2174 2998; x_wconf 87' lang='lat' dir='ltr'><strong>subdiaconi</strong></span> <span class='ocrx_word' id='word_1_658' title='bbox 2203 2944 2231 2977; x_wconf 89' lang='lat' dir='ltr'><strong>a</strong></span> <span class='ocrx_word' id='word_1_659' title='bbox 2265 2928 2594 2993; x_wconf 79' lang='lat' dir='ltr'><strong>regularibus</strong></span> <span class='ocrx_word' id='word_1_660' title='bbox 2624 2924 2886 2998; x_wconf 76' lang='lat' dir='ltr'><strong>episcopis</strong></span> <span class='ocrx_word' id='word_1_661' title='bbox 2910 2924 3162 2989; x_wconf 86' lang='lat' dir='ltr'><strong>ordinati.</strong></span> <span class='ocrx_word' id='word_1_662' title='bbox 3190 2940 3296 2979; x_wconf 90' lang='lat' dir='ltr'><strong>non</strong></span> <span class='ocrx_word' id='word_1_663' title='bbox 3325 2938 3444 2998; x_wconf 82' lang='lat' dir='ltr'><strong>esse</strong></span> 
     </span>
    </p>
   </div>
   <div class='ocr_carea' id='block_1_99' title="bbox 1866 2994 3441 3062">
    <p class='ocr_par' dir='ltr' id='par_1_99' title="bbox 1866 2994 3441 3062">
     <span class='ocr_line' id='line_1_99' title="bbox 1866 2994 3441 3062; baseline -0.002 -13"><span class='ocrx_word' id='word_1_664' title='bbox 1866 3008 1959 3049; x_wconf 73' lang='lat' dir='ltr'><strong>eos</strong></span> <span class='ocrx_word' id='word_1_665' title='bbox 1993 2996 2319 3062; x_wconf 79' lang='lat' dir='ltr'><strong>presbiteros</strong></span> <span class='ocrx_word' id='word_1_666' title='bbox 2351 2998 2433 3051; x_wconf 86' lang='lat' dir='ltr'><strong>vel</strong></span> <span class='ocrx_word' id='word_1_667' title='bbox 2462 2994 2716 3054; x_wconf 84' lang='lat' dir='ltr'><strong>diaconos</strong></span> <span class='ocrx_word' id='word_1_668' title='bbox 2758 2994 2850 3052; x_wconf 88' lang='lat' dir='ltr'><strong>aut</strong></span> <span class='ocrx_word' id='word_1_669' title='bbox 2876 2998 3257 3059; x_wconf 87' lang='lat' dir='ltr'><strong>subdiaconus,</strong></span> <span class='ocrx_word' id='word_1_670' title='bbox 3288 2994 3379 3059; x_wconf 86' lang='lat' dir='ltr'><strong>qui</strong></span> <span class='ocrx_word' id='word_1_671' title='bbox 3410 3009 3441 3047; x_wconf 88' lang='lat' dir='ltr'><strong>a</strong></span> 
     </span>
    </p>
   </div>
   <div class='ocr_carea' id='block_1_100' title="bbox 1866 3062 3441 3138">
    <p class='ocr_par' dir='ltr' id='par_1_100' title="bbox 1866 3062 3441 3138">
     <span class='ocr_line' id='line_1_100' title="bbox 1866 3062 3441 3138; baseline -0.001 -19"><span class='ocrx_word' id='word_1_672' title='bbox 1866 3064 2266 3138; x_wconf 72' lang='lat' dir='ltr'><strong>chprepiscqpis</strong></span> <span class='ocrx_word' id='word_1_673' title='bbox 2294 3067 2609 3121; x_wconf 85' lang='lat' dir='ltr'><strong>videbantur</strong></span> <span class='ocrx_word' id='word_1_674' title='bbox 2636 3070 2786 3138; x_wconf 81' lang='lat' dir='ltr'><strong>quasi</strong></span> <span class='ocrx_word' id='word_1_675' title='bbox 2811 3068 3027 3132; x_wconf 89' lang='lat' dir='ltr'><strong>sacrati,</strong></span> <span class='ocrx_word' id='word_1_676' title='bbox 3057 3082 3156 3138; x_wconf 83' lang='lat' dir='ltr'><strong>nec</strong></span> <span class='ocrx_word' id='word_1_677' title='bbox 3187 3062 3441 3120; x_wconf 84' lang='lat' dir='ltr'><strong>sacerdo-</strong></span> 
     </span>
    </p>
   </div>
   <div class='ocr_carea' id='block_1_101' title="bbox 1870 3136 3443 3205">
    <p class='ocr_par' dir='ltr' id='par_1_101' title="bbox 1870 3136 3443 3205">
     <span class='ocr_line' id='line_1_101' title="bbox 1870 3136 3443 3205; baseline 0 -17"><span class='ocrx_word' id='word_1_678' title='bbox 1870 3136 1977 3189; x_wconf 89' lang='lat' dir='ltr'><strong>tale</strong></span> <span class='ocrx_word' id='word_1_679' title='bbox 2006 3152 2099 3189; x_wconf 89' lang='lat' dir='ltr'><strong>eos</strong></span> <span class='ocrx_word' id='word_1_680' title='bbox 2144 3136 2341 3190; x_wconf 78' lang='lat' dir='ltr'><strong>debere</strong></span> <span class='ocrx_word' id='word_1_681' title='bbox 2370 3151 2624 3205; x_wconf 84' lang='lat' dir='ltr'><strong>peragere</strong></span> <span class='ocrx_word' id='word_1_682' title='bbox 2652 3136 2884 3193; x_wconf 81' lang='lat' dir='ltr'><strong>ol‘licinm</strong></span> <span class='ocrx_word' id='word_1_683' title='bbox 2904 3177 2919 3202; x_wconf 89' lang='lat'><strong>,</strong></span> <span class='ocrx_word' id='word_1_684' title='bbox 2948 3139 3048 3192; x_wconf 90' lang='lat' dir='ltr'><strong>nisi</strong></span> <span class='ocrx_word' id='word_1_685' title='bbox 3079 3137 3255 3191; x_wconf 67' lang='lat' dir='ltr'><strong>forent</strong></span> <span class='ocrx_word' id='word_1_686' title='bbox 3284 3151 3312 3187; x_wconf 88' lang='lat' dir='ltr'><strong>a</strong></span> <span class='ocrx_word' id='word_1_687' title='bbox 3345 3151 3443 3189; x_wconf 83' lang='lat' dir='ltr'><strong>ca-</strong></span> 
     </span>
    </p>
   </div>
   <div class='ocr_carea' id='block_1_102' title="bbox 1871 3205 3443 3276">
    <p class='ocr_par' dir='ltr' id='par_1_102' title="bbox 1871 3205 3443 3276">
     <span class='ocr_line' id='line_1_102' title="bbox 1871 3205 3443 3276; baseline 0.001 -19"><span class='ocrx_word' id='word_1_688' title='bbox 1871 3205 2063 3260; x_wconf 89' lang='lat' dir='ltr'><strong>nonice</strong></span> <span class='ocrx_word' id='word_1_689' title='bbox 2106 3207 2366 3260; x_wconf 86' lang='lat' dir='ltr'><strong>ordinatis</strong></span> <span class='ocrx_word' id='word_1_690' title='bbox 2414 3210 2679 3276; x_wconf 84' lang='lat' dir='ltr'><strong>episcopis</strong></span> <span class='ocrx_word' id='word_1_691' title='bbox 2727 3208 3104 3263; x_wconf 83' lang='lat' dir='ltr'><strong>consummati.</strong></span> <span class='ocrx_word' id='word_1_692' title='bbox 3158 3209 3443 3276; x_wconf 85' lang='lat' dir='ltr'><strong>Sumentes</strong></span> 
     </span>
    </p>
   </div>
   <div class='ocr_carea' id='block_1_103' title="bbox 1870 3274 3443 3343">
    <p class='ocr_par' dir='ltr' id='par_1_103' title="bbox 1870 3274 3443 3343">
     <span class='ocr_line' id='line_1_103' title="bbox 1870 3274 3443 3343; baseline 0.001 -16"><span class='ocrx_word' id='word_1_693' title='bbox 1870 3288 2086 3343; x_wconf 88' lang='lat' dir='ltr'><strong>quoque</strong></span> <span class='ocrx_word' id='word_1_694' title='bbox 2114 3276 2182 3330; x_wconf 90' lang='lat' dir='ltr'><strong>de</strong></span> <span class='ocrx_word' id='word_1_695' title='bbox 2204 3274 2459 3332; x_wconf 79' lang='lat' dir='ltr'><strong>canonica</strong></span> <span class='ocrx_word' id='word_1_696' title='bbox 2487 3274 2804 3333; x_wconf 72' lang='lat' dir='ltr'><strong>auctoritate</strong></span> <span class='ocrx_word' id='word_1_697' title='bbox 2845 3278 3179 3334; x_wconf 87' lang='lat' dir='ltr'><strong>sanctionem</strong></span> <span class='ocrx_word' id='word_1_698' title='bbox 3210 3274 3443 3329; x_wconf 77' lang='lat' dir='ltr'><strong>afﬁrma-</strong></span> 
     </span>
    </p>
   </div>
   <div class='ocr_carea' id='block_1_104' title="bbox 1870 3345 3441 3418">
    <p class='ocr_par' dir='ltr' id='par_1_104' title="bbox 1870 3345 3441 3418">
     <span class='ocr_line' id='line_1_104' title="bbox 1870 3345 3441 3418; baseline -0.001 -18"><span class='ocrx_word' id='word_1_699' title='bbox 1870 3345 2018 3410; x_wconf 89' lang='lat' dir='ltr'><strong>bant,</strong></span> <span class='ocrx_word' id='word_1_700' title='bbox 2050 3361 2081 3399; x_wconf 89' lang='lat' dir='ltr'><strong>a</strong></span> <span class='ocrx_word' id='word_1_701' title='bbox 2121 3348 2516 3418; x_wconf 78' lang='lat' dir='ltr'><strong>cltorepiscOpis</strong></span> <span class='ocrx_word' id='word_1_702' title='bbox 2562 3349 2837 3402; x_wconf 87' lang='lat' dir='ltr'><strong>ordinatos</strong></span> <span class='ocrx_word' id='word_1_703' title='bbox 2880 3348 3213 3401; x_wconf 88' lang='lat' dir='ltr'><strong>vulneratum</strong></span> <span class='ocrx_word' id='word_1_704' title='bbox 3262 3347 3441 3418; x_wconf 88' lang='lat' dir='ltr'><strong>potius</strong></span> 
     </span>
    </p>
   </div>
   <div class='ocr_carea' id='block_1_105' title="bbox 1869 3416 3441 3489">
    <p class='ocr_par' dir='ltr' id='par_1_105' title="bbox 1869 3416 3441 3489">
     <span class='ocr_line' id='line_1_105' title="bbox 1869 3416 3441 3489; baseline 0 -21"><span class='ocrx_word' id='word_1_705' title='bbox 1869 3430 2029 3489; x_wconf 81' lang='lat' dir='ltr'><strong>quam</strong></span> <span class='ocrx_word' id='word_1_706' title='bbox 2056 3416 2838 3489; x_wconf 32' lang='lat' dir='ltr'><strong>episcupaliter—sanctiﬁcatum</strong></span> <span class='ocrx_word' id='word_1_707' title='bbox 2864 3434 2959 3489; x_wconf 87' lang='lat' dir='ltr'><strong>per</strong></span> <span class='ocrx_word' id='word_1_708' title='bbox 2980 3418 3121 3489; x_wconf 83' lang='lat' dir='ltr'><strong>illam</strong></span> <span class='ocrx_word' id='word_1_709' title='bbox 3151 3416 3441 3489; x_wconf 79' lang='lat' dir='ltr'><strong>mannan-</strong></span> 
     </span>
    </p>
   </div>
   <div class='ocr_carea' id='block_1_106' title="bbox 1869 3486 3441 3555">
    <p class='ocr_par' dir='ltr' id='par_1_106' title="bbox 1869 3486 3441 3555">
     <span class='ocr_line' id='line_1_106' title="bbox 1869 3486 3441 3555; baseline -0.001 -16"><span class='ocrx_word' id='word_1_710' title='bbox 1869 3487 2192 3555; x_wconf 86' lang='lat' dir='ltr'><strong>positionem</strong></span> <span class='ocrx_word' id='word_1_711' title='bbox 2216 3487 2414 3542; x_wconf 80' lang='lat' dir='ltr'><strong>habere</strong></span> <span class='ocrx_word' id='word_1_712' title='bbox 2442 3497 2620 3555; x_wconf 87' lang='lat' dir='ltr'><strong>caput.</strong></span> <span class='ocrx_word' id='word_1_713' title='bbox 2657 3489 2754 3544; x_wconf 88' lang='lat' dir='ltr'><strong>Ubi</strong></span> <span class='ocrx_word' id='word_1_714' title='bbox 2783 3486 2960 3542; x_wconf 75' lang='lat' dir='ltr'><strong>autem</strong></span> <span class='ocrx_word' id='word_1_715' title='bbox 2998 3486 3191 3540; x_wconf 91' lang='lat' dir='ltr'><strong>vulnus</strong></span> <span class='ocrx_word' id='word_1_716' title='bbox 3221 3486 3441 3539; x_wconf 63' lang='lat' dir='ltr'><strong>inﬁxum</strong></span> 
     </span>
    </p>
   </div>
   <div class='ocr_carea' id='block_1_107' title="bbox 1870 3557 3444 3628">
    <p class='ocr_par' dir='ltr' id='par_1_107' title="bbox 1870 3557 3444 3628">
     <span class='ocr_line' id='line_1_107' title="bbox 1870 3557 3444 3628; baseline -0.001 -19"><span class='ocrx_word' id='word_1_717' title='bbox 1870 3566 1974 3617; x_wconf 90' lang='lat' dir='ltr'><strong>est,</strong></span> <span class='ocrx_word' id='word_1_718' title='bbox 2005 3559 2270 3612; x_wconf 88' lang='lat' dir='ltr'><strong>medicina</strong></span> <span class='ocrx_word' id='word_1_719' title='bbox 2301 3566 2385 3611; x_wconf 83' lang='lat' dir='ltr'><strong>cst</strong></span> <span class='ocrx_word' id='word_1_720' title='bbox 2410 3559 2728 3617; x_wconf 87' lang='lat' dir='ltr'><strong>adhibenda.</strong></span> <span class='ocrx_word' id='word_1_721' title='bbox 2760 3575 2864 3628; x_wconf 87' lang='lat' dir='ltr'><strong>qua</strong></span> <span class='ocrx_word' id='word_1_722' title='bbox 2895 3557 3063 3626; x_wconf 90' lang='lat' dir='ltr'><strong>possit</strong></span> <span class='ocrx_word' id='word_1_723' title='bbox 3085 3557 3333 3628; x_wconf 82' lang='lat' dir='ltr'><strong>recipere</strong></span> <span class='ocrx_word' id='word_1_724' title='bbox 3358 3569 3444 3628; x_wconf 80' lang='lat' dir='ltr'><strong>sa-</strong></span> 
     </span>
    </p>
   </div>
   <div class='ocr_carea' id='block_1_108' title="bbox 1871 3624 3442 3696">
    <p class='ocr_par' dir='ltr' id='par_1_108' title="bbox 1871 3624 3442 3696">
     <span class='ocr_line' id='line_1_108' title="bbox 1871 3624 3442 3696; baseline -0.001 -17"><span class='ocrx_word' id='word_1_725' title='bbox 1871 3628 2116 3681; x_wconf 88' lang='lat' dir='ltr'><strong>nitatem.</strong></span> <span class='ocrx_word' id='word_1_726' title='bbox 2147 3628 2406 3683; x_wconf 88' lang='lat' dir='ltr'><strong>Similiter</strong></span> <span class='ocrx_word' id='word_1_727' title='bbox 2435 3639 2488 3684; x_wconf 89' lang='lat' dir='ltr'><strong>et</strong></span> <span class='ocrx_word' id='word_1_728' title='bbox 2518 3630 2636 3684; x_wconf 89' lang='lat' dir='ltr'><strong>laici</strong></span> <span class='ocrx_word' id='word_1_729' title='bbox 2665 3624 2932 3691; x_wconf 43' lang='lat' dir='ltr'><strong>dice—bant,</strong></span> <span class='ocrx_word' id='word_1_730' title='bbox 2956 3627 3099 3696; x_wconf 86' lang='lat' dir='ltr'><strong>quod</strong></span> <span class='ocrx_word' id='word_1_731' title='bbox 3126 3624 3311 3680; x_wconf 85' lang='lat' dir='ltr'><strong>talium</strong></span> <span class='ocrx_word' id='word_1_732' title='bbox 3336 3624 3442 3696; x_wconf 87' lang='lat' dir='ltr'><strong>mi-</strong></span> 
     </span>
    </p>
   </div>
   <div class='ocr_carea' id='block_1_109' title="bbox 1871 3695 3448 3766">
    <p class='ocr_par' dir='ltr' id='par_1_109' title="bbox 1871 3695 3448 3766">
     <span class='ocr_line' id='line_1_109' title="bbox 1871 3695 3448 3766; baseline -0.001 -16"><span class='ocrx_word' id='word_1_733' title='bbox 1871 3697 2161 3752; x_wconf 87' lang='lat' dir='ltr'><strong>nistrorum</strong></span> <span class='ocrx_word' id='word_1_734' title='bbox 2194 3700 2275 3752; x_wconf 89' lang='lat' dir='ltr'><strong>vel</strong></span> <span class='ocrx_word' id='word_1_735' title='bbox 2302 3701 2662 3760; x_wconf 87' lang='lat' dir='ltr'><strong>sacerdotum,</strong></span> <span class='ocrx_word' id='word_1_736' title='bbox 2688 3699 2744 3753; x_wconf 86' lang='lat' dir='ltr'><strong>‘id</strong></span> <span class='ocrx_word' id='word_1_737' title='bbox 2773 3708 2853 3753; x_wconf 88' lang='lat' dir='ltr'><strong>est</strong></span> <span class='ocrx_word' id='word_1_738' title='bbox 2882 3695 3029 3766; x_wconf 87' lang='lat' dir='ltr'><strong>quia</strong></span> <span class='ocrx_word' id='word_1_739' title='bbox 3049 3695 3448 3766; x_wconf 71' lang='lat' dir='ltr'><strong>cborepiscopis</strong></span> 
     </span>
    </p>
   </div>
   <div class='ocr_carea' id='block_1_110' title="bbox 1871 3768 3449 3837">
    <p class='ocr_par' dir='ltr' id='par_1_110' title="bbox 1871 3768 3449 3837">
     <span class='ocr_line' id='line_1_110' title="bbox 1871 3768 3449 3837; baseline -0.001 -16"><span class='ocrx_word' id='word_1_740' title='bbox 1871 3775 2026 3821; x_wconf 89' lang='lat' dir='ltr'><strong>orant</strong></span> <span class='ocrx_word' id='word_1_741' title='bbox 2052 3768 2203 3837; x_wconf 85' lang='lat' dir='ltr'><strong>quasi</strong></span> <span class='ocrx_word' id='word_1_742' title='bbox 2231 3768 2482 3833; x_wconf 88' lang='lat' dir='ltr'><strong>ordinati,</strong></span> <span class='ocrx_word' id='word_1_743' title='bbox 2515 3770 2691 3824; x_wconf 87' lang='lat' dir='ltr'><strong>olticia</strong></span> <span class='ocrx_word' id='word_1_744' title='bbox 2742 3770 2927 3822; x_wconf 88' lang='lat' dir='ltr'><strong>audire</strong></span> <span class='ocrx_word' id='word_1_745' title='bbox 2973 3768 3198 3837; x_wconf 88' lang='lat' dir='ltr'><strong>nollent,</strong></span> <span class='ocrx_word' id='word_1_746' title='bbox 3227 3780 3326 3821; x_wconf 90' lang='lat' dir='ltr'><strong>nec</strong></span> <span class='ocrx_word' id='word_1_747' title='bbox 3353 3779 3449 3819; x_wconf 88' lang='lat' dir='ltr'><strong>co-</strong></span> 
     </span>
    </p>
   </div>
   <div class='ocr_carea' id='block_1_111' title="bbox 1869 3835 3446 3893">
    <p class='ocr_par' dir='ltr' id='par_1_111' title="bbox 1869 3835 3446 3893">
     <span class='ocr_line' id='line_1_111' title="bbox 1869 3835 3446 3893; baseline -0.002 -2"><span class='ocrx_word' id='word_1_748' title='bbox 1869 3851 1989 3891; x_wconf 86' lang='lat' dir='ltr'><strong>rum</strong></span> <span class='ocrx_word' id='word_1_749' title='bbox 2022 3835 2249 3891; x_wconf 43' lang='lat' dir='ltr'><strong>in‘l&#39;antes</strong></span> <span class='ocrx_word' id='word_1_750' title='bbox 2278 3840 2509 3893; x_wconf 89' lang='lat' dir='ltr'><strong>maiores</strong></span> <span class='ocrx_word' id='word_1_751' title='bbox 2538 3840 2621 3892; x_wconf 87' lang='lat' dir='ltr'><strong>vel</strong></span> <span class='ocrx_word' id='word_1_752' title='bbox 2652 3839 2885 3892; x_wconf 90' lang='lat' dir='ltr'><strong>minores</strong></span> <span class='ocrx_word' id='word_1_753' title='bbox 2913 3847 3004 3892; x_wconf 92' lang='lat' dir='ltr'><strong>aut</strong></span> <span class='ocrx_word' id='word_1_754' title='bbox 3055 3835 3307 3890; x_wconf 80' lang='lat' dir='ltr'><strong>lautiliam</strong></span> <span class='ocrx_word' id='word_1_755' title='bbox 3348 3849 3446 3889; x_wconf 88' lang='lat' dir='ltr'><strong>eo-</strong></span> 
     </span>
    </p>
   </div>
   <div class='ocr_carea' id='block_1_112' title="bbox 1870 3906 3446 3977">
    <p class='ocr_par' dir='ltr' id='par_1_112' title="bbox 1870 3906 3446 3977">
     <span class='ocr_line' id='line_1_112' title="bbox 1870 3906 3446 3977; baseline -0.004 -16"><span class='ocrx_word' id='word_1_756' title='bbox 1870 3921 1988 3961; x_wconf 90' lang='lat' dir='ltr'><strong>rum</strong></span> <span class='ocrx_word' id='word_1_757' title='bbox 2019 3922 2114 3976; x_wconf 90' lang='lat' dir='ltr'><strong>pcr</strong></span> <span class='ocrx_word' id='word_1_758' title='bbox 2140 3923 2330 3961; x_wconf 84' lang='lat' dir='ltr'><strong>manus</strong></span> <span class='ocrx_word' id='word_1_759' title='bbox 2372 3910 2749 3977; x_wconf 89' lang='lat' dir='ltr'><strong>inpositionem</strong></span> <span class='ocrx_word' id='word_1_760' title='bbox 2778 3907 3083 3975; x_wconf 82' lang='lat' dir='ltr'><strong>consignari</strong></span> <span class='ocrx_word' id='word_1_761' title='bbox 3116 3907 3203 3961; x_wconf 90' lang='lat' dir='ltr'><strong>vel</strong></span> <span class='ocrx_word' id='word_1_762' title='bbox 3244 3906 3446 3977; x_wconf 81' lang='lat' dir='ltr'><strong>contir-</strong></span> 
     </span>
    </p>
   </div>
   <div class='ocr_carea' id='block_1_113' title="bbox 1870 3975 3445 4055">
    <p class='ocr_par' dir='ltr' id='par_1_113' title="bbox 1870 3975 3445 4055">
     <span class='ocr_line' id='line_1_113' title="bbox 1870 3975 3445 4055; baseline -0.003 -24"><span class='ocrx_word' id='word_1_763' title='bbox 1870 3979 2006 4055; x_wconf 74' lang='lat' dir='ltr'><strong>tnari</strong></span> <span class='ocrx_word' id='word_1_764' title='bbox 2022 3975 2030 3976; x_wconf 50' lang='grc'><strong>“</strong></span> <span class='ocrx_word' id='word_1_765' title='bbox 2047 3992 2292 4055; x_wconf 70' lang='lat' dir='ltr'><strong>usquam</strong></span> <span class='ocrx_word' id='word_1_766' title='bbox 2316 3993 2337 4030; x_wconf 83' lang='lat'><strong><em>\</em></strong></span> <span class='ocrx_word' id='word_1_767' title='bbox 2351 3975 2633 4055; x_wconf 32' lang='lat' dir='ltr'><strong>ellent,-_ne</strong></span> <span class='ocrx_word' id='word_1_768' title='bbox 2662 3978 2842 4055; x_wconf 72' lang='lat' dir='ltr'><strong>magis</strong></span> <span class='ocrx_word' id='word_1_769' title='bbox 2859 3978 3047 4031; x_wconf 87' lang='lat' dir='ltr'><strong>vulnus</strong></span> <span class='ocrx_word' id='word_1_770' title='bbox 3087 3975 3445 4055; x_wconf 73' lang='lat' dir='ltr'><strong>quambene-</strong></span> 
     </span>
    </p>
   </div>
   <div class='ocr_carea' id='block_1_114' title="bbox 1871 4046 3447 4116">
    <p class='ocr_par' dir='ltr' id='par_1_114' title="bbox 1871 4046 3447 4116">
     <span class='ocr_line' id='line_1_114' title="bbox 1871 4046 3447 4116; baseline -0.001 -16"><span class='ocrx_word' id='word_1_771' title='bbox 1871 4046 2159 4101; x_wconf 84' lang='lat' dir='ltr'><strong>dictionem</strong></span> <span class='ocrx_word' id='word_1_772' title='bbox 2182 4048 2504 4116; x_wconf 88' lang='lat' dir='ltr'><strong>acciperent.</strong></span> <span class='ocrx_word' id='word_1_773' title='bbox 2532 4048 2684 4113; x_wconf 84' lang='lat' dir='ltr'><strong>Quod</strong></span> <span class='ocrx_word' id='word_1_774' title='bbox 2712 4046 2936 4114; x_wconf 72' lang='lat' dir='ltr'><strong>iurgium</strong></span> <span class='ocrx_word' id='word_1_775' title='bbox 2964 4061 3083 4100; x_wconf 89' lang='lat' dir='ltr'><strong>cum</strong></span> <span class='ocrx_word' id='word_1_776' title='bbox 3113 4046 3447 4116; x_wconf 81' lang='lat' dir='ltr'><strong>enucleatius</strong></span> 
     </span>
    </p>
   </div>
   <div class='ocr_carea' id='block_1_115' title="bbox 1869 4114 3445 4193">
    <p class='ocr_par' dir='ltr' id='par_1_115' title="bbox 1869 4114 3445 4193">
     <span class='ocr_line' id='line_1_115' title="bbox 1869 4114 3445 4193; baseline -0.003 -21"><span class='ocrx_word' id='word_1_777' title='bbox 1869 4117 2137 4193; x_wconf 75' lang='lat' dir='ltr'><strong>discutere</strong></span> <span class='ocrx_word' id='word_1_778' title='bbox 2163 4114 2535 4193; x_wconf 75' lang='lat' dir='ltr'><strong>voluissemus,</strong></span> <span class='ocrx_word' id='word_1_779' title='bbox 2561 4118 2767 4193; x_wconf 81' lang='lat' dir='ltr'><strong>placuit</strong></span> <span class='ocrx_word' id='word_1_780' title='bbox 2792 4117 2944 4171; x_wconf 89' lang='lat' dir='ltr'><strong>nobis</strong></span> <span class='ocrx_word' id='word_1_781' title='bbox 2971 4132 3037 4193; x_wconf 77' lang='lat' dir='ltr'><strong>ex</strong></span> <span class='ocrx_word' id='word_1_782' title='bbox 3064 4117 3163 4170; x_wconf 89' lang='lat' dir='ltr'><strong>hoc</strong></span> <span class='ocrx_word' id='word_1_783' title='bbox 3185 4114 3445 4193; x_wconf 76' lang='lat' dir='ltr'><strong>apostoli-</strong></span> 
     </span>
    </p>
   </div>
   <div class='ocr_carea' id='block_1_116' title="bbox 1871 4188 3446 4252">
    <p class='ocr_par' dir='ltr' id='par_1_116' title="bbox 1871 4188 3446 4252">
     <span class='ocr_line' id='line_1_116' title="bbox 1871 4188 3446 4252; baseline -0.001 -11"><span class='ocrx_word' id='word_1_784' title='bbox 1871 4202 1989 4241; x_wconf 88' lang='lat' dir='ltr'><strong>catn</strong></span> <span class='ocrx_word' id='word_1_785' title='bbox 2018 4188 2199 4241; x_wconf 89' lang='lat' dir='ltr'><strong>sedem</strong></span> <span class='ocrx_word' id='word_1_786' title='bbox 2229 4188 2528 4252; x_wconf 88' lang='lat' dir='ltr'><strong>consulere,</strong></span> <span class='ocrx_word' id='word_1_787' title='bbox 2560 4190 2775 4242; x_wconf 86' lang='lat' dir='ltr'><strong>iubente</strong></span> <span class='ocrx_word' id='word_1_788' title='bbox 2820 4188 3078 4241; x_wconf 85' lang='lat' dir='ltr'><strong>canonica</strong></span> <span class='ocrx_word' id='word_1_789' title='bbox 3122 4188 3446 4240; x_wconf 87' lang='lat' dir='ltr'><strong>auctoritate</strong></span> 
     </span>
    </p>
   </div>
   <div class='ocr_carea' id='block_1_117' title="bbox 1871 4256 3446 4327">
    <p class='ocr_par' dir='ltr' id='par_1_117' title="bbox 1871 4256 3446 4327">
     <span class='ocr_line' id='line_1_117' title="bbox 1871 4256 3446 4327; baseline -0.003 -17"><span class='ocrx_word' id='word_1_790' title='bbox 1871 4266 2031 4327; x_wconf 86' lang='lat' dir='ltr'><strong>atque</strong></span> <span class='ocrx_word' id='word_1_791' title='bbox 2074 4256 2325 4312; x_wconf 89' lang='lat' dir='ltr'><strong>dicente:</strong></span> <span class='ocrx_word' id='word_1_792' title='bbox 2356 4258 2416 4313; x_wconf 90' lang='lat' dir='ltr'><strong>Si</strong></span> <span class='ocrx_word' id='word_1_793' title='bbox 2464 4260 2681 4312; x_wconf 81' lang='lat' dir='ltr'><strong>maiores</strong></span> <span class='ocrx_word' id='word_1_794' title='bbox 2726 4273 2912 4311; x_wconf 82' lang='lat' dir='ltr'><strong>causae</strong></span> <span class='ocrx_word' id='word_1_795' title='bbox 2956 4260 3010 4311; x_wconf 90' lang='lat' dir='ltr'><strong>in</strong></span> <span class='ocrx_word' id='word_1_796' title='bbox 3039 4256 3204 4311; x_wconf 83' lang='lat' dir='ltr'><strong>medio</strong></span> <span class='ocrx_word' id='word_1_797' title='bbox 3254 4257 3446 4327; x_wconf 73' lang='lat' dir='ltr'><strong>fuerint</strong></span> 
     </span>
    </p>
   </div>
   <div class='ocr_carea' id='block_1_118' title="bbox 1872 4326 3445 4399">
    <p class='ocr_par' dir='ltr' id='par_1_118' title="bbox 1872 4326 3445 4399">
     <span class='ocr_line' id='line_1_118' title="bbox 1872 4326 3445 4399; baseline -0.001 -19"><span class='ocrx_word' id='word_1_798' title='bbox 1872 4326 2256 4399; x_wconf 26' lang='lat' dir='ltr'><strong>devolutum-ad</strong></span> <span class='ocrx_word' id='word_1_799' title='bbox 2300 4329 2470 4381; x_wconf 85' lang='lat' dir='ltr'><strong>sedem</strong></span> <span class='ocrx_word' id='word_1_800' title='bbox 2523 4329 2881 4399; x_wconf 82' lang='lat' dir='ltr'><strong>apostolicam,</strong></span> <span class='ocrx_word' id='word_1_801' title='bbox 2912 4336 2967 4381; x_wconf 87' lang='lat' dir='ltr'><strong>ut</strong></span> <span class='ocrx_word' id='word_1_802' title='bbox 2997 4338 3175 4381; x_wconf 80' lang='lat' dir='ltr'><strong>sancta</strong></span> <span class='ocrx_word' id='word_1_803' title='bbox 3217 4326 3445 4399; x_wconf 80' lang='lat' dir='ltr'><strong>synodus</strong></span> 
     </span>
    </p>
   </div>
   <div class='ocr_carea' id='block_1_119' title="bbox 1871 4396 3448 4469">
    <p class='ocr_par' dir='ltr' id='par_1_119' title="bbox 1871 4396 3448 4469">
     <span class='ocr_line' id='line_1_119' title="bbox 1871 4396 3448 4469; baseline -0.001 -18"><span class='ocrx_word' id='word_1_804' title='bbox 1871 4401 2053 4451; x_wconf 88' lang='lat' dir='ltr'><strong>statuit</strong></span> <span class='ocrx_word' id='word_1_805' title='bbox 2078 4405 2125 4452; x_wconf 89' lang='lat' dir='ltr'><strong>et</strong></span> <span class='ocrx_word' id='word_1_806' title='bbox 2154 4396 2305 4469; x_wconf 68' lang='lat' dir='ltr'><strong>beata</strong></span> <span class='ocrx_word' id='word_1_807' title='bbox 2329 4396 2639 4453; x_wconf 81' lang='lat' dir='ltr'><strong>consuetudo</strong></span> <span class='ocrx_word' id='word_1_808' title='bbox 2665 4400 2826 4469; x_wconf 74' lang='lat' dir='ltr'><strong>exigit</strong></span> <span class='ocrx_word' id='word_1_809' title='bbox 2852 4408 2899 4463; x_wconf 76' lang='grc' dir='ltr'>ι,</span> <span class='ocrx_word' id='word_1_810' title='bbox 2929 4396 3285 4452; x_wconf 65' lang='lat' dir='ltr'><strong>incunctanter</strong></span> <span class='ocrx_word' id='word_1_811' title='bbox 3313 4398 3448 4469; x_wconf 49' lang='lat' dir='ltr'><strong>refe:</strong></span> 
     </span>
    </p>
   </div>
   <div class='ocr_carea' id='block_1_120' title="bbox 1872 4465 3446 4551">
    <p class='ocr_par' dir='ltr' id='par_1_120' title="bbox 1872 4465 3446 4551">
     <span class='ocr_line' id='line_1_120' title="bbox 1872 4465 3446 4551; baseline -0.001 -30"><span class='ocrx_word' id='word_1_812' title='bbox 1872 4480 2072 4551; x_wconf 74' lang='lat' dir='ltr'><strong>rantur.</strong></span> <span class='ocrx_word' id='word_1_813' title='bbox 2139 4467 2475 4551; x_wconf 64' lang='lat' dir='ltr'><strong>Quaprup9er</strong></span> <span class='ocrx_word' id='word_1_814' title='bbox 2535 4465 2804 4550; x_wconf 76' lang='lat' dir='ltr'><strong>Arnouent</strong></span> <span class='ocrx_word' id='word_1_815' title='bbox 2855 4470 3325 4551; x_wconf 59' lang='grc' dir='ltr'><strong>Διιιςϋιιίρρίςιςοιιυιῐι</strong></span> <span class='ocrx_word' id='word_1_816' title='bbox 3372 4465 3446 4551; x_wconf 76' lang='lat' dir='ltr'><strong>ad</strong></span> 
     </span>
    </p>
   </div>
   <div class='ocr_carea' id='block_1_121' title="bbox 189 4533 3448 4611">
    <p class='ocr_par' dir='ltr' id='par_1_121' title="bbox 189 4533 3448 4611">
     <span class='ocr_line' id='line_1_121' title="bbox 189 4533 3448 4611; baseline 0.001 -25"><span class='ocrx_word' id='word_1_817' title='bbox 189 4533 312 4611; x_wconf 63' lang='lat' dir='ltr'><strong>dat.</strong></span> <span class='ocrx_word' id='word_1_818' title='bbox 344 4535 521 4611; x_wconf 75' lang='lat' dir='ltr'><strong>nullus</strong></span> <span class='ocrx_word' id='word_1_819' title='bbox 559 4533 964 4611; x_wconf 78' lang='lat' dir='ltr'><strong>deparentibns</strong></span> <span class='ocrx_word' id='word_1_820' title='bbox 991 4544 1086 4589; x_wconf 88' lang='lat' dir='ltr'><strong>aut</strong></span> <span class='ocrx_word' id='word_1_821' title='bbox 1112 4537 1295 4611; x_wconf 82' lang='lat' dir='ltr'><strong>amicis</strong></span> <span class='ocrx_word' id='word_1_822' title='bbox 1314 4533 1459 4611; x_wconf 71' lang='lat' dir='ltr'><strong>eum</strong></span> <span class='ocrx_word' id='word_1_823' title='bbox 1488 4541 1774 4611; x_wconf 89' lang='lat' dir='ltr'><strong>quicquam</strong></span> <span class='ocrx_word' id='word_1_824' title='bbox 1801 4544 1851 4603; x_wconf 83' lang='lat' dir='ltr'><strong>D</strong></span> <span class='ocrx_word' id='word_1_825' title='bbox 1880 4536 2111 4611; x_wconf 57' lang='lat' dir='ltr'><strong>Leonem</strong></span> <span class='ocrx_word' id='word_1_826' title='bbox 2140 4533 2492 4608; x_wconf 82' lang='lat' dir='ltr'><strong>apostolicum</strong></span> <span class='ocrx_word' id='word_1_827' title='bbox 2524 4541 2783 4604; x_wconf 79' lang='lat' dir='ltr'><strong>misimus,</strong></span> <span class='ocrx_word' id='word_1_828' title='bbox 2815 4547 2873 4593; x_wconf 92' lang='lat' dir='ltr'><strong>ut</strong></span> <span class='ocrx_word' id='word_1_829' title='bbox 2916 4533 3063 4593; x_wconf 57' lang='lat' dir='ltr'><strong>inte&#39;r&#39;</strong></span> <span class='ocrx_word' id='word_1_830' title='bbox 3080 4533 3280 4611; x_wconf 79' lang='lat' dir='ltr'><strong>cetera,</strong></span> <span class='ocrx_word' id='word_1_831' title='bbox 3308 4549 3448 4611; x_wconf 76' lang='lat' dir='ltr'><strong>quae</strong></span> 
     </span>
    </p>
   </div>
   <div class='ocr_carea' id='block_1_122' title="bbox 190 4604 1775 4677">
    <p class='ocr_par' dir='ltr' id='par_1_122' title="bbox 190 4604 1775 4677">
     <span class='ocr_line' id='line_1_122' title="bbox 190 4604 1775 4677; baseline 0.008 -22"><span class='ocrx_word' id='word_1_832' title='bbox 190 4604 437 4659; x_wconf 87' lang='lat' dir='ltr'><strong>adiuvet.</strong></span> <span class='ocrx_word' id='word_1_833' title='bbox 486 4605 640 4673; x_wconf 83' lang='lat' dir='ltr'><strong>Quod</strong></span> <span class='ocrx_word' id='word_1_834' title='bbox 668 4606 712 4659; x_wconf 90' lang='lat' dir='ltr'><strong>si</strong></span> <span class='ocrx_word' id='word_1_835' title='bbox 756 4606 964 4671; x_wconf 80' lang='lat' dir='ltr'><strong>fecerit,</strong></span> <span class='ocrx_word' id='word_1_836' title='bbox 1014 4621 1169 4660; x_wconf 90' lang='lat' dir='ltr'><strong>suum</strong></span> <span class='ocrx_word' id='word_1_837' title='bbox 1213 4604 1523 4677; x_wconf 71' lang='lat' dir='ltr'><strong>wirgildum&#39;</strong></span> <span class='ocrx_word' id='word_1_838' title='bbox 1553 4604 1775 4669; x_wconf 78' lang='lat' dir='ltr'><strong>omnino</strong></span> 
     </span>
    </p>
   </div>
   <div class='ocr_carea' id='block_1_123' title="bbox 189 4684 491 4742">
    <p class='ocr_par' dir='ltr' id='par_1_123' title="bbox 189 4684 491 4742">
     <span class='ocr_line' id='line_1_123' title="bbox 189 4684 491 4742; baseline 0.003 -15"><span class='ocrx_word' id='word_1_839' title='bbox 189 4686 298 4727; x_wconf 85' lang='lat' dir='ltr'><strong>con</strong></span> <span class='ocrx_word' id='word_1_840' title='bbox 308 4684 491 4742; x_wconf 80' lang='lat' dir='ltr'><strong>ponat.</strong></span> 
     </span>
    </p>
   </div>
   <div class='ocr_carea' id='block_1_124' title="bbox 186 4743 1772 4821">
    <p class='ocr_par' dir='ltr' id='par_1_124' title="bbox 186 4743 1772 4821">
     <span class='ocr_line' id='line_1_124' title="bbox 186 4743 1772 4821; baseline 0.008 -26"><span class='ocrx_word' id='word_1_841' title='bbox 186 4766 227 4821; x_wconf 49' lang='lat'><strong>1</strong></span> <span class='ocrx_word' id='word_1_842' title='bbox 265 4743 420 4821; x_wconf 49' lang='grc' dir='ltr'><strong>εἰη.Δ</strong></span> <span class='ocrx_word' id='word_1_843' title='bbox 438 4745 574 4808; x_wconf 88' lang='lat' dir='ltr'><strong>Quid</strong></span> <span class='ocrx_word' id='word_1_844' title='bbox 595 4744 658 4799; x_wconf 90' lang='lat' dir='ltr'><strong>de</strong></span> <span class='ocrx_word' id='word_1_845' title='bbox 678 4745 877 4821; x_wconf 72' lang='lat' dir='ltr'><strong>furibus</strong></span> <span class='ocrx_word' id='word_1_846' title='bbox 900 4746 1387 4821; x_wconf 64' lang='lat' dir='ltr'><strong>et__tuale[actorilius</strong></span> <span class='ocrx_word' id='word_1_847' title='bbox 1409 4749 1477 4803; x_wconf 86' lang='lat' dir='ltr'><strong>sit</strong></span> <span class='ocrx_word' id='word_1_848' title='bbox 1497 4751 1772 4821; x_wconf 89' lang='lat' dir='ltr'><strong>agendum.</strong></span> 
     </span>
    </p>
   </div>
   <div class='ocr_carea' id='block_1_125' title="bbox 184 4811 1772 4890">
    <p class='ocr_par' dir='ltr' id='par_1_125' title="bbox 184 4811 1772 4890">
     <span class='ocr_line' id='line_1_125' title="bbox 184 4811 1772 4890; baseline 0.008 -26"><span class='ocrx_word' id='word_1_849' title='bbox 184 4811 271 4866; x_wconf 85' lang='lat' dir='ltr'><strong>De</strong></span> <span class='ocrx_word' id='word_1_850' title='bbox 296 4814 506 4890; x_wconf 57' lang='lat' dir='ltr'><strong>furbus</strong></span> <span class='ocrx_word' id='word_1_851' title='bbox 548 4826 605 4870; x_wconf 88' lang='lat' dir='ltr'><strong>et</strong></span> <span class='ocrx_word' id='word_1_852' title='bbox 635 4811 1066 4890; x_wconf 82' lang='lat' dir='ltr'><strong>tnalel&#39;actoribus</strong></span> <span class='ocrx_word' id='word_1_853' title='bbox 1110 4811 1447 4890; x_wconf 79' lang='lat' dir='ltr'><strong>decrevimus</strong></span> <span class='ocrx_word' id='word_1_854' title='bbox 1475 4811 1772 4890; x_wconf 69' lang='lat' dir='ltr'><strong>observari,</strong></span> 
     </span>
    </p>
   </div>
   <div class='ocr_carea' id='block_1_126' title="bbox 186 4886 1776 4960">
    <p class='ocr_par' dir='ltr' id='par_1_126' title="bbox 186 4886 1776 4960">
     <span class='ocr_line' id='line_1_126' title="bbox 186 4886 1776 4960; baseline 0.008 -26"><span class='ocrx_word' id='word_1_855' title='bbox 186 4886 586 4960; x_wconf 29' lang='lat' dir='ltr'><strong>iit-siquinque</strong></span> <span class='ocrx_word' id='word_1_856' title='bbox 606 4895 699 4939; x_wconf 89' lang='lat' dir='ltr'><strong>aut</strong></span> <span class='ocrx_word' id='word_1_857' title='bbox 722 4894 939 4960; x_wconf 77' lang='lat' dir='ltr'><strong>septem</strong></span> <span class='ocrx_word' id='word_1_858' title='bbox 956 4886 1129 4960; x_wconf 84' lang='lat' dir='ltr'><strong>bonae</strong></span> <span class='ocrx_word' id='word_1_859' title='bbox 1158 4887 1276 4942; x_wconf 88' lang='lat' dir='ltr'><strong>tidei</strong></span> <span class='ocrx_word' id='word_1_860' title='bbox 1304 4887 1546 4960; x_wconf 76' lang='lat' dir='ltr'><strong>homines</strong></span> <span class='ocrx_word' id='word_1_861' title='bbox 1572 4886 1776 4960; x_wconf 82' lang='lat' dir='ltr'><strong>absque</strong></span> 
     </span>
    </p>
   </div>
   <div class='ocr_carea' id='block_1_127' title="bbox 185 4951 1772 5026">
    <p class='ocr_par' dir='ltr' id='par_1_127' title="bbox 185 4951 1772 5026">
     <span class='ocr_line' id='line_1_127' title="bbox 185 4951 1772 5026; baseline 0.007 -22"><span class='ocrx_word' id='word_1_862' title='bbox 185 4951 817 5026; x_wconf 36' lang='lat' dir='ltr'><strong>ininticitiajproposit&#39;a</strong></span> <span class='ocrx_word' id='word_1_863' title='bbox 865 4956 1213 5011; x_wconf 88' lang='lat' dir='ltr'><strong>criminosum</strong></span> <span class='ocrx_word' id='word_1_864' title='bbox 1275 4958 1508 5026; x_wconf 88' lang='lat' dir='ltr'><strong>aliquem</strong></span> <span class='ocrx_word' id='word_1_865' title='bbox 1572 4959 1593 4990; x_wconf 59' lang='grc' dir='ltr'><strong>ι</strong></span> <span class='ocrx_word' id='word_1_866' title='bbox 1650 4951 1772 5015; x_wconf 78' lang='lat' dir='ltr'><strong>cum</strong></span> 
     </span>
    </p>
   </div>
   <div class='ocr_carea' id='block_1_128' title="bbox 183 5024 1775 5097">
    <p class='ocr_par' dir='ltr' id='par_1_128' title="bbox 183 5024 1775 5097">
     <span class='ocr_line' id='line_1_128' title="bbox 183 5024 1775 5097; baseline 0.008 -23"><span class='ocrx_word' id='word_1_867' title='bbox 183 5024 516 5097; x_wconf 81' lang='lat' dir='ltr'><strong>sacramenti</strong></span> <span class='ocrx_word' id='word_1_868' title='bbox 566 5025 972 5097; x_wconf 81' lang='lat' dir='ltr'><strong>interpositione</strong></span> <span class='ocrx_word' id='word_1_869' title='bbox 1023 5040 1142 5081; x_wconf 85' lang='lat' dir='ltr'><strong>esse</strong></span> <span class='ocrx_word' id='word_1_870' title='bbox 1186 5024 1448 5094; x_wconf 81' lang='lat' dir='ltr'><strong>dixerint,</strong></span> <span class='ocrx_word' id='word_1_871' title='bbox 1502 5032 1775 5097; x_wconf 90' lang='lat' dir='ltr'><strong>quomodo</strong></span> 
     </span>
    </p>
   </div>
   <div class='ocr_carea' id='block_1_129' title="bbox 181 5092 1777 5168">
    <p class='ocr_par' dir='ltr' id='par_1_129' title="bbox 181 5092 1777 5168">
     <span class='ocr_line' id='line_1_129' title="bbox 181 5092 1777 5168; baseline 0.008 -25"><span class='ocrx_word' id='word_1_872' title='bbox 181 5100 382 5168; x_wconf 75' lang='lat' dir='ltr'><strong>contra</strong></span> <span class='ocrx_word' id='word_1_873' title='bbox 407 5092 573 5168; x_wconf 86' lang='lat' dir='ltr'><strong>lege_m</strong></span> <span class='ocrx_word' id='word_1_874' title='bbox 597 5092 792 5168; x_wconf 79' lang='lat' dir='ltr'><strong>furtum</strong></span> <span class='ocrx_word' id='word_1_875' title='bbox 818 5099 1160 5168; x_wconf 84' lang='lat' dir='ltr'><strong>perpetravit,</strong></span> <span class='ocrx_word' id='word_1_876' title='bbox 1187 5097 1267 5153; x_wconf 86' lang='lat' dir='ltr'><strong>sic</strong></span> <span class='ocrx_word' id='word_1_877' title='bbox 1284 5092 1578 5168; x_wconf 79' lang='lat' dir='ltr'><strong>secundum</strong></span> <span class='ocrx_word' id='word_1_878' title='bbox 1601 5099 1777 5168; x_wconf 86' lang='lat' dir='ltr'><strong>legem</strong></span> 
     </span>
    </p>
   </div>
   <div class='ocr_carea' id='block_1_130' title="bbox 182 5163 1777 5234">
    <p class='ocr_par' dir='ltr' id='par_1_130' title="bbox 182 5163 1777 5234">
     <span class='ocr_line' id='line_1_130' title="bbox 182 5163 1777 5234; baseline 0.007 -20"><span class='ocrx_word' id='word_1_879' title='bbox 182 5163 473 5217; x_wconf 81' lang='lat' dir='ltr'><strong>moriatur.</strong></span> <span class='ocrx_word' id='word_1_880' title='bbox 507 5163 572 5219; x_wconf 82' lang='lat' dir='ltr'><strong>Et</strong></span> <span class='ocrx_word' id='word_1_881' title='bbox 600 5165 645 5218; x_wconf 89' lang='lat' dir='ltr'><strong>si</strong></span> <span class='ocrx_word' id='word_1_882' title='bbox 675 5163 832 5220; x_wconf 66' lang='lat' dir='ltr'><strong>iudex</strong></span> <span class='ocrx_word' id='word_1_883' title='bbox 854 5163 1318 5234; x_wconf 84' lang='lat' dir='ltr'><strong>conpraehensum</strong></span> <span class='ocrx_word' id='word_1_884' title='bbox 1341 5167 1605 5224; x_wconf 84' lang='lat' dir='ltr'><strong>latronem</strong></span> <span class='ocrx_word' id='word_1_885' title='bbox 1630 5163 1777 5224; x_wconf 76' lang='lat' dir='ltr'><strong>laxa-</strong></span> 
     </span>
    </p>
   </div>
   <div class='ocr_carea' id='block_1_131' title="bbox 184 5233 1776 5311">
    <p class='ocr_par' dir='ltr' id='par_1_131' title="bbox 184 5233 1776 5311">
     <span class='ocr_line' id='line_1_131' title="bbox 184 5233 1776 5311; baseline 0.008 -28"><span class='ocrx_word' id='word_1_886' title='bbox 184 5234 351 5311; x_wconf 55' lang='lat' dir='ltr'><strong>vein,</strong></span> <span class='ocrx_word' id='word_1_887' title='bbox 383 5234 545 5311; x_wconf 74' lang='lat' dir='ltr'><strong>vitam</strong></span> <span class='ocrx_word' id='word_1_888' title='bbox 598 5250 748 5311; x_wconf 77' lang='lat' dir='ltr'><strong>suam</strong></span> <span class='ocrx_word' id='word_1_889' title='bbox 789 5233 1018 5304; x_wconf 85' lang='lat' dir='ltr'><strong>amittat,</strong></span> <span class='ocrx_word' id='word_1_890' title='bbox 1064 5244 1125 5292; x_wconf 90' lang='lat' dir='ltr'><strong>ut</strong></span> <span class='ocrx_word' id='word_1_891' title='bbox 1161 5237 1182 5268; x_wconf 82' lang='grc'><strong><em>⁸</em></strong></span> <span class='ocrx_word' id='word_1_892' title='bbox 1224 5238 1392 5294; x_wconf 88' lang='lat' dir='ltr'><strong>ceteri</strong></span> <span class='ocrx_word' id='word_1_893' title='bbox 1438 5239 1776 5311; x_wconf 86' lang='lat' dir='ltr'><strong>disciplinam</strong></span> 
     </span>
    </p>
   </div>
   <div class='ocr_carea' id='block_1_132' title="bbox 182 5299 931 5361">
    <p class='ocr_par' dir='ltr' id='par_1_132' title="bbox 182 5299 931 5361">
     <span class='ocr_line' id='line_1_132' title="bbox 182 5299 931 5361; baseline 0.012 -9"><span class='ocrx_word' id='word_1_894' title='bbox 182 5299 242 5353; x_wconf 86' lang='lat' dir='ltr'><strong>in</strong></span> <span class='ocrx_word' id='word_1_895' title='bbox 271 5302 293 5332; x_wconf 82' lang='grc'><strong>⁸</strong></span> <span class='ocrx_word' id='word_1_896' title='bbox 349 5304 601 5360; x_wconf 89' lang='lat' dir='ltr'><strong>omnibus</strong></span> <span class='ocrx_word' id='word_1_897' title='bbox 624 5305 931 5361; x_wconf 83' lang='lat' dir='ltr'><strong>observent.</strong></span> 
     </span>
    </p>
   </div>
   <div class='ocr_carea' id='block_1_133' title="bbox 1877 4605 3445 4677">
    <p class='ocr_par' dir='ltr' id='par_1_133' title="bbox 1877 4605 3445 4677">
     <span class='ocr_line' id='line_1_133' title="bbox 1877 4605 3445 4677; baseline -0.001 -16"><span class='ocrx_word' id='word_1_898' title='bbox 1877 4607 2102 4672; x_wconf 83' lang='lat' dir='ltr'><strong>ferebat,</strong></span> <span class='ocrx_word' id='word_1_899' title='bbox 2127 4605 2289 4664; x_wconf 78' lang='lat' dir='ltr'><strong>etiam</strong></span> <span class='ocrx_word' id='word_1_900' title='bbox 2320 4624 2442 4664; x_wconf 84' lang='lat' dir='ltr'><strong>eum</strong></span> <span class='ocrx_word' id='word_1_901' title='bbox 2470 4625 2537 4664; x_wconf 78' lang='lat' dir='ltr'><strong>ex</strong></span> <span class='ocrx_word' id='word_1_902' title='bbox 2567 4612 2668 4664; x_wconf 91' lang='lat' dir='ltr'><strong>hoc</strong></span> <span class='ocrx_word' id='word_1_903' title='bbox 2695 4611 3075 4676; x_wconf 85' lang='lat' dir='ltr'><strong>interrogaret;</strong></span> <span class='ocrx_word' id='word_1_904' title='bbox 3110 4617 3166 4661; x_wconf 91' lang='lat' dir='ltr'><strong>ut</strong></span> <span class='ocrx_word' id='word_1_905' title='bbox 3192 4605 3445 4677; x_wconf 84' lang='lat' dir='ltr'><strong>quicquid</strong></span> 
     </span>
    </p>
   </div>
   <div class='ocr_carea' id='block_1_134' title="bbox 1876 4677 3445 4747">
    <p class='ocr_par' dir='ltr' id='par_1_134' title="bbox 1876 4677 3445 4747">
     <span class='ocr_line' id='line_1_134' title="bbox 1876 4677 3445 4747; baseline -0.004 -13"><span class='ocrx_word' id='word_1_906' title='bbox 1876 4679 2143 4746; x_wconf 83' lang='lat' dir='ltr'><strong>superbis</strong></span> <span class='ocrx_word' id='word_1_907' title='bbox 2174 4679 2534 4734; x_wconf 82' lang='lat' dir='ltr'><strong>deﬁniendum</strong></span> <span class='ocrx_word' id='word_1_908' title='bbox 2564 4689 2727 4747; x_wconf 79' lang='lat' dir='ltr'><strong>esset,</strong></span> <span class='ocrx_word' id='word_1_909' title='bbox 2758 4680 3048 4747; x_wconf 83' lang='lat' dir='ltr'><strong>apostolica</strong></span> <span class='ocrx_word' id='word_1_910' title='bbox 3076 4677 3445 4747; x_wconf 64' lang='lat' dir='ltr'><strong>auctoritates</strong></span> 
     </span>
    </p>
   </div>
   <div class='ocr_carea' id='block_1_135' title="bbox 1843 4744 3448 4819">
    <p class='ocr_par' dir='ltr' id='par_1_135' title="bbox 1843 4744 3448 4819">
     <span class='ocr_line' id='line_1_135' title="bbox 1843 4744 3448 4819; baseline -0.003 -17"><span class='ocrx_word' id='word_1_911' title='bbox 1843 4744 2075 4812; x_wconf 80' lang='lat' dir='ltr'><strong>,nostris</strong></span> <span class='ocrx_word' id='word_1_912' title='bbox 2119 4750 2384 4819; x_wconf 77' lang='lat' dir='ltr'><strong>episcopis</strong></span> <span class='ocrx_word' id='word_1_913' title='bbox 2440 4744 2752 4817; x_wconf 84' lang='lat' dir='ltr'><strong>regulariter</strong></span> <span class='ocrx_word' id='word_1_914' title='bbox 2796 4744 3091 4819; x_wconf 75' lang='lat' dir='ltr'><strong>sopiretur.</strong></span> <span class='ocrx_word' id='word_1_915' title='bbox 3148 4746 3247 4813; x_wconf 87' lang='lat' dir='ltr'><strong>Qui</strong></span> <span class='ocrx_word' id='word_1_916' title='bbox 3294 4744 3448 4799; x_wconf 88' lang='lat' dir='ltr'><strong>nobis</strong></span> 
     </span>
    </p>
   </div>
   <div class='ocr_carea' id='block_1_136' title="bbox 1878 4818 3446 4889">
    <p class='ocr_par' dir='ltr' id='par_1_136' title="bbox 1878 4818 3446 4889">
     <span class='ocr_line' id='line_1_136' title="bbox 1878 4818 3446 4889; baseline -0.004 -17"><span class='ocrx_word' id='word_1_917' title='bbox 1878 4819 2055 4873; x_wconf 90' lang='lat' dir='ltr'><strong>verbis</strong></span> <span class='ocrx_word' id='word_1_918' title='bbox 2082 4828 2136 4872; x_wconf 90' lang='lat' dir='ltr'><strong>et</strong></span> <span class='ocrx_word' id='word_1_919' title='bbox 2160 4818 2374 4889; x_wconf 75' lang='lat' dir='ltr'><strong>scriptis</strong></span> <span class='ocrx_word' id='word_1_920' title='bbox 2398 4822 2464 4873; x_wconf 85' lang='lat' dir='ltr'><strong>ab</strong></span> <span class='ocrx_word' id='word_1_921' title='bbox 2492 4835 2560 4874; x_wconf 91' lang='lat' dir='ltr'><strong>eo</strong></span> <span class='ocrx_word' id='word_1_922' title='bbox 2582 4820 2890 4874; x_wconf 89' lang='lat' dir='ltr'><strong>renuntians</strong></span> <span class='ocrx_word' id='word_1_923' title='bbox 2917 4818 3050 4872; x_wconf 87' lang='lat' dir='ltr'><strong>haec</strong></span> <span class='ocrx_word' id='word_1_924' title='bbox 3077 4834 3180 4871; x_wconf 86' lang='lat' dir='ltr'><strong>nun</strong></span> <span class='ocrx_word' id='word_1_925' title='bbox 3202 4830 3322 4889; x_wconf 85' lang='lat' dir='ltr'><strong>esse</strong></span> <span class='ocrx_word' id='word_1_926' title='bbox 3348 4831 3446 4868; x_wconf 83' lang='lat' dir='ltr'><strong>ne-</strong></span> 
     </span>
    </p>
   </div>
   <div class='ocr_carea' id='block_1_137' title="bbox 1877 4888 3449 4957">
    <p class='ocr_par' dir='ltr' id='par_1_137' title="bbox 1877 4888 3449 4957">
     <span class='ocr_line' id='line_1_137' title="bbox 1877 4888 3449 4957; baseline -0.002 -16"><span class='ocrx_word' id='word_1_927' title='bbox 1877 4901 2032 4943; x_wconf 85' lang='lat' dir='ltr'><strong>ccsse</strong></span> <span class='ocrx_word' id='word_1_928' title='bbox 2061 4889 2258 4943; x_wconf 89' lang='lat' dir='ltr'><strong>iterare</strong></span> <span class='ocrx_word' id='word_1_929' title='bbox 2287 4890 2370 4944; x_wconf 87' lang='lat' dir='ltr'><strong>vel</strong></span> <span class='ocrx_word' id='word_1_930' title='bbox 2398 4891 2640 4954; x_wconf 86' lang='lat' dir='ltr'><strong>delinire,</strong></span> <span class='ocrx_word' id='word_1_931' title='bbox 2668 4890 2790 4957; x_wconf 87' lang='lat' dir='ltr'><strong>quia</strong></span> <span class='ocrx_word' id='word_1_932' title='bbox 2815 4889 3093 4957; x_wconf 89' lang='lat' dir='ltr'><strong>sepissime</strong></span> <span class='ocrx_word' id='word_1_933' title='bbox 3114 4902 3143 4939; x_wconf 90' lang='lat' dir='ltr'><strong>a</strong></span> <span class='ocrx_word' id='word_1_934' title='bbox 3163 4888 3271 4939; x_wconf 89' lang='lat' dir='ltr'><strong>suis</strong></span> <span class='ocrx_word' id='word_1_935' title='bbox 3296 4898 3449 4954; x_wconf 86' lang='lat' dir='ltr'><strong>prae-</strong></span> 
     </span>
    </p>
   </div>
   <div class='ocr_carea' id='block_1_138' title="bbox 1876 4957 3448 5026">
    <p class='ocr_par' dir='ltr' id='par_1_138' title="bbox 1876 4957 3448 5026">
     <span class='ocr_line' id='line_1_138' title="bbox 1876 4957 3448 5026; baseline -0.003 -15"><span class='ocrx_word' id='word_1_936' title='bbox 1876 4957 2250 5013; x_wconf 85' lang='lat' dir='ltr'><strong>decessoribus</strong></span> <span class='ocrx_word' id='word_1_937' title='bbox 2277 4969 2334 5012; x_wconf 89' lang='lat' dir='ltr'><strong>et</strong></span> <span class='ocrx_word' id='word_1_938' title='bbox 2366 4975 2396 5013; x_wconf 91' lang='lat' dir='ltr'><strong>a</strong></span> <span class='ocrx_word' id='word_1_939' title='bbox 2427 4960 2604 5013; x_wconf 90' lang='lat' dir='ltr'><strong>multis</strong></span> <span class='ocrx_word' id='word_1_940' title='bbox 2631 4960 2835 5013; x_wconf 88' lang='lat' dir='ltr'><strong>sanctis</strong></span> <span class='ocrx_word' id='word_1_941' title='bbox 2862 4959 3124 5026; x_wconf 84' lang='lat' dir='ltr'><strong>episcopis</strong></span> <span class='ocrx_word' id='word_1_942' title='bbox 3156 4965 3318 5026; x_wconf 89' lang='lat' dir='ltr'><strong>atque</strong></span> <span class='ocrx_word' id='word_1_943' title='bbox 3356 4968 3448 5023; x_wconf 82' lang='lat' dir='ltr'><strong>sy-</strong></span> 
     </span>
    </p>
   </div>
   <div class='ocr_carea' id='block_1_139' title="bbox 1881 5027 3450 5097">
    <p class='ocr_par' dir='ltr' id='par_1_139' title="bbox 1881 5027 3450 5097">
     <span class='ocr_line' id='line_1_139' title="bbox 1881 5027 3450 5097; baseline -0.004 -15"><span class='ocrx_word' id='word_1_944' title='bbox 1881 5028 2164 5082; x_wconf 86' lang='lat' dir='ltr'><strong>nodalibus</strong></span> <span class='ocrx_word' id='word_1_945' title='bbox 2211 5029 2579 5085; x_wconf 85' lang='lat' dir='ltr'><strong>sanctionibus</strong></span> <span class='ocrx_word' id='word_1_946' title='bbox 2625 5044 2720 5084; x_wconf 88' lang='lat' dir='ltr'><strong>eos</strong></span> <span class='ocrx_word' id='word_1_947' title='bbox 2774 5042 2892 5082; x_wconf 86' lang='lat' dir='ltr'><strong>esse</strong></span> <span class='ocrx_word' id='word_1_948' title='bbox 2939 5027 3238 5097; x_wconf 82' lang='lat' dir='ltr'><strong>prohibitos</strong></span> <span class='ocrx_word' id='word_1_949' title='bbox 3290 5033 3450 5097; x_wconf 77' lang='lat' dir='ltr'><strong>atque</strong></span> 
     </span>
    </p>
   </div>
   <div class='ocr_carea' id='block_1_140' title="bbox 1880 5092 3448 5161">
    <p class='ocr_par' dir='ltr' id='par_1_140' title="bbox 1880 5092 3448 5161">
     <span class='ocr_line' id='line_1_140' title="bbox 1880 5092 3448 5161; baseline -0.003 -10"><span class='ocrx_word' id='word_1_950' title='bbox 1880 5098 2191 5161; x_wconf 86' lang='lat' dir='ltr'><strong>damnatos;</strong></span> <span class='ocrx_word' id='word_1_951' title='bbox 2223 5107 2279 5152; x_wconf 90' lang='lat' dir='ltr'><strong>et</strong></span> <span class='ocrx_word' id='word_1_952' title='bbox 2307 5100 2428 5153; x_wconf 82' lang='lat' dir='ltr'><strong>ideo</strong></span> <span class='ocrx_word' id='word_1_953' title='bbox 2475 5115 2579 5152; x_wconf 88' lang='lat' dir='ltr'><strong>non</strong></span> <span class='ocrx_word' id='word_1_954' title='bbox 2626 5113 2747 5153; x_wconf 89' lang='lat' dir='ltr'><strong>esse</strong></span> <span class='ocrx_word' id='word_1_955' title='bbox 2790 5092 3007 5151; x_wconf 78' lang='lat' dir='ltr'><strong>necesse</strong></span> <span class='ocrx_word' id='word_1_956' title='bbox 3048 5096 3308 5150; x_wconf 84' lang='lat' dir='ltr'><strong>ventilare</strong></span> <span class='ocrx_word' id='word_1_957' title='bbox 3355 5092 3448 5147; x_wconf 84' lang='lat' dir='ltr'><strong>sed</strong></span> 
     </span>
    </p>
   </div>
   <div class='ocr_carea' id='block_1_141' title="bbox 1880 5164 3445 5244">
    <p class='ocr_par' dir='ltr' id='par_1_141' title="bbox 1880 5164 3445 5244">
     <span class='ocr_line' id='line_1_141' title="bbox 1880 5164 3445 5244; baseline -0.004 -23"><span class='ocrx_word' id='word_1_958' title='bbox 1880 5167 2098 5244; x_wconf 75' lang='lat' dir='ltr'><strong>deﬁnita</strong></span> <span class='ocrx_word' id='word_1_959' title='bbox 2127 5178 2330 5223; x_wconf 88' lang='lat' dir='ltr'><strong>tenere.</strong></span> <span class='ocrx_word' id='word_1_960' title='bbox 2363 5169 2683 5244; x_wconf 70' lang='lat' dir='ltr'><strong>Dixitcitim</strong></span> <span class='ocrx_word' id='word_1_961' title='bbox 2717 5165 3062 5244; x_wconf 72' lang='lat' dir='ltr'><strong>nullunifore</strong></span> <span class='ocrx_word' id='word_1_962' title='bbox 3090 5164 3249 5244; x_wconf 72' lang='lat' dir='ltr'><strong>prosi)</strong></span> <span class='ocrx_word' id='word_1_963' title='bbox 3273 5174 3445 5244; x_wconf 83' lang='lat' dir='ltr'><strong>terum</strong></span> 
     </span>
    </p>
   </div>
   <div class='ocr_carea' id='block_1_142' title="bbox 1874 5236 3443 5295">
    <p class='ocr_par' dir='ltr' id='par_1_142' title="bbox 1874 5236 3443 5295">
     <span class='ocr_line' id='line_1_142' title="bbox 1874 5236 3443 5295; baseline -0.004 -5"><span class='ocrx_word' id='word_1_964' title='bbox 1874 5239 1964 5292; x_wconf 82' lang='lat' dir='ltr'><strong>vel</strong></span> <span class='ocrx_word' id='word_1_965' title='bbox 1993 5238 2276 5292; x_wconf 86' lang='lat' dir='ltr'><strong>diaconum</strong></span> <span class='ocrx_word' id='word_1_966' title='bbox 2314 5248 2407 5292; x_wconf 92' lang='lat' dir='ltr'><strong>aut</strong></span> <span class='ocrx_word' id='word_1_967' title='bbox 2454 5239 2833 5292; x_wconf 83' lang='lat' dir='ltr'><strong>subdiaconum</strong></span> <span class='ocrx_word' id='word_1_968' title='bbox 2883 5238 2951 5290; x_wconf 87' lang='lat' dir='ltr'><strong>ab</strong></span> <span class='ocrx_word' id='word_1_969' title='bbox 2995 5236 3075 5289; x_wconf 88' lang='lat' dir='ltr'><strong>eis</strong></span> <span class='ocrx_word' id='word_1_970' title='bbox 3123 5236 3443 5295; x_wconf 84' lang='lat' dir='ltr'><strong>ordinatum,</strong></span> 
     </span>
    </p>
   </div>
   <div class='ocr_carea' id='block_1_143' title="bbox 1882 5306 3445 5374">
    <p class='ocr_par' dir='ltr' id='par_1_143' title="bbox 1882 5306 3445 5374">
     <span class='ocr_line' id='line_1_143' title="bbox 1882 5306 3445 5374; baseline -0.006 -12"><span class='ocrx_word' id='word_1_971' title='bbox 1882 5323 1985 5363; x_wconf 89' lang='lat' dir='ltr'><strong>nec</strong></span> <span class='ocrx_word' id='word_1_972' title='bbox 2012 5308 2295 5363; x_wconf 79' lang='lat' dir='ltr'><strong>ecclesiam</strong></span> <span class='ocrx_word' id='word_1_973' title='bbox 2322 5312 2388 5364; x_wconf 84' lang='lat' dir='ltr'><strong>ab</strong></span> <span class='ocrx_word' id='word_1_974' title='bbox 2431 5308 2510 5363; x_wconf 92' lang='lat' dir='ltr'><strong>eis</strong></span> <span class='ocrx_word' id='word_1_975' title='bbox 2537 5308 2855 5372; x_wconf 80' lang='lat' dir='ltr'><strong>dedicatam,</strong></span> <span class='ocrx_word' id='word_1_976' title='bbox 2886 5322 2986 5361; x_wconf 87' lang='lat' dir='ltr'><strong>nec</strong></span> <span class='ocrx_word' id='word_1_977' title='bbox 3014 5306 3271 5374; x_wconf 90' lang='lat' dir='ltr'><strong>virginem</strong></span> <span class='ocrx_word' id='word_1_978' title='bbox 3316 5317 3445 5356; x_wconf 85' lang='lat' dir='ltr'><strong>con-</strong></span> 
     </span>
    </p>
   </div>
   <div class='ocr_carea' id='block_1_144' title="bbox 1414 5417 2237 5475">
    <p class='ocr_par' dir='ltr' id='par_1_144' title="bbox 1414 5417 2237 5475">
     <span class='ocr_line' id='line_1_144' title="bbox 1414 5417 2237 5475; baseline 0.001 -3"><span class='ocrx_word' id='word_1_979' title='bbox 1414 5417 1803 5475; x_wconf 79' lang='lat' dir='ltr'><strong>VARIANTES</strong></span> <span class='ocrx_word' id='word_1_980' title='bbox 1839 5419 2237 5475; x_wconf 70' lang='lat' dir='ltr'><strong>LECTIONES.</strong></span> 
     </span>
    </p>
   </div>
   <div class='ocr_carea' id='block_1_145' title="bbox 264 5504 1176 5575">
    <p class='ocr_par' dir='ltr' id='par_1_145' title="bbox 264 5504 1176 5575">
     <span class='ocr_line' id='line_1_145' title="bbox 264 5504 1176 5575; baseline 0.003 -16"><span class='ocrx_word' id='word_1_981' title='bbox 264 5507 281 5536; x_wconf 84' lang='grc'>¹</span> <span class='ocrx_word' id='word_1_982' title='bbox 311 5504 599 5575; x_wconf 89' lang='lat' dir='ltr'><strong>deputetur</strong></span> <span class='ocrx_word' id='word_1_983' title='bbox 624 5505 739 5561; x_wconf 85' lang='lat' dir='ltr'><strong>Bal.</strong></span> <span class='ocrx_word' id='word_1_984' title='bbox 842 5507 862 5537; x_wconf 78' lang='lat'><strong>’</strong></span> <span class='ocrx_word' id='word_1_985' title='bbox 889 5506 1028 5573; x_wconf 74' lang='lat' dir='ltr'><strong>deest</strong></span> <span class='ocrx_word' id='word_1_986' title='bbox 1058 5506 1176 5562; x_wconf 84' lang='lat' dir='ltr'><strong>Bal.</strong></span> 
     </span>
    </p>
   </div>
   <div class='ocr_carea' id='block_1_146' title="bbox 1270 5501 3447 5582">
    <p class='ocr_par' dir='ltr' id='par_1_146' title="bbox 1270 5501 3447 5582">
     <span class='ocr_line' id='line_1_146' title="bbox 1270 5501 3447 5582; baseline -0 -16"><span class='ocrx_word' id='word_1_987' title='bbox 1270 5510 1291 5582; x_wconf 58' lang='grc' dir='ltr'>ξ</span> <span class='ocrx_word' id='word_1_988' title='bbox 1322 5510 1593 5582; x_wconf 83' lang='lat' dir='ltr'><strong>custodire</strong></span> <span class='ocrx_word' id='word_1_989' title='bbox 1620 5510 1735 5582; x_wconf 85' lang='lat' dir='ltr'><strong>Bal.</strong></span> <span class='ocrx_word' id='word_1_990' title='bbox 1767 5522 1817 5566; x_wconf 89' lang='lat' dir='ltr'><strong>et</strong></span> <span class='ocrx_word' id='word_1_991' title='bbox 1845 5511 1909 5567; x_wconf 74' lang='grc' dir='ltr'><strong>ϐ.</strong></span> <span class='ocrx_word' id='word_1_992' title='bbox 1938 5512 2031 5565; x_wconf 90' lang='lat' dir='ltr'><strong>sed</strong></span> <span class='ocrx_word' id='word_1_993' title='bbox 2074 5512 2155 5582; x_wconf 74' lang='lat' dir='ltr'><strong>hic</strong></span> <span class='ocrx_word' id='word_1_994' title='bbox 2202 5515 2442 5568; x_wconf 75' lang='lat' dir='ltr'><strong>correxit.</strong></span> <span class='ocrx_word' id='word_1_995' title='bbox 2520 5513 2539 5545; x_wconf 68' lang='grc'>⁸</span> <span class='ocrx_word' id='word_1_996' title='bbox 2570 5513 2787 5582; x_wconf 71' lang='lat' dir='ltr'><strong>margini</strong></span> <span class='ocrx_word' id='word_1_997' title='bbox 2814 5512 3027 5569; x_wconf 86' lang='lat' dir='ltr'><strong>inseruit</strong></span> <span class='ocrx_word' id='word_1_998' title='bbox 3057 5510 3123 5569; x_wconf 78' lang='grc' dir='ltr'><strong>ϐ.</strong></span> <span class='ocrx_word' id='word_1_999' title='bbox 3155 5501 3447 5566; x_wconf 76' lang='grc' dir='ltr'><strong>άε.·›ι’Βαιι</strong></span> 
     </span>
    </p>
   </div>
   <div class='ocr_carea' id='block_1_147' title="bbox 189 5575 2317 5652">
    <p class='ocr_par' dir='ltr' id='par_1_147' title="bbox 189 5575 2317 5652">
     <span class='ocr_line' id='line_1_147' title="bbox 189 5575 2317 5652; baseline 0.004 -23"><span class='ocrx_word' id='word_1_1000' title='bbox 189 5575 211 5606; x_wconf 82' lang='grc'>⁸</span> <span class='ocrx_word' id='word_1_1001' title='bbox 237 5584 295 5630; x_wconf 91' lang='lat' dir='ltr'><strong>et</strong></span> <span class='ocrx_word' id='word_1_1002' title='bbox 322 5585 378 5630; x_wconf 91' lang='lat' dir='ltr'><strong>ut</strong></span> <span class='ocrx_word' id='word_1_1003' title='bbox 408 5575 523 5631; x_wconf 87' lang='lat' dir='ltr'><strong>Bal.</strong></span> <span class='ocrx_word' id='word_1_1004' title='bbox 600 5577 622 5607; x_wconf 83' lang='grc'>⁶</span> <span class='ocrx_word' id='word_1_1005' title='bbox 651 5578 790 5632; x_wconf 85' lang='lat' dir='ltr'><strong>deest</strong></span> <span class='ocrx_word' id='word_1_1006' title='bbox 823 5575 937 5631; x_wconf 87' lang='lat' dir='ltr'><strong>Bal.</strong></span> <span class='ocrx_word' id='word_1_1007' title='bbox 1033 5579 1054 5609; x_wconf 87' lang='grc'><strong>⁷</strong></span> <span class='ocrx_word' id='word_1_1008' title='bbox 1087 5578 1387 5636; x_wconf 88' lang='lat' dir='ltr'><strong>noluerit...</strong></span> <span class='ocrx_word' id='word_1_1009' title='bbox 1420 5581 1682 5637; x_wconf 87' lang='lat' dir='ltr'><strong>habeatur</strong></span> <span class='ocrx_word' id='word_1_1010' title='bbox 1705 5581 1825 5637; x_wconf 87' lang='lat' dir='ltr'><strong>Bal.</strong></span> <span class='ocrx_word' id='word_1_1011' title='bbox 1924 5582 1946 5613; x_wconf 80' lang='grc'>⁸</span> <span class='ocrx_word' id='word_1_1012' title='bbox 1972 5581 2222 5652; x_wconf 86' lang='lat' dir='ltr'><strong>producit</strong></span> <span class='ocrx_word' id='word_1_1013' title='bbox 2251 5582 2317 5638; x_wconf 87' lang='lat' dir='ltr'><strong>G.</strong></span> 
     </span>
    </p>
   </div>
   <div class='ocr_carea' id='block_1_148' title="bbox 1722 5693 1950 5747">
    <p class='ocr_par' dir='ltr' id='par_1_148' title="bbox 1722 5693 1950 5747">
     <span class='ocr_line' id='line_1_148' title="bbox 1722 5693 1950 5747; baseline 0.004 -1"><span class='ocrx_word' id='word_1_1014' title='bbox 1722 5693 1950 5747; x_wconf 78' lang='grc' dir='ltr'><strong>ΝΟΤᾹΞ.</strong></span> 
     </span>
    </p>
   </div>
   <div class='ocr_carea' id='block_1_149' title="bbox 259 5690 2220 5859">
    <p class='ocr_par' dir='ltr' id='par_1_149' title="bbox 259 5690 2220 5859">
     <span class='ocr_line' id='line_1_149' title="bbox 1722 5693 1950 5747; baseline 0.004 -1"><span class='ocrx_word' id='word_1_1015' title='bbox 1722 5693 1768 5746; x_wconf 87' lang='grc' dir='ltr'>Ν</span> <span class='ocrx_word' id='word_1_1016' title='bbox 1940 5733 1950 5747; x_wconf 93' lang='grc'>.</span> 
     </span>
     <span class='ocr_line' id='line_1_150' title="bbox 259 5690 2220 5859; baseline 0 -17"><span class='ocrx_word' id='word_1_1017' title='bbox 259 5797 285 5826; x_wconf 68' lang='grc' dir='ltr'><strong>ι</strong></span> <span class='ocrx_word' id='word_1_1018' title='bbox 324 5786 450 5842; x_wconf 83' lang='lat' dir='ltr'><strong>Post</strong></span> <span class='ocrx_word' id='word_1_1019' title='bbox 475 5784 739 5859; x_wconf 70' lang='lat' dir='ltr'><strong>judicium</strong></span> <span class='ocrx_word' id='word_1_1020' title='bbox 769 5783 1074 5857; x_wconf 80' lang='lat' dir='ltr'><strong>episcopale</strong></span> <span class='ocrx_word' id='word_1_1021' title='bbox 1112 5708 1388 5840; x_wconf 66' lang='lat' dir='ltr'><strong>omissa.ut</strong></span> <span class='ocrx_word' id='word_1_1022' title='bbox 1418 5800 1506 5857; x_wconf 87' lang='lat' dir='ltr'><strong>ap.</strong></span> <span class='ocrx_word' id='word_1_1023' title='bbox 1548 5785 1635 5843; x_wconf 87' lang='lat' dir='ltr'><strong>Ps.</strong></span> <span class='ocrx_word' id='word_1_1024' title='bbox 1664 5690 1978 5858; x_wconf 41' lang='lat' dir='ltr'><strong>Felgii‘fp.</strong></span> <span class='ocrx_word' id='word_1_1025' title='bbox 2011 5787 2063 5855; x_wconf 69' lang='lat'><strong>2,</strong></span> <span class='ocrx_word' id='word_1_1026' title='bbox 2093 5804 2139 5842; x_wconf 85' lang='lat' dir='ltr'><strong>c.</strong></span> <span class='ocrx_word' id='word_1_1027' title='bbox 2169 5787 2220 5842; x_wconf 91' lang='lat'><strong>8.</strong></span> 
     </span>
    </p>
   </div>
  </div>
