3974 6340
148 320 271 378 853

639 321 791 379 COD.
831 319 1103 377 DIPLOM.
1144 349 1214 360 —-—
1251 318 1610 376 BENEDICTI
1650 308 2173 378 CAPITULARIUM
2207 322 2612 382 COLLECTIO.
2641 356 2709 363 —
2740 324 2868 380 LIB.
2912 325 2994 380 lll.

3359 327 3464 385 85$

146 439 537 512 commonitus
582 437 693 492 Deo
723 437 1017 512 auxiliante
1060 435 1371 503 reddiderit,
1404 436 1472 491 ab
1502 434 1769 491 ecclesiae
1799 440 1847 499 Α
1873 439 1996 510 quid
2042 442 2298 510 agendum
2336 441 2429 494 sit.
2461 441 2516 496 Si
2538 442 2660 512 quis
2693 457 2779 498 res
2813 441 3080 497 ecclesiae
3125 441 3335 506 debitas
3383 450 3471 506 vel

146 510 479 567 catholicae
501 508 883 564 communione
914 507 1164 577 pellatur.

226 577 368 633 26*.
415 577 486 634 Ut
539 579 846 649 posteriores
891 578 1119 647 episcopi
1167 594 1286 649 non,
1320 593 1377 632 se
1435 585 1766 649 praeponant

146 649 455 720 prioribus.
485 647 554 706 Ut
574 649 752 705 nullus
780 650 1069 720 episcopus
1103 648 1379 718 prioribus
1413 647 1526 703 suis
1554 662 1615 703 se
1666 663 1767 702 au-

147 722 290 776 deat
321 728 675 790 anteponere.

224 811 373 867 269.
411 812 479 867 Ut
509 812 702 884 clerici,
732 812 817 884 qui
855 811 967 866 sine
981 811 1226 884 epistolis
1253 810 1482 881 episcopi
1513 811 1592 864 sui
1619 820 1771 884 ertra

148 885 444 955 propriam
496 880 826 955 parrochiam
860 882 1083 955 profecti
1134 884 1352 953 fuerint,
1407 880 1770 955 communione

152 950 446 1023 ptirentur
463 971 481 1019 ,'
496 950 559 1008 ἐι
604 954 648 1007 si
662 1022 665 1023 ν
677 950 1052 1022 incorrigibiles
1069 950 1443 1023 apparuerint.
1480 950 1770 1023 uerberibus

150 1034 511 1081 coerceantur
543 1026 583 1079 ‘.
641 1022 866 1078 Clericis
888 1025 908 1054 ’
932 1023 1048 1078 sine
1091 1022 1548 1077 co’mmemlatitiis
1573 1022 1777 1091 episto-

151 1098 225 1151 lis
260 1094 514 1166 episcopi
538 1094 622 1166 sui
668 1094 892 1166 licentia
926 1109 1030 1148 non
1062 1101 1245 1166 pateat
1292 1093 1583 1166 evagandi;
1618 1101 1674 1166 et
1720 1092 1775 1146 in

155 1160 332 1223 ornrsi
362 1160 507 1229 loco,
541 1165 610 1219 ad
646 1180 807 1235 quem
850 1164 969 1220 sine
996 1160 1240 1235 epistolis
1263 1160 1501 1234 episcopi
1554 1160 1815 1235 sui,dut’,

155 1237 385 1292 dictum
417 1242 523 1299 est,
548 1233 816 1300 venerint,
841 1249 873 1289 a
901 1234 1283 1290 communione
1300 1233 1616 1289 habeantur
1639 1233 1775 1287 alie-

156 1308 240 1362 ni.
282 1309 347 1363 ln
379 1306 660 1361 monachis
687 1320 904 1375 quoque
951 1320 1049 1374 par
1101 1304 1271 1375 forma
1323 1311 1776 1375 serveturgquos

157 1379 207 1434 si
232 1378 536 1434 verborum
559 1373 930 1445 increpatione
947 1373 1053 1429 non
1081 1374 1490 1431 emendaverint
1509 1412 1525 1440 ,
1555 1374 1720 1428 etiam
1754 1373 1775 1404 ³

159 1449 499 1504 verberibus
522 1444 812 1503 statuimus
834 1444 1136 1502 coherceri.

234 1538 378 1594 2'70.
414 1538 494 1592 De
544 1537 765 1604 clericis,
813 1536 861 1591 si
910 1536 1207 1591 ebrietatem
1236 1553 1340 1591 non
1370 1536 1679 1597 citaverint,
1720 1544 1777 1589 ut

161 1609 688 1665 excomnutnicentur
712 1617 803 1661 aut
838 1608 1184 1662 verberentur.
1258 1607 1399 1662 Ante
1445 1607 1624 1662 omnia
1682 1621 1714 1660 a
1756 1604 1779 1636 ⁸

162 1681 397 1736 clericis
412 1680 612 1734 vitetur
632 1678 885 1741 ebrietas,
909 1692 1048 1746 quae
1070 1677 1310 1739 omnium
1334 1677 1585 1732 vitiorum
1606 1676 1779 1731 {mnes

164 1765 234 1806 ac
257 1750 455 1806 nutrix
483 1758 586 1803 est.
617 1749 728 1804 Nec
754 1750 876 1817 quis
907 1749 928 1779 ⁸
965 1756 1145 1818 potest
1175 1747 1401 1803 liberum
1422 1746 1666 1817 corporis
1692 1746 1776 1801 sui

165 1835 235 1876 ac
260 1821 468 1875 mentis
496 1820 699 1873 habere
728 1819 1003 1884 indicium,
1028 1818 1120 1889 qui
1149 1827 1342 1887 captus
1374 1819 1504 1889 vino
1551 1833 1582 1871 a
1611 1831 1777 1871 sensu
1815 1829 1853 1883 Β

207 1893 447 1946 robatnr
485 1891 729 1955 alienus;
786 1898 842 1944 et
890 1888 1179 1959 proclivius
1227 1890 1293 1943 ad
1324 1888 1578 1944 iudicium
1622 1901 1777 1942 mens

207 1906 447 1946 rouatnr
485 1906 729 1955 alienus;
786 1906 842 1944 et
890 1906 1179 1959 procttvtus
1227 1906 1293 1943 au
1324 1906 1578 1944 tuutctum
1622 1906 1776 1942 meus

165 1906 507 2041 rabelactata
530 1960 765 2041 ducitur,
799 1968 871 2041 ut,
892 1961 914 1990 ⁸
945 1960 1261 2041 plerumque
1290 1960 1464 2041 possit
1492 1965 1776 2041 peccatum

172 2041 277 2087 aut
301 2037 526 2096 crimen,
549 2032 676 2085 dum
709 2031 898 2095 nescit,
949 2028 1246 2085 incurrere.
1290 2028 1598 2099 Ignorantia
1646 2044 1778 2083 vero

174 2104 311 2157 talis
330 2118 439 2157 non
465 2110 645 2171 potest
672 2100 907 2169 ell'ugere
924 2114 1176 2171 poenam,
1206 2114 1367 2168 quam
1394 2115 1461 2154 es
1477 2100 1779 2154 voluntaria

174 2175 425 2227 amentia
477 2185 726 2237 manasse
772 2171 1095 2225 constiterit.
1156 2170 1341 2239 Itaque
1380 2184 1780 2239 quemcumque

175 2244 395 2298 ebrium
424 2242 590 2297 fuisse
618 2241 944 2306 constiterit,
975 2250 1034 2295 ut
1075 2241 1211 2295 ordo
1242 2241 1461 2311 patitur,
1492 2249 1586 2294 aut
1640 2254 1779 2311 qua-

176 2313 434 2382 draginta
490 2313 702 2367 dierum
754 2312 932 2381 spatio
977 2326 1006 2364 a
1038 2310 1447 2382 communione
1493 2310 1782 2382 statuimus

178 2380 637 2524 gbigovendum,
667 2389 764 2437 aut
790 2380 1069 2453 corporali
1107 2382 1444 2438 subdendum
1485 2396 1606 2437 esse
1653 2380 1782 2436 sub-

247 2470 312 2508 lCl
352 2492 369 2509 .

247 2469 369 2509 ICIO.

258 2523 383 2579 27l.
414 2523 492 2579 De
512 2524 612 2590 Ιιὶε,
642 2523 733 2595 qui
760 2538 850 2588 per
872 2523 1187 2595 calumnfam
1214 2521 1481 2577 ecclesiam
1513 2532 1602 2595 aut
1636 2519 1782 2595 cleri-

182 2611 300 2649 cum
339 2597 569 2667 fatigare
614 2592 1003 2667 temptaverint.
1052 2593 1109 2649 Si
1146 2594 1268 2662 quis
1313 2608 1409 2662 per
1455 2592 1780 2667 calumniam

182 2663 475 2721 ecclesiam
500 2675 593 2719 aut
621 2663 881 2720 clericum
915 2663 1140 2732 fatigare
1173 2664 1539 2732 temptaverit,
1565 2671 1621 2717 et
1642 2677 1782 2717 con-

183 2736 362 2791 victus
411 2736 607 2801 fuerit,
655 2734 925 2791 ecclesiae
978 2734 1252 2788 liminibus
1289 2743 1342 2788 et
1391 2733 1783 2789 catholicorum

184 2809 606 2869 communione,
636 2806 738 2860 nisi
766 2806 926 2873 digne
947 2805 1294 2873 poenituerit,
1325 2810 1596 2857 arceatur.

261 2875 394 2930 τη.
421 2875 489 2928 Ut
507 2877 623 2930 laici
642 2891 742 2929 non
761 2874 1066 2930 ordinentur
1086 2874 1186 2928 nisi
1209 2875 1457 2942 religione
1474 2873 1777 2940 praemissa.

194 2945 267 3000 Et
307 2956 367 2999 ut
397 2946 718 3000 monastiriis
764 2946 1050 3016 puellarum
1100 2944 1349 3016 probatae
1392 2945 1526 3016 vitae
1553 2946 1783 3016 tamines

196 3019 558 3088 praeligantur
594 3019 635 3071 ⁷.
677 3013 1063 3088 Praecipimus,
1090 3013 1157 3071 ne
1188 3015 1355 3088 laicus
1382 3013 1484 3067 nisi
1523 3013 1783 3088 religione

203 3084 494 3156 praemissa
524 3088 743 3143 clericus
772 3084 964 3156 liatlln
996 3085 1382 3156 monasterium
1414 3098 1555 3149 vero,
1574 3084 1778 3156 puella-

202 3154 321 3211 runt
360 3157 601 3241 homines
654 3158 676 3190 ⁸
744 3155 956 3212 nonnisi
1007 3158 1265 3226 probatae
1308 3155 1453 3209 vitae
1484 3154 1780 3241 tet-aetatis
1806 3162 1865 3241 ε

196 3237 487 3300 provectae
524 3229 591 3282 ad
647 3224 1021 3300 quascumque
1052 3241 1238 3300 earum
1289 3224 1643 3300 necessitates
1690 3224 1778 3300 vel

188 3294 617 3382 ministrationes
664 3294 1060 3382 'permittantur
1107 3298 1336 3382 intrare,
1385 3294 1780 3382 adfaciendas

187 3382 320 3449 vero
342 3369 536 3449 missas
562 3366 767 3449 clerici,
817 3368 910 3449 qni
944 3367 1177 3449 ingressi
1207 3366 1423 3449 fuerint,
1445 3367 1625 3421 statim
1657 3379 1781 3439 per-

188 3437 311 3495 act'o
342 3439 644 3496 ministerio
669 3437 882 3508 regredi
940 3437 1226 3508 festinent.
1250 3439 1419 3491 Aliter
1460 3445 1641 3508 autem
1682 3449 1782 3490 nec

190 3510 421 3565 clericus
446 3525 550 3566 nec
577 3506 875 3565 monachus
928 3508 1139 3563 iuvenis
1160 3507 1324 3561 ullum
1370 3507 1435 3560 ad
1480 3506 1780 3576 puellarum

192 3581 668 3650 congregationem
685 3580 880 3634 habeat
909 3593 1211 3650 accessum,
1252 3577 1351 3650 nisi
1382 3577 1607 3650 liceant
1631 3577 1652 3609 θ
1686 3592 1782 3646 pa-

192 3646 345 3705 tern'a
372 3646 467 3706 a'ut
494 3665 750 3720 germana
779 3648 1124 3706 necessitudo
1153 3646 1413 3717 probetur
1434 3647 1741 3720 admittere.

258 3720 389 3782 2T5.
417 3717 618 3788 De'ltis,
651 3722 736 3789 qui
764 3721 1136 3775 districtionem
1156 3720 1517 3789 episcoporum
1563 3717 1785 3789 cii-case

187 3794 529 3847 austeriorem
554 3786 859 3864 putaverint,
893 3790 1286 3864 (iniungendum
1323 3786 1409 3842 sit.
1443 3787 1509 3841 Si
1528 3790 1648 3855 quis
1675 3786 1785 3864 cle-

185 3864 432 3918 ricorum
475 3858 622 3918 circa
656 3876 718 3917 se
751 3870 845 3917 aut
882 3858 1274 3916 districtionem
1318 3868 1412 3911 aut
1451 3858 1787 3912 retractatio-

189 3947 320 3988 nem
356 3934 401 3964 ¹⁰
448 3934 687 4004 episcopi
716 3933 799 3988 sui
828 3939 982 4004 putat
1018 3931 1294 4004 iniustam,
1342 3930 1492 3984 iuxta
1538 3928 1787 3999 antiquas

185 4003 612 4074 constitutiOnes
631 4014 874 4059 recurrat
901 4003 968 4056 ad
993 4003 1282 4074 synodum.

258 4073 392 4129 274.
428 4074 506 4128 De
544 4075 927 4145 conspiratione
953 4070 1255 4126 clericorum
1299 4070 1381 4145 uel
1414 4077 1785 4145 monachorum

186 4155 282 4199 aut
304 4145 580 4200 laicorum.
613 4140 810 4214 Siquis
839 4144 1184 4214 clericorum,
1227 4151 1289 4196 ut
1339 4142 1392 4196 in
1442 4140 1788 4214 multislocis

183 4217 412 4271 diabolo
443 4211 733 4282 instigante
781 4222 963 4269 actum
1012 4212 1177 4267 fuisse
1232 4212 1520 4282 perpatuit,
1572 4211 1789 4282 rebellis

184 4286 507 4341 auctoritati
541 4281 596 4317 “7
615 4302 675 4341 se
724 4286 777 4339 in
808 4300 970 4338 unum
1001 4285 1378 4338 coniuratione
1417 4281 1789 4337 intercedente

181 4357 480 4426 collegerit
508 4357 570 4423 “,
612 4364 669 4411 et
721 4363 813 4410 ant
864 4361 1202 4426 sacramenta
1240 4354 1382 4426 inter
1428 4366 1488 4426 se
1518 4352 1665 4405 'data
1697 4359 1792 4405 aut

182 4423 460 4483 cartulam
482 4427 845 4495 conscriptam
870 4424 1033 4481 fuisse
1058 4424 1311 4493 patuerit,
1361 4423 1548 4495 nullis
1568 4436 1792 4495 excusa-

184 4497 434 4555 tionibus
460 4497 595 4553 haec
616 4492 985 4567 praesumptio
1021 4492 1419 4567 praevcllatur;
1456 4493 1552 4550 scd
1584 4507 1669 4546 res
1697 4492 1789 4546 de-

183 4552 364 4634 tecta,
397 4583 519 4623 cum
545 4568 597 4621 in
618 4552 887 4638 'synodnni
910 4552 1131 4621 veniunt
1177 4562 1354 4638 fuerit,
1398 4552 1461 4619 in
1509 4577 1789 4638 pracsmn-
1819 4552 1867 4609 ο

180 4639 443 4711 ptoribus
472 4641 619 4695 iuxta
640 4635 989 4711 personarum
1032 4645 1089 4691 et
1135 4636 1380 4711 ordinum
1400 4635 1723 4711 quaitatem
1755 4649 1785 4687 a

182 4704 562 4782 pontiﬁcibus,
595 4704 685 4782 qui
716 4716 842 4764 tunc
865 4710 916 4782 in
949 4721 1113 4761 unum
1152 4705 1365 4760 collecti
1396 4704 1641 4782 l'_derint,_
1667 4705 1785 4782 vin-

186 4774 446 4845 dicetur;
478 4774 777 4850 quia'sicut
807 4779 1005 4834 caritas
1034 4791 1101 4850 ex
1125 4847 1132 4850 _
1152 4776 1455 4850 praeceptis
1499 4774 1785 4850 dominicis

190 4852 387 4917 corde,
410 4846 518 4906 non
566 4853 808 4906 cartulae
846 4846 1247 4917 conscriptione
1283 4846 1785 4917 velrconiuratione

188 4931 280 4979 est
310 4915 635 4987 esbibenda,
667 4921 739 4974 ita
760 4919 907 4988 quod
931 4915 1091 4986 supra
1117 4915 1299 4974 sacras
1326 4915 1626 4988 admittitur
1650 4916 1780 4970 scri-

186 5002 406 5065 pturas,
438 4992 764 5048 auctoritate
779 4986 1199 5046 etdistrictione
1218 4986 1529 5057 pontiﬁcali
1578 4993 1665 5041 est
1693 5001 1783 5041 re-

190 5063 561 5116 nrimendum.

231 5078 561 5118 rtutenuum.

187 5081 561 5136 prtmenuum.

265 5133 396 5189 275.
429 5131 510 5188 De
534 5134 636 5198 Itis,
666 5132 753 5202 qui
780 5146 861 5186 res
897 5132 1142 5186 ecclesiae
1170 5129 1388 5185 traditas
1436 5126 1685 5202 invadunt
1713 5129 1790 5183 vel

189 5215 404 5261 vastant
440 5216 531 5258 aut
557 5201 747 5274 absque
763 5204 958 5274 praprii
981 5203 1204 5274 episcopi
1231 5215 1485 5257 consensu
1507 5201 1789 5271 accipiunt,

1876 512 2123 584 proprias
2172 512 2470 593 sacerdotis
2518 514 2823 593 horrendae
2872 513 3186 580 cupiditatis
3217 515 3472 593 instinctu

1876 583 2245 657 occupaverit,
2275 583 2565 657 retinuerit
2595 592 2691 637 aut
2735 598 2764 636 a
2812 593 3081 657 potestate
3123 599 3191 657 ex
3218 592 3477 657 competi-

1875 655 2024 710 tione
2052 654 2380 722 perceperit,
2409 653 2454 707 si
2482 668 2574 708 eas
2601 669 2708 707 non
2744 655 3015 721 restituat,
3046 655 3206 711 nullis
3231 671 3290 711 se
3319 653 3479 716 rebus

1875 731 2118 781 excuset.
2150 722 2307 788 Quod
2321 725 2365 777 si
2392 724 2575 792 agnito
2607 725 2652 755 ⁸³
2684 725 2801 779 iure
2830 725 3200 781 ecclesiastico
3226 742 3331 783 non
3360 740 3478 785 sta-

1875 797 1970 868 tim
2001 794 2264 849 ecclesiae
2289 793 2372 847 vel
2395 795 2665 868 sacerdoti
2696 794 3205 868 reformaverit,aut
3226 807 3281 851 ut
3304 798 3476 868 ipsum

1877 866 1959 921 ius
1977 878 2274 932 agnoscere
2324 864 2584 932 possit-in
2632 865 2887 919 iudicium
2939 865 3234 920 electorum
3292 864 3480 926 venire

1876 935 2181 1001 distulerit;
2209 933 2415 989 tamdiu
2444 950 2475 987 a
2506 935 2892 991 communione
2938 936 3304 993 ecclesiastica
3356 956 3479 995 sus-

1876 1008 2165 1078 pendatur,
2227 1004 2483 1078 quamdiu
2534 1006 2798 1078 restitutis
2836 1006 2999 1061 rebus
3040 1016 3148 1078 tam
3192 1010 3480 1066 ecclesiam

1876 1074 2036 1146 quam
2067 1075 2409 1131 sacerdotem
2456 1074 2648 1130 reddat
2691 1076 3019 1131 indemnem.
3070 1076 3274 1135 Similis
3312 1082 3478 1136 etiam

1878 1145 1980 1212 Itis,
2016 1146 2105 1215 qui
2129 1145 2435 1201 oblationes
2455 1145 2833 1200 defunctorum
2885 1147 3130 1203 ecclesiis
3169 1152 3252 1204 vel
3299 1166 3483 1207 sacer-

1877 1218 2093 1273 dotibus
2119 1216 2365 1289 legaliter
2390 1217 2642 1289 dimissas
2671 1216 2912 1285 quolibet
2957 1217 3150 1274 ordine
3197 1220 3484 1289 adsignare

1881 1287 2215 1358 tardaverint
2245 1288 2329 1341 vel
2358 1288 2597 1358 retinere
2618 1291 3101 1358 praesumpserint,
3126 1287 3484 1349 districtionis

1878 1357 2279 1431 ecclesiasticae
2307 1358 2454 1431 iuxta
2487 1356 2700 1431 priores
2728 1356 2964 1431 canones
3007 1360 3178 1431 forma
3209 1371 3480 1418 servetur.

1878 1427 2159 1501 Cuictiam
2182 1428 2484 1501 sententiae
2505 1427 2828 1501 subiacebit,
2854 1429 3215 1501 quisquis__sibi
3239 1434 3485 1501 quolibet

1878 1500 2089 1561 ordine,
2119 1498 2262 1568 quod
2309 1513 2410 1568 pro
2437 1497 2728 1570 devotione
2766 1513 2864 1570 sua
2905 1499 3151 1570 ecclesiis
3194 1497 3363 1570 dedit,
3395 1518 3482 1559 re-

1878 1584 2077 1626 vocare
2101 1567 2548 1639 praesumpserit.
2594 1567 2920 1639 Abb‘atibus,
2970 1569 3284 1638 presbiteris
3332 1567 3482 1628 cete-

1879 1643 2063 1709 risque
2086 1638 2344 1694 ministris
2374 1639 2442 1694 de
2470 1639 2630 1694 rebus
2654 1638 3041 1709 ecclesiasticis
3071 1641 3157 1694 vel
3194 1656 3349 1697 sacro
3379 1644 3486 1697 mi-

1884 1708 2108 1783 nisterio
2140 1710 2348 1783 traditis
2376 1710 2452 1783 nil_
2475 1709 2718 1783 alienare
2739 1708 2828 1783 vel
2857 1710 3102 1783 obligare
3133 1711 3337 1780 absque
3366 1729 3488 1783 pcr~

1885 1781 2142 1837 missione
2169 1788 2224 1834 et
2244 1780 2646 1857 subscriptione
2667 1779 2909 1850 episcopi
2931 1780 3014 1835 sui
3047 1780 3232 1857 liceat.
3255 1779 3416 1849 Quod
3440 1785 3486 1839 si

1883 1852 2364 1924 praesmnpserint,
2388 1851 2798 1919 'degradentur,
2845 1851 3234 1924 communione
3262 1868 3488 1908 conces-

1879 1921 1937 1978 sa
1962 1939 1980 1989 ;
2008 1921 2227 1992 etquod
2260 1930 2463 1977 temere
2485 1931 2889 1991 praesumptum
2936 1930 3029 1976 aut
3062 1921 3358 1979 alienatum
3387 1933 3489 1992 est,

1881 1994 2225 2050 ordinatione
2250 1993 2494 2061 episcopi
2521 1999 2836 2047 revocetur.

1955 2085 2082 2141 276.
2124 2084 2203 2139 De
2250 2086 2332 2139 Itis
2368 2085 2615 2156 quaedie
2664 2085 2923 2141 dominico
2952 2086 3039 2156 agi
3073 2083 3119 2117 ”
3155 2086 3490 2156 prohibentur

1884 2158 1959 2229 vel
1989 2158 2378 2229 permittuntur.
2408 2155 2747 2229 Audivirnus,
2781 2155 3097 2229 persuasum
3130 2155 3251 2229 esse
3276 2160 3490 2229 populis

1883 2228 1973 2282 die
1990 2226 2269 2282 dominico
2292 2227 2375 2294 agi
2393 2241 2516 2281 cum
2545 2226 2770 2281 caballis
2794 2234 2889 2280 aut
2914 2226 3088 2282 bubus
3112 2228 3198 2281 vel
3228 2226 3491 2285 vehiculis

1882 2298 2080 2353 itinera
2108 2313 2213 2351 non
2236 2296 2458 2361 debere,
2489 2310 2667 2365 neque
2698 2296 2861 2351 ullam
2909 2311 3023 2350 rem
3055 2296 3122 2352 ad
3170 2297 3371 2354 victum
3403 2315 3491 2355 re-

1882 2384 2100 2439 parare,
2130 2367 2217 2422 vel
2246 2381 2330 2439 ea.
2361 2381 2505 2436 quae
2541 2367 2608 2421 ad
2638 2366 2871 2421 nitorem
2903 2366 3096 2423 domus
3127 2368 3210 2439 vel
3253 2369 3491 2425 hominis

1884 2437 2178 2510 pertinent,
2201 2437 2508 2510 nullatenus
2535 2451 2824 2510 exercere;
2852 2452 3101 2510 quaeres
3133 2438 3201 2492 ad
3223 2440 3488 2495 iudaicam

1882 2507 2325 2577 superstitionem
2359 2509 2529 2567 magis
2549 2522 2711 2576 quam
2735 2507 2801 2562 ad
2825 2507 3172 2564 cliristiattam
3195 2510 3492 2565 observan-

1885 2581 2015 2634 tiam
2041 2578 2314 2647 pertinere
2345 2578 2626 2648 probatur.
2657 2577 3000 2648 Quapropter
3031 2578 3085 2631 id
3109 2580 3153 2609 ³⁸
3178 2581 3491 2647 statuimus,

1884 2657 1945 2704 ut
1964 2649 2050 2704 die
2075 2648 2351 2703 dominico
2378 2647 2523 2717 quod
2546 2658 2671 2703 ante
2690 2647 2804 2702 tieri
2834 2649 3003 2712 licuit,
3038 2649 3220 2704 liceat.
3244 2650 3288 2704 Δ
3319 2652 3488 2705 rurali

1887 2728 2067 2774 tamen
2088 2733 2277 2789 opere,
2310 2717 2363 2772 id
2392 2726 2478 2773 est
2517 2732 2683 2786 Opere
2709 2719 2913 2789 aratri,
2931 2718 3021 2773 vel
3049 2723 3261 2784 vineae,
3289 2720 3376 2775 vel
3401 2736 3492 2775 se-

1889 2790 2069 2846 ctione
2089 2789 2284 2844 messis
2310 2788 2633 2844 excussione
2662 2797 2856 2844 exarto
2880 2788 2922 2820 ¹⁶
2945 2788 3028 2843 vel
3055 2805 3186 2857 sepe
3218 2791 3258 2822 ³⁷
3282 2792 3496 2846 censui-

1885 2875 2006 2914 mus
2034 2858 2445 2924 abstinendum,
2475 2873 2584 2928 quo
2613 2858 2827 2914 facilius
2856 2859 2922 2914 ad
2955 2859 3244 2915 ecclesiam
3271 2862 3496 2916 venien—

1886 2937 1969 2984 tes
1997 2929 2258 2984 orationis
2284 2930 2459 2996 gratia
2490 2937 2704 2984 vacent.
2734 2928 2891 2994 Quod
2935 2929 2981 2983 si
3028 2930 3281 2986 inventus
3328 2931 3495 2987 luerit

1886 3000 2082 3068 aliquis
2111 2999 2164 3052 in
2192 2998 2447 3068 operibus
2476 2999 2880 3069 suprascriptis,
2914 3006 3010 3053 aut
3031 3015 3172 3069 quae
3200 3000 3494 3057 interdicta

1886 3078 2013 3124 sunt
2040 3084 2298 3124 exercere
2320 3070 2765 3138 praesun'tpserit,
2786 3069 3022 3138 qualiter
3043 3069 3177 3125 haec
3200 3072 3495 3127 emendare

1887 3139 2101 3205 debeat,
2128 3154 2234 3193 non
2262 3140 2318 3192 in
2341 3139 2605 3194 laicornm
2631 3140 2988 3207 districtione,
3009 3140 3105 3197 sed
3129 3142 3181 3196 in
3194 3142 3495 3198 sacerdotis

1881 3210 2241 3277 castigatione
2262 3209 2547 3264 consistat.

1949 3300 2079 3356 277.
2113 3299 2191 3355 De
2228 3300 2327 3363 Itis,
2359 3300 2446 3370 qui
2476 3308 2597 3370 ante
2643 3300 2851 3370 [initam
2910 3300 3122 3355 missam
3171 3301 3235 3356 de
3276 3302 3494 3358 ecclesia

1879 3373 2060 3444 egredi,
2096 3369 2449 3444 praesumant.
2496 3369 2801 3444 Demissis
2833 3370 3012 3425 nullus
3056 3371 3317 3444 laicorum
3365 3383 3494 3428 ante

1882 3440 2157 3507 discedat,
2197 3455 2358 3510 quam
2401 3441 2683 3515 dominica
2703 3440 2914 3515 dicatur
2949 3442 3145 3515 oratio.
3180 3443 3319 3497 Etsi
3364 3444 3484 3511 epi—

1881 3526 2080 3583 scopus
2110 3526 2369 3583 praesens
2400 3510 2586 3577 fuerit,
2637 3512 2754 3566 eius
2799 3511 3107 3567 benedictio
3137 3522 3479 3582 expectetur.

1884 3581 2070 3652 Neque
2119 3591 2246 3637 ante
2298 3581 2518 3637 missam
2575 3584 2846 3652 expletam
2914 3583 3037 3653 quis
3092 3581 3276 3652 egredi
3330 3598 3492 3654 prae-

1886 3661 2089 3709 sumat.

1956 3722 2081 3777 278.
2114 3721 2192 3777 De
2219 3724 2321 3790 liis,
2352 3723 2439 3795 qui
2468 3724 2521 3778 in
2553 3723 2770 3778 ecclesia
2795 3739 2909 3777 cum
2932 3724 3092 3778 armis
3125 3724 3323 3778 intrare
3342 3741 3495 3792 prae-

1884 3803 2112 3849 sumant.
2136 3794 2414 3849 Sacrilicia
2442 3795 2702 3848 matutina
2733 3794 3020 3849 missarum
3045 3795 3160 3849 sive
3181 3795 3491 3864 vespertina

1888 3880 1956 3919 nc
1984 3865 2103 3933 quis
2121 3879 2251 3945 curn
2283 3865 2448 3945 armis
2476 3865 2873 3945 pertinentibus
2915 3865 2981 3917 ad
3025 3864 3293 3945 bellorum
3337 3880 3491 3919 usum

1886 3932 2158 4004 expectet.
2207 3934 2360 4000 Quod
2405 3932 2496 4004 qui
2528 3932 2736 3998 fecerit,
2788 3934 2841 3989 in
2872 3934 3172 4004 sacerdotis
3216 3942 3491 4003 potesmte

1886 4003 2174 4074 consistat.
2201 4006 2344 4074 quali
2369 4003 2491 4058 cum
2534 4004 2873 4057 districtione
2900 4003 3097 4074 debeth
3126 4007 3417 4070 castigare.

1997 4072 2083 4128 79.
2132 4073 2198 4128 Ut
2220 4072 2348 4128 laici
2384 4075 2437 4127 in
2476 4075 2691 4127 ecclesia
2719 4076 2862 4141 infra
2899 4073 3159 4127 cancellos
3209 4082 3350 4127 stare
3386 4091 3491 4129 non

1887 4153 2245 4215 praesumant.
2280 4144 2350 4200 Ut
2381 4143 2506 4198 laici
2535 4159 2691 4215 secus
2715 4145 2909 4207 altare,
2932 4157 3038 4213 quo
3061 4153 3247 4215 sancta
3280 4154 3486 4214 myste-

1888 4213 1967 4270 ria
1998 4214 2361 4276 celebrantur,
2395 4215 2536 4268 inter
2561 4214 2792 4269 clericos
2820 4221 2928 4266 tam
2965 4216 3032 4267 ad
3082 4213 3294 4284 vigilias
3321 4213 3487 4284 quam

1890 4286 1957 4340 ad
1984 4286 2175 4340 missas
2203 4295 2350 4339 stare
2400 4285 2616 4354 penitus
2654 4299 2763 4338 non
2793 4293 3162 4354 praesumant.
3196 4282 3300 4338 Sed
3340 4282 3491 4353 pars

1892 4356 1981 4411 illa
2012 4370 2151 4426 quae
2174 4372 2203 4408 a
2229 4355 2274 4387 ¹⁸
2313 4350 2567 4411 cancellis
2587 4369 2777 4411 versus
2796 4350 2848 4385 ³³
2871 4350 3041 4426 altare
3061 4354 3335 4422 dividitur,
3363 4350 3495 4410 cltu-

1842 4454 1851 4461 -
1890 4427 1965 4481 ris
1996 4424 2202 4481 tantum
2246 4426 2594 4496 psallentium
2622 4424 3190 4497 pateatrclcricorum.
3224 4427 3303 4480 Ad
3331 4442 3492 4481 oran-

1892 4497 2018 4552 dum
2048 4512 2176 4551 vero
2208 4506 2262 4553 et
2284 4496 2795 4553 communicandum
2828 4496 2979 4551 laicis
3003 4506 3057 4551 et
3087 4497 3326 4566 feminis,
3353 4500 3495 4552 sicut

1897 4583 2013 4622 lllOS
2036 4575 2140 4633 est,
2171 4576 2393 4637 pateant
2422 4576 2606 4623 sancta
2636 4577 2970 4624 sanctorum.

1966 4637 2089 4692 280.
2127 4637 2203 4692 De
2229 4641 2331 4703 Itis,
2361 4640 2445 4707 qui
2478 4640 2692 4693 sabbato
2714 4647 2896 4693 sancto
2927 4637 3151 4706 paschae
3181 4639 3308 4691 hora
3353 4652 3492 4690 noua

1892 4709 2143 4763 ieiunium
2160 4709 2384 4765 solvunt.
2408 4707 2634 4775 Quidam
2656 4709 2881 4763 sabbato
2900 4718 3087 4763 sancto
3103 4708 3169 4762 ab
3195 4710 3326 4762 laora
3345 4722 3489 4761 nona

1894 4780 2152 4834 ieiunium
2181 4781 2418 4845 solvunt,
2448 4780 2710 4834 conviviis
2739 4786 2999 4844 utuntur;
3032 4786 3088 4832 et
3111 4779 3237 4831 dum
3260 4778 3343 4832 sol
3374 4776 3491 4846 ipse

1893 4849 2084 4904 eadem
2114 4849 2204 4905 die
2235 4849 2470 4904 tenebris
2499 4850 2751 4919 palliatus
2776 4849 2974 4903 lumina
2998 4847 3315 4903 subduxerit
3345 4848 3491 4919 ipsa;

1893 4934 2000 4988 que
2068 4920 2335 4974 elementa
2398 4918 2611 4975 turbata
2681 4921 3006 4974 maestitiam
3077 4918 3240 4973 totius
3304 4918 3489 4972 tnundi

1893 4989 2250 5054 ostenderint,
2279 4990 2354 5044 illi
2380 4990 2637 5045 ieiunium
2663 4998 2843 5045 tamen
2867 4989 2971 5043 diei
2998 4989 3261 5058 polluunt,
3286 4988 3487 5057 epulis-

1895 5074 2002 5129 que
2030 5060 2349 5116 inserviunt.
2376 5059 2444 5115 Et
2479 5062 2605 5131 quia
2632 5070 2800 5114 totum
2826 5061 3055 5131 eundem
3097 5059 3250 5131 rdietn
3274 5058 3491 5113 univer-

1897 5127 2026 5203 salis
2051 5131 2277 5203 ecclesia
2315 5127 2538 5203 propter
2564 5130 2866 5203 pas-ionem
2899 5127 3113 5203 Domini
3158 5130 3208 5182 in
3228 5143 3490 5203 inocrore

1899 5200 2585 5275 ctabstinentia'pe‘ragit,
2630 5203 2960 5272 quicumque
3002 5200 3056 5255 in
3113 5213 3181 5256 eo
3227 5200 3487 5256 ieiunium

1439 5339 1531 5395 VA
1540 5337 1837 5395 RlANTES
1874 5337 2279 5396 LECTlONES.

271 5479 290 5509 ¹
314 5483 606 5533 arceantur
636 5473 753 5530 Bal.
828 5476 848 5507 '
875 5472 1100 5545 Clericis
1124 5489 1263 5528 corr.
1284 5471 1363 5545 Clg
1382 5470 1477 5545 riei
1499 5472 1694 5542 quibus
1718 5482 2007 5529 atramento
2039 5474 2205 5529 minus
2234 5474 2386 5545 nigro
2405 5473 2468 5530 G.

192 5548 365 5604 etiam
386 5563 417 5602 a
444 5561 500 5599 ν.
525 5545 646 5600 Bal.
723 5548 745 5578 δ
767 5547 909 5601 deest
955 5544 1076 5601 Bal.

194 5629 364 5675 catur
387 5633 453 5673 ac
479 5633 535 5687 p.
574 5616 642 5672 (ἔ.
777 5618 801 5687 Ϊ
830 5616 1229 5686 perlignrantur
1258 5615 1323 5670 (ἰ.

192 5686 530 5743 auctoritate
552 5728 567 5750 ,
601 5687 737 5757 quod
776 5686 894 5742 Bal.
947 5688 1177 5741 retinuit.

197 5760 417 5827 abrasa)
445 5768 839 5831 eapunctumnet
865 5758 1091 5831 margini
1139 5757 1458 5831 adscriptum
1478 5767 1591 5817 aut.
1620 5757 1685 5816 (ἰ.

202 5833 242 5861 ³⁷
270 5846 414 5902 quae
439 5827 520 5885 (ἐξ
587 5829 631 5861 ¹⁸
652 5844 717 5888 ea
747 5828 815 5886 ϐ.
838 5828 936 5905 Δι’
966 5827 1118 5885 versa
1144 5827 1210 5884 G.

1427 5614 1448 5644 "
1475 5614 1615 5670 deest
1662 5615 1779 5671 Bal.

1163 5546 1183 5576 ⁸
1207 5544 1396 5614 nequis
1425 5543 1490 5598 (ἰ.
1517 5545 1603 5598 ubi
1631 5547 1818 5601 iterant
1846 5547 1899 5600 in
1926 5547 2161 5616 margine
2186 5543 2398 5601 additur
2429 5561 2449 5600 :
2481 5546 2651 5618 possit
2678 5543 2836 5602 aliter
2863 5562 2965 5603 nec
2992 5547 3207 5616 aliquis.

1163 5632 1229 5671 ur
1258 5615 1323 5670 (ἰ.
1427 5614 1448 5644 ⁸
1475 5614 1615 5670 deest
1662 5615 1779 5671 Bal.
1879 5616 1899 5647 ⁹
1932 5616 2072 5670 deest
2104 5616 2225 5671 Gal.
2304 5618 2346 5649 ¹⁰
2389 5618 2774 5671 retractionem
2803 5618 2869 5671 (ἓ.
2980 5619 3020 5650 ⁸⁸
3050 5620 3125 5671 sic
3152 5618 3207 5671 (ἱ.

1286 5689 1326 5721 ι’
1358 5687 1675 5757 collegerint
1699 5687 1857 5751 Ga'.;
1885 5687 2203 5755 collegerint
2231 5703 2371 5742 corr.
2405 5687 2686 5756 collegerit
2715 5687 2782 5743 ϐ.

1802 5759 1844 5790 ιε
1871 5759 1963 5829 qui
1992 5758 2047 5816 tl.
2078 5758 2132 5816 tl.
2165 5770 2324 5829 agerc
2352 5758 2421 5815 G.

2550 5475 2571 5507 ³
2594 5474 2892 5547 increpatio
2908 5491 3014 5531 non
3045 5475 3491 5546 emendaverunt,

2552 5546 2651 5601 ssit
2678 5547 2836 5601 aliter
2863 5562 2965 5601 nec
2992 5547 3207 5601 aliouis.
3343 5548 3365 5579 ⁸
3388 5549 3489 5601 du-

2992 5564 3207 5616 attquts.
3343 5564 3365 5579 '
3388 5564 3489 5601 uu-

2980 5619 3020 5650 “
3050 5620 3125 5672 sic
3152 5618 3217 5672 (ἱ.
3259 5634 3396 5673 corr.
3426 5634 3492 5673 ea;

2891 5690 2933 5721 ¹³
2955 5690 3063 5761 agit
3096 5689 3292 5760 (littera
3332 5695 3493 5761 postt

2536 5760 2581 5792 ⁸⁵
2618 5760 2759 5815 deest
2791 5759 2904 5816 Bal.
2995 5759 3066 5793 ’³⁸
3106 5759 3159 5818 e.
3204 5759 3392 5818 exorto
3415 5759 3482 5817 (ἱ.

2304 5618 2346 5649 ¹⁰
2389 5618 2774 5672 retractionem
2803 5618 2869 5673 (ἓ.
