3974 6340
595 253 702 317 859

1526 263 1588 319 Β.
1628 263 1880 319 CAROLI
1924 264 2138 320 MAG-Nl
2174 263 2325 320 OPI‘.
2368 263 2548 321 PARS
2584 266 2625 321 l.
2667 266 2910 323 SECTIO
2937 264 2976 323 1.
3739 279 3814 334 at]

592 375 1150 432 debenlsententiam.
1184 374 1319 442 Quia
1351 375 1397 431 si
1427 376 1533 431 hoc
1575 377 1872 433 minoribus
1915 386 2021 432 tam
2066 379 2175 433 cle-
2213 388 2250 440 Α
2350 377 2475 431 5Ξ5.
2524 377 2599 431 De
2627 395 2728 432 non
2747 377 2989 447 neganda
3019 376 3371 445 appellatione
3389 381 3624 435 accusati.
3653 378 3814 443 Placuit

593 447 721 501 ricis
750 462 910 516 quam
943 447 1092 501 laicis
1133 461 1449 501 concessum
1482 456 1592 517 est,
1646 457 1851 515 quanto
1892 450 2060 517 magis
2111 452 2179 504 de

596 517 863 586 episcopis
884 517 1088 587 sertari
1121 518 1376 572 convenit
1405 516 1579 570 ‘lNatn
1625 519 1670 571 si
1704 518 1818 587 ipse
1869 516 2181 579 metronoli-

594 596 781 641 tannm
815 596 909 640 aut
952 586 1154 642 iudices
1192 594 1473 657 suspectos
1529 586 1776 642 habuerit.
1815 597 1911 643 aut
1957 588 2179 645 infestos

590 657 841 729 senserit,
863 658 1001 729 apnd
1025 658 1308 729 primatem
1329 657 1612 713 dioceseos
1632 658 1881 729 autapud
1898 659 2181 717 Romanae

589 727 733 781 sedis
766 726 1076 792 pontilic‘em
1102 728 1389 783 iudicetur.
1732 757 1740 763 -

659 796 723 849 51
804 795 881 850 De
893 799 1164 870 episcopis,
1177 799 1261 864 qui
1277 799 1563 854 Romanum
1580 801 1846 870 appellant
1861 800 2173 869 pontiﬁcem.

589 864 819 933 Placuit,
852 875 911 920 ut
939 864 1289 941 si_episcop_us
1331 864 1660 926 accusatns'i
1686 864 2039 941 appellaverit
2068 871 2177 927 lio-

586 952 805 1018 manum
832 937 1163 1007 pontificem,
1214 939 1265 993 id
1303 941 1666 1008 statuendum,
1708 937 1853 1011 quod
1898 941 2013 1010 ipse
2048 957 2176 998 cen-

584 1017 775 1063 suerit.

654 1077 781 1154 516,
816 1076 893 1154 Ile
922 1079 1232 1145 pre‘biteris,
1253 1081 1360 1154 _qui
1393 1082 1445 1134 in
1489 1082 1617 1154 suis,
1639 1081 1928 1154 parrochiis
1969 1082 2171 1154 aliquid

580 1151 802 1223 paganis
841 1149 860 1181 ³
906 1165 1062 1219 agere
1103 1150 1530 1223 permittuntpet
1586 1149 1648 1205 de
1684 1153 1845 1222 agris,
1894 1154 1948 1223 in
1994 1149 2172 1223 quibus

582 1221 710 1272 haec
738 1228 855 1272 acta
883 1235 991 1272 esse
1012 1229 1312 1283 noscuntur,
1336 1221 1461 1288 quid
1488 1221 1742 1288 agendum
1770 1224 1854 1276 sil.
1894 1221 1951 1276 Si
1988 1221 2039 1276 in
2071 1223 2171 1277 ali-

582 1289 736 1344 cuius
763 1290 1048 1358 presbtteri
1078 1290 1362 1360 parrochia
1413 1289 1654 1348 inﬁdeles
1704 1300 1798 1346 aut
1846 1290 2054 1347 faculas
2083 1294 2169 1347 in-

581 1361 940 1422 cenderint’,
976 1370 1069 1413 aut
1108 1361 1328 1416 arbores
1349 1369 1441 1415 aut
1469 1362 1646 1417 fontes
1694 1371 1789 1416 aut
1836 1378 1966 1416 saxa
2010 1379 2171 1419 vene-

578 1437 790 1493 rentur,
826 1430 869 1482 si
899 1430 921 1460 θ
964 1430 1066 1482 hoc
1091 1444 1283 1501 eruere
1337 1432 1655 1501 neglexerit,
1688 1432 2007 1501 sacrilegum
2047 1435 2069 1465 ⁸
2110 1450 2171 1489 se

577 1514 698 1573 esse
726 1510 1040 1573 cognoscat.
1096 1498 1352 1573 Dominus
1378 1498 1471 1556 aut
1498 1502 1780 1573 ordinatur
1806 1503 1827 1533 ⁸
1874 1498 1950 1557 rei
2003 1504 2169 1573 ipsius

576 1569 621 1625 si
645 1570 976 1641 ammonitus
998 1570 1100 1625 hoc
1147 1570 1438 1627 emendare
1485 1572 1738 1641 noluerit,
1783 1569 2167 1630 communione

574 1639 834 1711 primum

647 1708 772 1790 517.
816 1710 893 1763 De
936 1709 1509 1790 paenitentibus,_quae
1559 1713 1834 1790 defunctis
1866 1713 1987 1768 viris
2043 1714 2164 1790 aliis
2198 1730 2243 1790 Β

571 1780 1163 1853 ηῃὸενείρναεέηηιιιηι.
1203 1780 1508 1853 Poenitens,
1552 1780 1692 1853 quae
1739 1783 1993 1839 defuncto
2044 1785 2163 1842 viro

571 1850 679 1923 alio
707 1850 910 1923 nubere
924 1852 1379 1923 praesumpserit,
1410 1863 1466 1907 et
1498 1850 1638 1923 quae
1667 1856 1752 1909 vel
1782 1864 2038 1923 suspecta
2076 1857 2163 1911 vel

573 1920 860 1976 interdicta
915 1920 1282 1976 familiaritate
1335 1938 1456 1976 cum
1501 1920 1763 1979 extraneo
1821 1920 2160 1993 convixerit,

572 2005 695 2044 cum
727 1993 916 2046 eodem
961 1996 1028 2046 ab
1076 1993 1339 2046 ecclesiae
1380 1992 1655 2048 liminibus
1694 2004 1965 2050 arceatur.
2016 1998 2162 2052 llaec

571 2061 811 2163 eLiant'et
831 2062 899 2118 de
926 2064 1044 2117 viro
1061 2062 1114 2116 in
1146 2063 1479 2133 poenitentia
1511 2065 1689 2135 posito
1730 2068 1940 2137 placuit
1969 2065 2160 2124 obser-

571 2146 698 2186 vare
728 2146 742 2163 "
754 2171 769 2185 .

639 2200 763 2279 518ἶ
804 2201 883 2258 De
913 2204 1015 2279 bis,
1061 2204 1146 2274 qui
1176 2204 1536 2279 remalterius
1581 2204 1896 2279 vendendum
1944 2224 2158 2279 accepe-

566 2273 690 2348 rint,
714 2274 761 2327 si
784 2290 898 2348 eam
923 2273 1093 2348 minus
1122 2274 1461 2340 vendiderint,
1486 2277 1726 2348 pretium,
1751 2276 1889 2348 quod
1909 2278 1982 2331 eis
2008 2273 2159 2333 man-

568 2344 747 2418 datum
770 2346 956 2411 fuerat,
984 2344 1178 2418 solvere
1203 2344 1492 2418 cogantur.
1514 2344 1569 2401 Si
1601 2348 1721 2418 quis
1744 2344 1965 2418 cuilibet
2000 2364 2156 2403 man-

565 2412 677 2479 det,
702 2422 761 2468 ut
788 2429 900 2468 rem
924 2430 1076 2469 suam
1105 2412 1291 2470 decen]
1315 2416 1520 2471 solidos
1550 2412 1766 2483 vendat,
1798 2425 1853 2471 et
1892 2417 1984 2473 ille
2035 2434 2155 2474 eam

563 2492 690 2556 octo
722 2485 1043 2556 vendiderit,
1072 2484 1371 2556 praecinm,
1414 2487 1557 2556 quod
1606 2488 1655 2542 ei
1685 2487 2000 2544 mandatum
2049 2499 2152 2555 est,

562 2554 817 2627 quicquid
869 2554 1161 2627 minushab
1200 2554 1466 2627 emptore,
1508 2558 1794 2627 percepit,
1850 2554 2152 2614 mandatori

562 2616 841 2693 complere
868 2624 1227 2696 conpellatur.
1256 2616 1525 2681 V'endilio'
1550 2616 1729 2682 tamen
1759 2616 1991 2683 rescindi
2045 2646 2152 2686 non

560 2702 760 2762 potest.

632 2762 755 2818 519.
803 2763 881 2819 De
899 2781 978 2837 eo,
1011 2765 1097 2836 qui
1123 2781 1321 2820 servum
1365 2765 1497 2822 bona
1525 2766 1630 2835 fide
1666 2770 2060 2837 conparaverit,
2106 2772 2154 2827 si

561 2850 733 2909 arrvns
749 2851 816 2891 ea:
837 2836 999 2909 priori
1024 2837 1146 2891 vitio
1177 2837 1385 2908 Ingerit,
1415 2838 1538 2909 quid
1581 2840 1836 2908 agendum
1882 2840 1970 2894 sit.
2016 2840 2149 2895 Ser-

560 2919 660 2958 vus
690 2906 831 2960 bona
864 2905 965 2960 tide
990 2905 1313 2978 conparatus
1338 2911 1382 2962 si
1424 2905 1491 2962 cx
1533 2905 1702 2963 veleri
1744 2910 1874 2965 vitio
1928 2910 2146 2978 fugerit,

558 2990 665 3052 non
693 2986 897 3052 tantum
922 2978 1193 3052 praecinm
1224 2979 1493 3042 dominus,
1544 2979 1640 3035 sed
1669 2988 1724 3035 et
1766 2995 1850 3047 ea,
1883 2995 2023 3051 quae
2050 2998 2148 3052 per

556 3046 739 3118 fugam
766 3046 1005 3118 abstulit,
1038 3048 1268 3102 reddere
1288 3062 1533 3118 cogetur.

2285 458 2343 501 ut
2386 460 2658 514 :iccusato,
2694 450 2739 503 si
2777 449 2981 503 iudices
3034 457 3318 515 suspecto-3
3372 447 3641 517 habuerit,
3694 454 3813 511 liceat

2282 518 2599 600 appellare;
2649 520 2774 590 quia
2818 534 2929 574 non
2974 524 3192 589 oportet
3231 531 3427 588 negare
3475 518 3494 548 ’
3539 521 3809 580 audientiam

2282 601 2522 642 roganti.

2350 602 2666 734 ggtlbupa
2700 677 2741 713 r.
2756 660 2801 734 is
2831 660 2895 734 ‘°_,
2926 659 3014 729 qui
3037 658 3121 734 _t_le
3146 674 3202 712 se
3233 657 3271 688 “
3303 659 3520 734 confessi
3537 670 3674 734 sunt,
3699 682 3810 734 stipe:

2278 729 2412 782 alios
2439 744 2543 783 non
2568 731 2634 782 sit
2656 727 2991 783 credendum.
3036 727 3152 782 Non
3183 736 3268 782 est
3319 727 3638 785 credendum
3663 727 3809 792 contra

2279 799 2415 870 alios
2442 813 2629 854 eorum
2656 800 3001 865 confersioni,
3022 800 3114 870 qui
3161 799 3473 855 criminibus
3502 800 3806 870 inplicantur,

2279 868 2382 922 nisi
2402 883 2463 923 se
2493 869 2639 940 prius
2669 871 3020 937 probaverint
3046 869 3395 940 innocentes;
3420 872 3543 936 quia
3560 868 3806 940 periculosa

2277 950 2362 992 est
2383 948 2445 1060 ﬁt
2474 939 2683 1020 admitti
2721 956 2830 994 non
2860 941 3024 996 debet
3051 939 3129 994 rei
3185 939 3447 995 adversus
3471 939 3805 1014 quemcumque

2277 1024 2378 1060 nro
2402 1025 2566 1060 CSSIO.

2319 1025 2566 1064 τοιρεειο.

2275 1024 2594 1153 [fise
2645 1078 3001 1153 pervasoribns
3052 1079 3240 1153 ﬁnium
3265 1120 3281 1145 ,
3332 1081 3626 1153 priusquam
3662 1101 3803 1140 causa:

2274 1149 2474 1204 auditio
2506 1150 2548 1181 ¹³
2580 1152 2899 1205 terminetur.
2933 1150 2988 1205 Si
3037 1150 3157 1218 quis
3189 1164 3444 1218 pervasor
3475 1149 3648 1207 tinium
3689 1157 3802 1212 fuerit

2275 1220 2627 1289 adprobatus,
2653 1237 2719 1275 eo
2741 1223 2884 1290 quod
2926 1221 3238 1290 priusquam
3284 1219 3484 1289 aliquid
3519 1223 3697 1280 iusticie
3720 1235 3799 1281 ter-

2275 1291 2529 1353 mim-tur,
2558 1292 2608 1345 id
2637 1293 2783 1359 quod
2811 1292 2950 1345 alter
2980 1297 3228 1345 tenuerat
3282 1291 3600 1347 invasisset:
3626 1310 3715 1349 non
3735 1313 3800 1351 so-

2275 1359 2383 1413 lum
2409 1361 2554 1421 illud.
2587 1363 2728 1432 quod
2759 1362 2899 1415 male
2930 1361 3372 1432 praesumpserit,
3405 1365 3633 1425 amittat,
3660 1367 3735 1419 sed
3758 1376 3797 1419 ut

2272 1445 2381 1501 non
2415 1431 2775 1501 unusquisque
2806 1433 2847 1463 ¹³
2884 1447 2996 1486 rem
3027 1431 3259 1484 alienam
3313 1442 3563 1501 occupet,
3589 1449 3691 1488 cum
3714 1435 3797 1490 fue-

2274 1500 2345 1554 rit
2370 1502 2421 1554 in
2451 1516 2611 1555 causa
2639 1500 2879 1556 devictus
2921 1515 3178 1571 pervasor
3207 1500 3339 1555 iuris
3387 1502 3551 1557 alieni
3578 1542 3594 1566 ,
3643 1514 3795 1560 tantum

2271 1571 2429 1641 spatii
2459 1571 2725 1641 restituat,
2754 1580 3013 1639 quantum
3055 1573 3484 1641 praesumpserit
3510 1573 3745 1630 invadere.

2340 1639 2477 1713 326.
2507 1640 2586 1695 De
2612 1644 2710 1713 bis.
2735 1645 2825 1713 qui
2848 1653 3028 1713 contra
3051 1640 3362 1713 voluntatem
3388 1643 3613 1713 defuncti
3634 1646 3794 1712 faciant,

2272 1719 2327 1763 ut
2350 1711 2572 1780 perdant
2599 1711 2958 1767 hereditatem.
2987 1711 3269 1777 Omnibus,
3297 1714 3387 1779 qui
3442 1711 3792 1769 contravoluu

2269 1790 2439 1904 autem
2464 1780 2700 1837 defuncti
2729 1782 2953 1848 faciunt,
2987 1793 3047 1836 ut
3099 1781 3353 1851 indignis,
3381 1782 3653 1839 auferatur
3673 1785 3790 1840 bere-

2312 1867 2325 1904 l
2356 1868 2436 1904 as.
2568 1872 2589 1891 ο

2312 1853 2436 1906 itas.

2335 1918 2458 1975 327.
2499 1920 2579 1975 De
2603 1922 2718 1996 liis,
2755 1925 2935 1996 quibus
2989 1939 3081 1993 per
3109 1931 3473 1979 testamentum
3497 1925 3676 1996 aliquid
3696 1926 3790 1979 defe-

2262 2002 2439 2062 gatum
2465 2000 2562 2066 est,
2583 1993 2718 2059 quod
2746 1993 2879 2047 nihil
2909 2003 3090 2048 contra
3119 1997 3431 2049 voluntatem
3453 1993 3665 2066 defuncti
3685 1998 3788 2048 liceat

2264 2078 2435 2133 agere.
2463 2062 2564 2127 Qui
2599 2078 2694 2132 per
2725 2073 3105 2118 testamentum
3158 2066 3259 2119 sibi
3291 2066 3490 2134 aliquid
3516 2062 3787 2119 'derclicunn

2261 2141 2534 2203 acceperit
2554 2143 2618 2203 Aet
2645 2134 3017 2198 vmdicaverit,
3050 2144 3106 2188 et
3157 2135 3391 2189 noluerit
3441 2145 3621 2189 contra
3640 2137 3783 2190 volun-

2263 2201 2424 2277 tatem
2474 2201 2712 2260 defuncti
2755 2217 2955 2273 agere,
3006 2204 3279 2260 licentiam
3330 2205 3541 2277 penitus
3582 2221 3676 2260 non
3717 2207 3784 2260 lia-

2260 2273 2453 2416 ἓξὲξ.
2498 2344 2651 2409 Quod
2676 2346 2910 2416 voluntas
2939 2344 3167 2416 defuncti
3193 2344 3258 2416 ab
3306 2345 3571 2400 heredibus
3590 2347 3637 2399 in
3660 2346 3788 2401 omni.

2257 2412 2351 2488 bus
2378 2416 2445 2469 sit
2474 2416 2801 2488 peragendu.‘
2818 2415 2955 2488 Nulli
2983 2412 3201 2488 quidem
3223 2415 3294 2472 de
3342 2418 3497 2471 bonis
3527 2418 3786 2485 usurpandis

2260 2485 2495 2540 virorum
2525 2485 2625 2542 nec
2660 2485 2933 2540 dividendi
2962 2496 3151 2541 contra
3185 2486 3358 2543 bonos
3388 2502 3555 2541 mores
3576 2502 3785 2541 concessa

2256 2554 2470 2625 licentia
2497 2569 2607 2618 esu
2640 2556 2736 2611 sed
2759 2556 3126 2625 praecipiente
3153 2567 3307 2624 patre
3329 2558 3617 2611 divisionem
3646 2559 3704 2608 ab
3722 2572 3779 2610 eo

2255 2624 2453 2681 factam
2483 2627 2710 2693 durare,
2761 2623 2810 2681 si
2841 2623 3002 2681 modo
3025 2623 3070 2656 ⁸⁵
3102 2623 3277 2696 usque
3302 2627 3366 2682 ad
3388 2636 3650 2679 extremum
3675 2627 3776 2679 eius

2255 2697 2467 2751 vivendi
2515 2707 2746 2753 soaLuni
2774 2696 3022 2752 voluntas
3075 2695 3269 2752 eadem
3319 2710 3649 2769 perseverasse
3680 2697 3768 2751 do-

2253 2775 2459 2821 ceatur.

2321 2835 2446 2890 39.9.
2490 2836 2567 2891 De
2619 2838 2764 2907 filiis,
2791 2838 2878 2907 qui
2926 2846 3127 2907 patrem
3153 2836 3419 2903 laeserint,
3469 2833 3779 2890 donationibus

2251 2908 2508 2963 carendis.
2541 2908 2597 2962 Si
2619 2906 2738 2977 quis
2761 2907 2899 2962 lilius
2926 2906 3223 2962 donatione
3250 2909 3417 2976 patris
3444 2908 3624 2975 aliquid
3648 2906 3708 2960 lno
3725 2908 3779 2959 rit

2250 2987 2574 3034 consecutus
2604 2990 2658 3032 et
2686 2994 2808 3033 eum
2830 2979 3172 3046 postmodum
3220 2979 3463 3041 laeserit,
3489 2988 3601 3047 post
3620 2977 3781 3046 proba-

2251 3053 2334 3100 tas
2364 3048 2413 3102 in
2447 3049 2643 3103 iudicio
2674 3049 2928 3103 laesionis
2951 3062 3161 3115 causas,
3186 3049 3254 3102 ad
3277 3049 3617 3104 donationem
3638 3055 3773 3118 pater,

628 3099 877 3172 326.1);
897 3099 1055 3184 1.5;;
1073 3099 1161 3189 in
1185 3099 1533 3192 magna;
1567 3128 1819 3188 ροιεειαεε
1866 3124 2141 3192 tyrannica
2170 3099 2215 3162 (ι
2247 3099 2295 3172 εί
2316 3099 2977 3192 *_v_'.;iu‘.‘s‘.;iin‘istam;
2996 3099 3302 3192 autem:

557 3188 1221 3260 dampnarepraesumnnt.
1257 3189 1323 3243 Et
1344 3191 1407 3244 de
1426 3192 1678 3260 episcopis
1727 3192 1806 3244 vel
1853 3188 2140 3246 sacerdoti-

557 3257 685 3324 bus,
708 3257 979 3333 (modunn
1010 3260 1229 3314 debeant
1258 3260 1322 3333 ab
1356 3257 1473 3316 aliis
1501 3263 1738 3333 iudicari,
1763 3264 1867 3315 nisi
1901 3279 1933 3314 a
1959 3261 2137 3333 quibus

552 3337 603 3383 et
633 3331 890 3383 ordinari.
916 3329 1054 3384 Sunt
1076 3330 1315 3401 nonnulli
1356 3332 1449 3401 qui
1493 3332 1820 3401 indiscussos
1871 3329 2138 3399 potestate

552 3402 858 3479 tyrannica,
885 3415 991 3479 npn
1036 3400 1297 3479 canonica
1353 3400 1674 3479 auctorjlate
1705 3400 2042 3479 dampnant;_
2081 3411 2138 3458 et

550 3468 693 3541 sicut
712 3469 1002 3541 nonnullos
1022 3470 1194 3538 gratia
1222 3468 1420 3541 favoris
1438 3471 1746 3533 sublimant.
1782 3468 1853 3525 ita
1875 3473 2133 3541 quosdam

550 3539 679 3594 odio
709 3539 1016 3610 invidiaque
1037 3540 1263 3606 permoti
1292 3540 1597 3601 humiliant.
1628 3550 1683 3594 et
1732 3541 1834 3596 levi
1866 3539 2136 3610 opinionis

555 3624 689 3682 aura
735 3609 1130 3682 condemnant,
1148 3623 1378 3677 quorum
1402 3611 1627 3665 crimina
1650 3626 1757 3665 non
1807 3609 2129 3682 adprobant.

551 3675 785 3750 Ideoque
801 3680 1070 3734 communi
1100 3675 1320 3735 decreto
1339 3695 1645 3750 censemus,
1682 3692 1739 3736 ut
1766 3675 2132 3750 quandocum-

550 3763 657 3818 que
690 3749 890 3821 aliquis
940 3750 1314 3820 episcoporum
1373 3749 1689 3806 criminatur
1719 3792 1737 3820 ,
1783 3749 2133 3821 congregatis

551 3819 804 3891 otnnibus
821 3820 1062 3876 eiusdem
1087 3822 1396 3889 provinciae
1417 3822 1683 3891 episeopis
1712 3836 1874 3878 causa
1896 3819 2016 3878 eius
2032 3839 2131 3879 au-

547 3889 746 3962 diatur,
802 3892 1271 3962 utnonhocculte
1319 3889 1719 3947 indicetur‘vel
1764 3893 2125 3962 datnpnetur;

546 3961 672 4029 quia
703 3961 769 4014 ab
799 3961 916 4015 aliis
939 3960 1160 4016 iudicari
1185 3964 1329 4031 prius
1361 3977 1464 4016 non
1493 3970 1687 4031 potest,
1719 3961 1819 4016 nisi
1864 3960 1932 4017 ab
1959 3963 2062 4027 his,
2097 3980 2130 4019 a

546 4030 742 4104 quibus
772 4032 1009 4104 ordinari
1042 4030 1234 4104 potuit.
1267 4032 1423 4099 Quod
1451 4030 1503 4087 si
1525 4032 1684 4087 aliter
1705 4032 1905 4087 factum
1943 4032 2126 4104 fuerit,

545 4102 719 4155 nullas
744 4102 882 4157 vires
910 4103 1146 4157 habebit.

620 4171 745 4225 521.
792 4172 871 4246 De
897 4173 1124 4246 Itis,_qni_
1158 4174 1178 4204 ⁸
1220 4174 1406 4227 habent
1428 4190 1613 4227 causas
1645 4173 1889 4229 adversus
1929 4176 2129 4246 episco-

543 4258 636 4310 pos
662 4242 920 4314 proprios,
952 4242 1029 4296 uel
1058 4244 1299 4298 adversus
1327 4246 1478 4310 alios,
1521 4245 1659 4314 apud
1701 4242 1967 4314 synodum
2001 4263 2128 4313 pro-

543 4314 729 4365 vintiae
756 4313 1026 4366 audirmlis
1049 4330 1065 4376 ;
1096 4316 1319 4382 eicrptis
1349 4316 1447 4376 his,
1467 4313 1824 4382 quiadversus
1844 4333 1991 4369 suum
2021 4331 2126 4370 me-

543 4382 908 4451 tropolitanum
933 4384 1191 4451 querelam
1212 4383 1358 4438 ltabu.
1375 4384 1498 4438 rint.
1521 4383 1578 4439 Si
1603 4386 1830 4440 clericus
1847 4387 1931 4441 vel
1955 4386 2125 4441 laicus

2313 3188 2438 3243 550.
2479 3189 2558 3243 De
2585 3190 2863 3244 donatione
2907 3190 2960 3242 in
2989 3190 3099 3260 [ilio
3129 3206 3161 3242 a
3184 3199 3331 3258 patre
3366 3191 3514 3260 facta
3539 3231 3552 3254 ,
3600 3189 3641 3243 si
3663 3187 3713 3240 ab
3734 3203 3774 3239 ea

2238 3258 2409 3329 laesus
2462 3261 2659 3329 fuerit,
2712 3260 3019 3314 revocanda.
3069 3258 3299 3314 Donatio
3355 3258 3410 3313 in
3455 3260 3566 3316 ﬁlio
3601 3275 3628 3313 a
3669 3269 3774 3327 palm

2237 3327 2394 3392 facta,
2419 3327 2469 3384 si
2492 3330 2695 3384 laesum
2722 3344 2781 3383 se
2806 3337 2961 3398 pater
2986 3344 3108 3384 esse
3154 3329 3507 3399 probaverit,
3537 3337 3770 3386 renown.

2307 3400 2432 3455 551.
2477 3400 2555 3453 De
2588 3401 2906 3470 detractione
2932 3398 3227 3470 principum
3243 3417 3313 3470 ac
3334 3402 3594 3455 maiorum
3611 3398 3768 3470 nataui

2234 3470 2470 3525 omnibus
2502 3471 2546 3502 ¹⁸
2562 3472 2810 3525 cavenda.
2839 3468 2997 3536 Qubd
3018 3468 3265 3525 omnibus
3287 3469 3540 3526 fidelibus
3562 3468 3763 3526 omnibs-

2234 3556 2341 3613 que
2370 3540 2655 3613 ordinibus
2676 3540 3376 3613 summopereicavendum
3431 3542 3533 3604 sit,
3564 3556 3629 3613 ne
3662 3540 3762 3595 εω-

2233 3610 2359 3682 culo
2384 3622 2479 3666 aut
2513 3612 2729 3682 publice
2767 3623 3005 3682 iunctum
3038 3610 3245 3666 Domini
3280 3611 3701 3682 detractionibus
3733 3615 3768 3661 et

2234 3681 2721 3752 vituperationibus
2747 3681 3029 3746 dilaniant,
3057 3681 3457 3752 perpendentes
3490 3683 3617 3736 illud
3639 3694 3771 3752 ereu-

2234 3749 2378 3822 plutit
2410 3753 2609 3807 Mariae
2632 3792 2665 3823 ,ν
2690 3765 2831 3823 quae
2855 3766 2954 3817 pro
2989 3766 3075 3815 eo,
3108 3749 3250 3817 quod
3278 3750 3449 3823 Moysi
3497 3751 3681 3823 famulo
3702 3749 3773 3823 llo-

2233 3819 2361 3876 tnni
2394 3831 2614 3892 propter
2641 3819 3038 3892 Aethiopissam
3088 3822 3343 3886 detraxit,
3369 3819 3685 3892 inmunditia
3721 3819 3772 3871 le-

2233 3907 2362 3961 prae
2386 3890 2610 3946 multata
2636 3893 2727 3947 sit.
2763 3893 2828 3945 Et
2877 3891 2985 3945 llud
3011 3893 3321 3960 psalmistae
3349 3908 3364 3943 :
3414 3890 3599 3947 Nolite
3618 3901 3776 3960 tanget

2231 3963 2452 4016 cbristos
2481 3979 2639 4025 meos,
2665 3972 2715 4015 et
2740 3963 2794 4015 in
2829 3962 3090 4031 prop/retis
3114 3963 3240 4015 meis
3265 3964 3426 4016 no'ite
3453 3963 3726 4031 malignam.

2300 4031 2424 4103 552.
2472 4034 2619 4099 Quod
2655 4030 2912 4093 omnibus,
2946 4034 3031 4103 qui
3076 4034 3167 4085 lite
3206 4034 3397 4099 pulsati
3448 4030 3666 4103 fuerint,
3700 4043 3774 4082 nos

2230 4101 2389 4179 aliubi
2419 4119 2576 4179 quam
2596 4105 2652 4179 in
2673 4103 2882 4172 proprio
2896 4101 3020 4179 [ora
3042 4103 3354 4179 iurgantium
3373 4101 3466 4179 sit.
3484 4104 3704 4179 Clericns
3719 4103 3780 4179 vel

2230 4173 2399 4227 laicus
2426 4170 2472 4228 Si
2503 4170 2728 4243 crimine
2771 4170 2864 4225 aut
2893 4170 3258 4242 litepulsatus
3288 4173 3477 4243 fuerit,
3508 4189 3614 4230 non
3638 4170 3778 4232 aliubi.

2229 4258 2389 4312 quam
2415 4245 2466 4297 in
2496 4242 2617 4297 foro
2647 4259 2745 4297 suo
2774 4254 2999 4296 vncatns
3029 4244 3299 4296 audiatur.

2299 4310 2426 4367 5.35.
2472 4313 2539 4369 Ut
2575 4312 2894 4383 appellantes
2911 4313 3054 4366 nulla
3080 4322 3359 4367 arceantur
3378 4314 3687 4369 detentione.
3705 4317 3785 4379 Ap-

2230 4383 2519 4452 pellantem
2548 4401 2654 4437 non
2705 4384 2865 4437 debet
2922 4399 2954 4437 a
2979 4384 3143 4437 lli'ctio
3173 4384 3279 4452 nlla
3326 4393 3421 4438 aut
3447 4386 3678 4441 carceris
3709 4388 3781 4452 aut

540 4450 790 4534 habuerit
812 4466 1026 4534 causam
1050 4454 1305 4509 adversus
1345 4453 1978 4534 episcopum_proprium
2026 4457 2116 4511 vel
2145 4472 2196 4530 υ
2228 4450 2556 4534 detentionis
2600 4454 2853 4508 iniuriare
2882 4452 3147 4534 e_uslodia.
3181 4450 3246 4507 Et
3298 4452 3462 4534 liceat
3490 4450 3783 4534 appellaturi

539 4521 799 4577 adversus
847 4521 1232 4595 alterum,_aut
1281 4521 1566 4593 episcopus
1621 4521 1883 4581 adversus
1930 4541 2117 4595 quem-

538 4605 721 4664 quam,
777 4594 920 4662 apud
956 4593 1218 4664 synodum
1269 4595 1580 4664 provinciae
1627 4595 1913 4651 iudicetur.
1949 4593 2115 4662 Quod

538 4662 904 4734 siradversus
959 4662 1202 4719 eiusdem
1262 4662 1571 4734 provinciae
1638 4667 2115 4734 metropolitanum

537 4733 824 4804 episcopus
854 4734 941 4787 vel
977 4735 1206 4789 clericus
1233 4733 1479 4790 habuerit
1507 4733 1982 4804 querelam,’pelat
2010 4736 2116 4805 pri—

536 4812 734 4877 matem
755 4805 1065 4871 dioceseos;
1088 4813 1143 4860 et
1171 4805 1313 4876 apud
1342 4809 1515 4876 ipsum
1550 4805 1816 4860 iudicetur
1852 4817 1946 4860 aut
1978 4806 2121 4877 apud

535 4873 718 4939 sedem
746 4876 1119 4944 apostolicam.

604 4943 727 5000 523.
772 4943 847 4999 De
871 4961 959 5000 ore
979 4963 1154 5001 eorum
1182 4947 1236 5001 in
1263 4947 1591 5000 accusatione
1606 4946 1684 5000 vel
1706 4946 1996 5002 testimonio
2021 4945 2114 4999 ob-

532 5015 777 5086 gtruendo
805 5053 824 5082 ,
872 5016 958 5086 qui
984 5017 1169 5071 diuinis
1211 5015 1411 5072 vocibus
1456 5018 1642 5071 mortui
1668 5032 1778 5070 esse
1805 5025 2112 5072 noscuntur.

534 5083 764 5152 Placuit,
793 5083 980 5142 eorum
1040 5087 1324 5141 accusandi
1371 5088 1681 5143 sacerdotes
1707 5094 1763 5141 et
1792 5086 2115 5143 testiﬁcandi

534 5155 588 5226 in
613 5170 708 5210 eos
735 5171 924 5211 vocem
954 5157 1236 5212 obstruere
1258 5198 1274 5224 ,
1320 5171 1458 5226 quos
1515 5173 1620 5211 non
1674 5156 1922 5212 humanis
1944 5197 1963 5221 ,
2018 5160 2115 5212 sed

532 5225 727 5297 divinis
751 5228 974 5282 vocibus
1013 5236 1259 5282 mortuos
1282 5225 1402 5282 esse
1451 5227 1683 5297 scimus;
1737 5227 1862 5297 quia
1915 5242 2111 5284 vocem

536 5292 804 5352 funestam
836 5298 1015 5368 potius
1044 5298 1291 5352 intercidi
1321 5312 1484 5367 quam
1509 5295 1686 5353 audiri
1708 5292 1949 5367 oportet.

2228 4525 2470 4579 vitiatam
2500 4539 2715 4581 causam
2743 4523 3123 4591 appellationis
3152 4524 3396 4578 remedio
3418 4523 3713 4581 sublevare.

2293 4593 2419 4649 554.
2459 4593 2662 4660 Deliis,
2702 4594 2789 4663 qui
2813 4602 3105 4660 contempto
3151 4593 3457 4660 ﬁdeiussore
3480 4597 3557 4650 ad
3604 4592 3784 4649 solutio-

2223 4681 2340 4720 nem
2368 4668 2536 4735 potius
2563 4665 2842 4719 debitorem
2889 4665 3190 4734 delegerint.
3233 4665 3290 4718 Si
3336 4665 3461 4734 quis
3509 4670 3787 4733 contempto

2176 4732 2187 4737 '
2225 4732 2539 4790 lideiussore
2568 4736 2869 4789 debitorem
2902 4732 3058 4788 suuin
3091 4744 3276 4789 tenere
3302 4732 3581 4800 maluerit,
3610 4732 3787 4789 ﬁdeius-

2223 4821 2316 4862 sor
2343 4806 2425 4861 vel
2455 4806 2611 4860 heres
2640 4805 2755 4858 eius
2776 4820 2806 4858 a
2830 4804 3191 4860 ﬁdeiussionis
3213 4805 3428 4860 vinculo
3456 4806 3725 4862 liberatur.
3742 4802 3784 4856 Si

2227 4891 2355 4932 vero
2384 4884 2706 4946 procurator
2735 4875 2845 4930 litis
2870 4874 3043 4930 victus
3080 4875 3264 4942 fuerit,
3289 4875 3586 4932 mandatur
3609 4879 3715 4933 eius
3736 4871 3788 4926 ad

2220 4947 2546 5002 solutionem
2579 4953 2815 4999 tenetur.

2288 5015 2410 5071 555.
2456 5014 2607 5080 Quod
2633 5015 2779 5069 liberi
2801 5015 3035 5070 homines
3080 5025 3274 5070 statum
3322 5031 3474 5071 suum
3502 5026 3555 5070 et
3601 5015 3791 5070 deterio-

2218 5104 2337 5142 rare
2358 5096 2407 5140 et
2429 5087 2761 5140 inmeliorare
2787 5094 3028 5155 possunt.
3055 5084 3232 5140 Homo
3266 5085 3405 5141 liber
3427 5128 3445 5151 ,
3494 5088 3590 5155 qui
3620 5095 3791 5155 statum

2220 5172 2376 5213 suum
2408 5158 2462 5210 in
2487 5163 2755 5224 potestate
2789 5153 2975 5219 habet,
3010 5164 3064 5225 et
3092 5156 3341 5225 peiorare
3388 5153 3530 5215 eum'
3545 5166 3605 5212 et
3632 5153 3792 5209 melio-

2220 5243 2333 5282 rem
2363 5225 2541 5282 facere
2572 5234 2783 5295 potest;
2817 5234 2981 5297 atque
3019 5224 3142 5281 ideo
3180 5241 3382 5297 operas
3427 5242 3563 5283 suas
3601 5227 3795 5282 diurnas

2223 5306 2622 5365 nocturnasque
2650 5297 2821 5351 locat.

1746 5407 2143 5465 VARIANTES
2177 5405 2580 5464 LECTIONES.

604 5525 619 5555 ι
641 5523 924 5599 damnatus
943 5544 1031 5597 ap.
1060 5527 1325 5583 Hadrian.
1347 5526 1605 5599 unde_ltoc
1631 5532 2000 5599 anmptumest
2029 5531 2204 5593 caput.
2280 5524 2303 5554 ⁸
2334 5519 2628 5599 paganismi
2662 5518 2779 5573 Bal.
2802 5520 2863 5599 u'
2891 5516 3406 5599 accenderunt-Bal;
3470 5521 3636 5590 ‘quis
3660 5537 3795 5585 supra

527 5593 717 5649 lineam
745 5597 888 5651 addit
928 5593 1155 5653 secunda
1184 5616 1365 5653 manus
1389 5600 1441 5651 in
1466 5595 1535 5651 Ο.

527 5663 773 5738 hortator
817 5666 883 5721 (ἔ.
992 5670 1311 5738 {observari
1343 5668 1461 5722 Bal.
1570 5664 1592 5697 ⁸
1617 5667 1813 5738 quibus
1838 5663 1902 5717 (ἐξ

536 5806 579 5837 ⁸⁸
607 5806 911 5866 hominibus
937 5807 1017 5883 (ἶ.Δ

1631 5596 1651 5627 ⁸
1677 5587 2018 5666 sacrilegium
2070 5587 2204 5648 corr.
2234 5587 2552 5660 sacrilegum
2583 5589 2649 5644 (ἰ.
2678 5589 2944 5658 sacrilegii
2985 5603 3136 5643 reum
3158 5587 3281 5642 Bal.

1631 5667 1813 5718 mibus
1838 5666 1902 5717 (ἑ.
1997 5665 2018 5695 ⁹
2056 5665 2245 5718 negari
2265 5663 2331 5718 G.
2448 5663 2488 5692 ¹⁰
2515 5664 2590 5715 sic
2617 5676 2752 5715 corr.
2788 5659 2855 5714 G.
2881 5676 2947 5714 ex
2973 5662 3073 5718 eis,
3100 5659 3239 5718 quod
3268 5658 3281 5712 l

2099 5680 2245 5719 θέωνι
2265 5680 2331 5718 (ι.

532 5680 773 5719 hortator
817 5680 883 5721 tt.
992 5680 1007 5700 τ
1039 5680 1311 5724 obscharI
1343 5680 1461 5722 But.
1570 5680 1592 5697 °
1617 5680 1813 5738 qumus
1838 5680 1902 5717 (ι.
1998 5680 2018 5695 ’
2056 5680 2331 5734 (legarit.
2448 5680 2488 5692 "
2515 5680 2590 5715 sic
2617 5680 2658 5715 ct

532 5735 577 5811 ξζ
600 5736 874 5811 quidesse
901 5736 1047 5811 an.
1127 5741 1168 5771 η
1190 5755 1404 5796 causam
1438 5739 1574 5811 (sine
1602 5737 1755 5791 dubio
1776 5745 1945 5791 artant
1981 5751 2046 5791 ex
2069 5736 2234 5792 causa
2258 5735 2332 5805 in)
2368 5732 2559 5789 iuditio
2592 5730 2658 5785 ϐ.

3385 5590 3407 5621 ⁸
3434 5601 3649 5648 ortator
3674 5608 3794 5649 corr.

2448 5657 2488 5735 ξδ’
2508 5664 2752 5735 sic‘corr.
2881 5657 2947 5714 ex
2973 5662 3076 5735 eis,
3100 5659 3239 5735 qunod
3268 5657 3386 5735 Bal.
3413 5679 3614 5735 quaque
3638 5663 3780 5735 Imbel

2768 5731 2810 5761 ¹³
2849 5728 3215 5800 υυυείιυίςϐ.
3324 5731 3369 5761 ⁸⁵
3398 5728 3453 5788 d.
3504 5728 3776 5805 synodali
