3974 6340
118 290 232 367 ssi

597 308 753 368 con.
796 307 1072 366 DIPLOM.
1112 294 1186 352 '—
1216 307 1579 368 BENEDICTI
1615 307 2138 369 CAPITULARIUM
2174 311 2582 376 COLLECTIO.
2619 296 2695 360 4-
2725 314 2858 374 LIB.
2895 315 2985 373 ιιι.

3343 316 3454 378 842

198 423 346 480 556.
400 425 474 478 De
501 422 802 478 concubinis
829 439 936 477 non
966 421 1238 478 habendis.
1272 421 1374 489 Qui
1403 438 1625 478 uxorem
1653 423 1749 476 lia-
1777 427 1822 482 Α
1923 422 2044 478 546.
2090 423 2164 480 De
2209 444 2313 483 non
2349 428 2587 484 valendis
2623 428 3077 487 constitutionibus
3129 443 3310 487 contra
3358 449 3454 488 ca-

119 497 246 560 bet,
280 510 361 550 eo
397 505 641 563 tempore
660 493 1018 548 concubinam
1049 494 1249 548 habere
1275 511 1380 548 non
1413 503 1610 564 potest,
1638 508 1708 548 ne
1731 493 1746 522 ί

114 569 187 624 ab
222 582 411 621 uxore
438 581 559 619 eum
581 565 800 619 dilectio
825 572 1043 633 separet
1068 565 1422 620 concubinae.

193 638 337 692 557.
387 637 464 691 De
486 636 754 690 monachis
782 678 794 694 .
839 636 927 706 qui
970 636 1289 706 monasteria
1345 653 1441 690 sua
1473 637 1493 666 ²
1521 646 1751 690 contem-

116 718 321 780 pnssnt,
348 707 419 761 ab
467 709 708 780 episcopo
744 705 1076 780 revecandis.
1122 705 1268 780 illud
1289 707 1450 780 etiam
1507 706 1748 780 unanimi

116 777 415 838 consensu
428 778 682 833 convenit
705 777 999 837 observari.
1023 785 1081 831 ιιι
1103 777 1149 831 si
1182 777 1273 847 qui
1304 778 1324 808 ³
1355 778 1748 834 monachorum

118 865 217 906 aut
244 850 653 905 monacliarum
686 849 738 902 in
772 849 1194 917 congregatione
1244 849 1405 918 positi
1438 849 1745 917 religiosam

119 921 619 979 conversationem
644 919 928 989 elegerint,
956 928 1012 974 et
1045 927 1229 986 postea
1262 929 1354 990 aut
1379 919 1449 974 ad
1490 929 1748 990 parentes

119 1004 217 1049 aut
247 1007 666 1063 quamcumque
688 989 1076 1063 proprietatem
1099 1005 1158 1046 se
1179 1006 1212 1044 a
1233 1000 1255 1025 ο
1276 989 1296 1020 ⁸⁵
1325 989 1748 1063 congregatione

120 1067 241 1134 ipsa
266 1061 676 1129 subtraxerint,
710 1069 767 1115 et
796 1062 863 1115 ab
885 1063 1429 1134 episcoposuoper
1455 1062 1746 1134 epistolam

121 1131 408 1192 admoniti
437 1134 502 1188 ad
533 1143 686 1202 septa
718 1133 1033 1188 monasterii
1082 1133 1164 1187 sui
1195 1133 1370 1187 redire
1399 1131 1745 1202 distulerint,

119 1210 235 1262 sint
268 1220 456 1276 usque
478 1205 545 1276 ad
571 1205 773 1259 exitum
806 1204 947 1276 vitae
970 1219 1000 1256 a
1041 1203 1428 1276 communione
1450 1203 1697 1274 suspensi
1727 1244 1740 1267 ,

123 1294 228 1333 nec
260 1274 428 1348 prius
467 1274 537 1330 ad
581 1275 903 1331 eucaristiae
929 1275 1158 1348 gratiam
1188 1274 1746 1348 admittantur,qua_m

122 1349 188 1404 ad
221 1345 381 1404 oirile
415 1361 590 1412 suum,
621 1348 687 1401 de
735 1361 844 1415 quo
881 1361 940 1401 se
969 1345 1267 1411 vagationis
1311 1345 1600 1399 insolentia
1641 1345 1744 1400 visi

122 1429 253 1476 sunt
282 1417 653 1484 subtraxisse,
678 1432 800 1472 cum
853 1415 1149 1472 humillima
1202 1416 1597 1486 subplicatione
1647 1416 1745 1472 de-

125 1496 296 1546 beant
321 1487 699 1544 satisfactione
726 1488 943 1543 reverti.

193 1561 330 1616 55*.
367 1560 445 1612 De
476 1560 699 1627 feminis.
719 1575 850 1628 quae
873 1559 1139 1630 religionis
1159 1569 1346 1616 vestem
1383 1561 1437 1613 in
1466 1558 1702 1614 domibus
1723 1559 1744 1590 ⁸

127 1635 362 1703 prapriis
398 1631 738 1703 mutaverint,
784 1633 829 1683 si
855 1701 864 1703 _
887 1639 1067 1703 postea
1108 1633 1430 1686 concubitum
1473 1630 1740 1703 elegerint,

130 1699 252 1773 quid
282 1701 671 1774 agendumsit.
713 1699 1074 1774 Deividuisret
1132 1703 1322 1770 puellis
1347 1717 1487 1771 quae
1533 1699 1634 1756 Sibi
1688 1701 1746 1757 in

132 1771 390 1858 habiturn
421 1773 440 1802 ⁸
480 1771 755 1843 religionis
786 1773 838 1826 in
869 1772 1405 1858 domibus‘proporiis,
1441 1782 1549 1826 tam
1581 1789 1608 1826 a
1643 1789 1739 1842 pa-
1777 1798 1822 1858 Β

135 1846 390 1900 rentibus
411 1859 572 1913 quam
594 1858 688 1911 per
708 1859 786 1905 se,
811 1849 1009 1898 vestem
1035 1845 1381 1911 mutaverint,
1397 1852 1452 1898 et
1471 1859 1530 1899 se
1554 1853 1744 1913 postea

134 1928 326 1972 contra
403 1915 647 1970 instituta
704 1923 928 1985 patrum
976 1915 1059 1969 vel
1116 1925 1405 1985 praecepta
1471 1930 1744 1970 canonum

137 1987 399 2055 coniugia
422 1985 750 2041 crediderint
777 1984 1076 2054 copulanda
1097 1984 1126 2052 ,’
1163 1985 1366 2039 tamdiu
1399 1987 1614 2055 utrique
1647 1985 1746 2040 ha-

137 2059 380 2114 beantur
436 2072 466 2109 a
498 2056 880 2112 communione
927 2057 1215 2124 suspensi,
1271 2072 1556 2125 quousque
1597 2055 1745 2125 quod

142 2129 351 2185 inlicite
392 2135 861 2195 penetraverunt,
903 2127 1211 2182 emendent.
1268 2127 1422 2194 Quod
1462 2128 1505 2182 si
1555 2142 1742 2182 emen-

144 2201 274 2268 dare
304 2199 664 2268 neglexerint,
704 2214 734 2252 a
784 2198 1161 2254 communione
1215 2201 1298 2253 vel
1326 2200 1564 2254 omnium
1597 2198 1744 2253 chri-

146 2266 444 2327 sti'anoru‘m
474 2270 725 2324 convivio
750 2270 803 2322 in
837 2277 1100 2338 perpetuo
1124 2270 1234 2324 sint
1263 2270 1590 2338 sequestrati
1619 2271 1666 2302 ⁷·

217 2342 338 2396 553.
385 2341 536 2405 Quod
575 2350 796 2412 quatuor
863 2355 1144 2412 personae,
1170 2341 1226 2393 in
1285 2341 1490 2412 iudiciis
1542 2356 1746 2412 semper

157 2413 331 2467 adesse
345 2415 580 2466 debeant.
608 2411 754 2477 Quot
779 2425 1041 2480 personae
1068 2411 1245 2465 solent
1267 2414 1320 2464 in
1349 2411 1556 2466 iudiciis
1585 2414 1745 2467 esse?

158 2482 440 2550 Quattuor:
475 2492 767 2538 accusator
796 2495 1010 2545 causae,
1031 2481 1285 2552 defensor
1315 2497 1533 2550 causae,
1554 2491 1742 2552 testes,

153 2555 328 2609 iudex.
359 2553 478 2620 Quo
506 2554 737 2623 quisque
776 2560 942 2606 utitur
979 2552 1200 2607 officio?
1230 2551 1392 2607 Iudex
1435 2552 1741 2623 aequitate,

156 2634 317 2681 testes
351 2627 602 2692 veritate,
627 2633 911 2694 accusator
960 2623 1257 2678 intentione
1313 2626 1378 2678 ad
1411 2624 1744 2694 anipliiican-

146 2697 272 2752 dam
293 2711 532 2759 causam,
559 2692 814 2751 defensor
841 2695 1224 2749 extenuatione
1277 2695 1344 2748 ad
1398 2692 1741 2749 minuendam

145 2783 385 2822 causam.
447 2767 625 2834 Saepe
671 2766 815 2820 enim
861 2768 920 2818 lit
957 2781 1120 2820 causa
1174 2765 1606 2821 ratiocinationis
1651 2774 1746 2821 aut

144 2848 298 2892 metu
328 2847 422 2893 aut
469 2838 636 2906 gloria
677 2845 767 2890 aut
798 2837 1044 2903 pecunia,
1071 2836 1120 2888 id
1153 2845 1275 2901 est,
1333 2845 1426 2890 aut
1473 2837 1745 2892 commodi

145 2909 356 2978 aliquid
384 2908 692 2978 appetendi,
723 2908 804 2961 vel
833 2907 1154 2961 incommodi
1178 2907 1376 2975 aliquid
1409 2907 1632 2961 vitandi.

268 2925 356 2963 ιιιυ
384 2925 692 2978 appetendi,
723 2925 804 2961 vet
833 2925 1154 2961 nicominout
1178 2925 1376 2975 aliquid
1409 2925 1632 2961 vrtanat.

225 2925 354 3034 540.
399 2977 549 3044 Quod
573 2996 672 3034 non
695 2979 854 3034 solum
879 3019 894 3043 ,
929 2982 1011 3049 qui
1048 2981 1241 3049 furtum
1275 2980 1528 3046 fecerint;
1577 2979 1669 3032 sed
1694 2989 1745 3034 et

151 3051 335 3124 quiud
357 3052 455 3105 hoc
484 3051 838 3124 perﬁciendum
865 3049 1178 3124 adiutorium
1208 3061 1297 3124 aut
1322 3049 1592 3102 consilium
1643 3051 1742 3124 def

157 3119 344 3193 derint,
376 3123 502 3193 furti
531 3123 721 3176 actione
769 3131 889 3176 sunt
926 3121 1150 3193 tenendi.
1211 3119 1326 3174 Non
1387 3128 1592 3175 tantum
1647 3123 1740 3190 qui

155 3191 356 3248 furtqu
377 3191 592 3259 fecerit,
609 3195 697 3248 secl
729 3195 894 3248 etiam
927 3193 972 3246 is
1013 3192 1164 3247 cuius
1195 3208 1361 3261 opere
1391 3202 1484 3245 aut
1512 3193 1740 3249 consilio

149 3263 351 3330 furtum
380 3266 576 3318 factum
609 3264 790 3326 fuerit,
822 3266 948 3318 furti
980 3265 1190 3318 actione
1219 3264 1512 3316 tenebitur.

226 3334 347 3388 5M.
394 3336 493 3402 Qui
521 3336 624 3389 sint
656 3336 675 3365 ⁸
697 3337 898 3406 agnati,
922 3343 972 3389 et
993 3336 1078 3402 qui
1096 3336 1201 3388 sint
1222 3334 1264 3362 ⁸·
1289 3335 1518 3406 cognati.
1546 3336 1741 3404 Agnati

151 3415 294 3472 sunt,
327 3407 421 3476 qui
453 3421 550 3474 per
600 3405 810 3460 virilem
865 3421 1053 3460 sexum
1104 3405 1474 3476 descendunt;
1527 3407 1742 3474 cognati

153 3475 357 3544 autem,
383 3478 475 3546 qui
501 3492 600 3547 per
630 3478 944 3532 femineum.
979 3477 1045 3530 Et
1065 3475 1184 3531 ideo
1207 3477 1383 3545 patrui
1409 3477 1491 3529 vel
1523 3485 1742 3543 patruo-

157 3561 268 3600 rum
288 3549 378 3602 lilii
399 3557 455 3602 et
477 3549 638 3619 agnai
667 3556 794 3602 sunt
819 3549 1167 3619 etcognati;
1227 3547 1477 3601 avunculi
1510 3561 1636 3602 vero
1689 3557 1744 3603 et

160 3618 535 3688 avunculorum
570 3619 663 3672 lilii
694 3618 911 3688 cognati
935 3628 1084 3685 sunt,
1116 3635 1222 3673 non
1251 3619 1454 3685 agnati.

225 3686 346 3741 542.
392 3691 570 3744 Deliis
621 3691 709 3760 qui
754 3686 808 3743 se
849 3699 981 3742 metu
1028 3700 1117 3742 aut
1170 3697 1366 3760 terrore
1411 3705 1583 3743 servos
1631 3706 1743 3744 esse

149 3761 347 3814 mentiti
373 3770 508 3815 sunt.
541 3759 642 3828 Qui
673 3769 817 3814 metu
847 3769 902 3815 et
946 3760 1278 3828 inpressione
1307 3759 1536 3814 alicuius
1566 3769 1741 3814 terro-

151 3831 220 3884 ris
251 3833 392 3901 apud
442 3844 560 3888 acta
591 3833 847 3899 praesidis
894 3847 1108 3886 servum
1151 3847 1210 3887 se
1259 3829 1278 3858 ⁰
1317 3844 1438 3885 esse
1486 3833 1743 3886 mentitus

144 3915 241 3963 eat,
277 3912 463 3968 postea
500 3911 699 3957 statum
731 3920 887 3957 suum
911 3901 1226 3956 defendendi
1255 3917 1361 3954 non
1386 3901 1739 3970 praeiudicat.

211 3973 342 4030 545.
388 3975 462 4028 De
493 3977 570 4028 liis
619 3976 702 4046 qui
733 3976 912 4028 domos
950 3974 1250 4044 effregeth
1278 3971 1355 4025 vel
1403 3972 1552 4026 villas
1579 3989 1741 4046 expc:

143 4044 388 4099 liaverint
417 4055 505 4098 aut
529 4043 955 4116 expugnaverint,
982 4048 1056 4098 vel
1083 4043 1324 4116 rapinas
1359 4046 1592 4111 fecerint,
1617 4043 1742 4116 quid

139 4117 400 4186 agendum
429 4119 516 4170 sit.
562 4117 624 4171 Hi
668 4114 764 4186 qui
815 4117 976 4170 aedes
1007 4116 1213 4184 aliquas
1235 4114 1454 4186 villasve
1496 4115 1741 4186 expolia-7

141 4185 341 4251 vet-int,
390 4189 699 4256 elfregeriut
733 4189 793 4252 ¹⁰,
853 4186 1321 4256 expugnaverint,
1374 4185 1639 4254 siquidem
1691 4185 1742 4239 id

142 4258 304 4312 turba
334 4275 457 4313 cum
515 4255 637 4314 telis
665 4267 854 4314 coacta
886 4255 1116 4312 iecerint
1141 4295 1157 4321 ,
1213 4257 1392 4325 capite
1423 4255 1738 4325 puniantur.

141 4329 601 4386 Telorumautem
631 4329 997 4400 appellatione
1027 4329 1208 4384 omnia
1236 4369 1250 4392 ,
1302 4343 1371 4381 ex
1416 4327 1611 4395 quibus
1651 4341 1742 4382 sa-

137 4400 238 4452 luti
267 4401 509 4470 hominis
532 4404 715 4456 noceri
746 4403 948 4469 possit,
982 4400 1343 4470 accipiuntur.

207 4469 342 4523 544.
389 4471 464 4548 _De
499 4473 578 4548 Itis
624 4473 708 4543 qui
739 4473 967 4548 latrones
1003 4473 1078 4525 vel
1108 4469 1347 4548 reliquos
1377 4469 1737 4548 malefactores

1856 512 2019 551 nones
2044 498 2122 551 vel
2150 498 2354 553 decreta
2381 500 2677 564 praesulum
2696 515 2783 554 aut
2823 499 2982 554 bonos
3011 520 3178 556 mores
3203 505 3452 561 conditis.

1854 566 2283 636 Constitutiones
2302 579 2490 624 contra
2521 586 2761 628 canones
2801 581 2854 625 et
2889 572 3106 624 decreta
3139 574 3452 636 praesulum

1854 635 2223 711 Romanorum
2270 655 2367 696 seu
2391 640 2722 710 reliquorum
2767 642 3085 711 pontificum
3137 635 3222 698 vel
3275 644 3454 704 bonos

1855 722 2037 764 mores
2063 710 2264 764 nullius
2284 719 2412 766 sunt
2450 713 2730 766 momenti.

1922 777 2057 854 547.
2095 781 2161 834 Ut
2188 797 2305 854 Anon
2336 784 2656 854 constringat
2700 783 2945 838 clericum
2971 788 3230 841 sententia
3270 805 3376 843 nats
3419 806 3455 844 α

1852 867 1945 906 suo
1965 851 2135 905 iudice
2162 851 2320 906 dicta.
2349 852 2405 906 In
2424 851 2743 908 cleriéorum
2765 868 2928 909 causa
2943 855 3252 913 huiusmodi
3275 860 3451 915 forma

1854 933 2120 986 servetur,
2157 931 2217 977 ut
2241 938 2308 978 ne
2339 924 2379 953 “
2409 939 2738 992 quemquam
2760 940 2952 981 eorum
2973 929 3244 985 sententia
3282 947 3390 986 non
3419 946 3451 985 a

1853 1009 1953 1048 suo
1977 993 2151 1050 iudice
2173 995 2318 1049 dicta
2343 995 2699 1062 constringat.

1924 1062 2050 1141 518.
2097 1064 2267 1141 t_lti,
2291 1067 2376 1134 qui
2400 1066 2536 1141 falsa
2567 1067 2684 1120 aliis
2707 1070 3079 1141 inrogaverint,
3095 1072 3378 1139 puniantur
3405 1083 3457 1126 et

1853 1137 2085 1210 falsitate
2110 1137 2331 1210 infames
2362 1138 2677 1210 efﬁciantur.
2706 1137 2908 1205 Omnis,
2937 1143 3028 1210 qui
3059 1137 3191 1196 falsa
3219 1143 3337 1196 aliis
3367 1143 3454 1198 in-

1855 1206 2060 1273 tulerit,
2087 1208 2343 1275 puniatur
2373 1206 2427 1261 et
2459 1224 2556 1274 pro
2586 1208 2822 1264 falsitate
2850 1206 2988 1265 ferat
3014 1212 3056 1242 ¹²
3080 1210 3377 1266 infamiam.
3482 1234 3500 1266 π,

2095 1277 2624 1354 υεῌεοςιρνουίηιὶαξὶ
2657 1279 2698 1308 ¹³
2736 1282 2938 1354 synch
2983 1283 3316 1354 retractanda
3361 1299 3456 1354 per

1851 1350 2070 1426 vicarios
2100 1347 2240 1402 urbis
2275 1347 2474 1404 Romae
2516 1347 2787 1426 episccpi.’
2819 1351 2885 1426 Ut
2929 1353 3273 1426 provincialis
3321 1347 3454 1426 svn-

1853 1421 1990 1496 o_d_us
2013 1427 2345 1496 retractetur
2371 1435 2467 1496 per
2496 1422 2727 1477 vicarios
2757 1424 2906 1479 urbis
2952 1421 3158 1480 Romae
3185 1421 3454 1496 episcopi,

1853 1491 1899 1545 si
1926 1492 2039 1552 ipse
2069 1490 2376 1546 decreverit
2410 1497 2424 1521 ι
2437 1491 2473 1545 ".

1923 1560 2049 1616 550.
2083 1560 2165 1634 ,Ut
2187 1561 2358 1616 nullus
2382 1563 2676 1634 episcOpum
2706 1573 2795 1616 aut
2826 1576 3025 1618 actores
3053 1566 3300 1621 ecclesiae
3314 1572 3456 1634 apud

1853 1632 1987 1686 alios
2009 1633 2154 1703 prius
2190 1643 2414 1696 accuset,
2444 1632 2598 1702 quam
2632 1651 2746 1688 eum
2794 1636 3128 1703 familiariter
3185 1632 3457 1694 conveniat

1854 1713 2005 1774 atque
2035 1702 2099 1778 ab
2126 1720 2186 1758 eo
2221 1705 2535 1774 familiarem
2562 1702 2815 1778 iustitiam
2838 1714 2998 1774 petat.
3028 1706 3084 1778 Si
3115 1709 3235 1778 quis
3262 1709 3454 1764 adver-

1853 1773 2280 1849 sus-episcopum
2311 1790 2530 1849 causam
2559 1773 2963 1849 ha_bucrit,non
2994 1773 3146 1846 prius
3176 1779 3313 1832 alios
3341 1781 3462 1849 epi-

1848 1860 2049 1920 scopos
2068 1844 2168 1920 vel
2185 1845 2322 1920 alios
2353 1847 2556 1920 iudices
2577 1847 2754 1920 adeat.
2792 1857 2846 1900 ut
2872 1844 3012 1920 eum
3027 1859 3271 1915 accuset,
3293 1844 3460 1920 quam

1850 1916 2196 1970 familiariter
2225 1917 2275 1971 ei
2301 1931 2453 1971 suam
2502 1917 2702 1972 indicet
2728 1919 3029 1986 querelam,
3061 1927 3116 1972 et
3144 1920 3213 1973 ab
3243 1916 3327 1974 eo’
3364 1930 3461 1978 aut

1849 1987 2046 2060 iustam
2077 1987 2514 2060 emendationem
2544 1997 2638 2041 aut
2660 1990 3038 2044 rationabilem
3067 1991 3333 2060 percipiat
3362 2008 3462 2048 ex-

1847 2058 2209 2132 cusationem,
2244 2059 2357 2125 ipsa
2391 2074 2488 2113 nos
2517 2060 2822 2132 instruente
2879 2058 3145 2115 veritate:
3178 2060 3244 2118 Si
3267 2079 3458 2132 pecca-

1847 2129 1976 2184 verit
2009 2132 2062 2182 in
2089 2132 2327 2200 te‘frater
2353 2138 2490 2192 tuus,
2524 2129 2652 2183 vade
2679 2139 2728 2182 et
2767 2132 2971 2200 corripe
3010 2147 3128 2184 eum
3157 2129 3291 2186 inter
3332 2146 3380 2188 te
3407 2141 3460 2189 et

1845 2201 2016 2270 ipsum
2038 2201 2228 2270 solum.
2253 2199 2314 2254 Si
2364 2211 2411 2252 te
2433 2218 2536 2254 non
2565 2202 2791 2254 audierit
2818 2243 2830 2264 ,
2867 2201 3054 2270 adhibe
3092 2202 3221 2255 duos
3244 2203 3324 2256 vel
3354 2213 3459 2260 tres

1848 2269 2034 2326 tecum.
2072 2269 2141 2324 Et
2161 2273 2208 2325 si
2237 2288 2323 2325 vos
2346 2287 2456 2343 non
2479 2271 2745 2336 audierit,
2785 2273 2877 2325 dic
2909 2269 3215 2337 Ecclesiae;
3257 2274 3308 2328 id
3338 2283 3455 2343 est,

1848 2358 2046 2412 acciiiisa
2074 2358 2199 2397 eum
2234 2342 2444 2412 publice
2473 2352 2598 2396 tunc
2620 2384 2634 2407 ,
2687 2350 2742 2396 et
2782 2358 2888 2395 non
2924 2343 3092 2409 prius.
3128 2343 3194 2397 Et
3216 2342 3450 2412 reliqua.

1919 2411 2045 2466 551.
2093 2413 2168 2468 De
2215 2411 2582 2485 infamibus_”_
2594 2413 2678 2485 vel
2693 2413 2990 2485 sacrilegis,
3015 2413 3156 2484 quod
3182 2411 3455 2484 religittsos

1847 2500 2096 2539 accusare
2119 2501 2221 2539 non
2245 2483 2446 2553 possint
2469 2483 2531 2535 ιθ.
2563 2483 2706 2555 Nulli
2755 2483 2940 2538 infami
2991 2483 3156 2553 atque
3185 2483 3456 2555 sacrilego

1847 2556 1915 2612 de
1952 2570 2298 2625 quocumque
2349 2555 2566 2623 negotio
2616 2554 2778 2610 liceat
2829 2555 3155 2625 quandoque
3193 2554 3458 2613 adversus

1846 2628 2157 2696 religiosum
2187 2625 2562 2692 christianum,
2613 2626 2859 2696 quamvis
2894 2626 2933 2658 "
2963 2625 3183 2681 humilis
3212 2629 3456 2683 servilis-

1847 2712 1955 2768 que
1978 2713 2210 2769 persona
2241 2697 2328 2763 sit,
2362 2697 2728 2769 testimonium
2751 2697 2956 2769 dicere.
2981 2713 3083 2752 nec
3103 2699 3454 2766 dequacum-

1848 2767 1954 2839 que
1980 2767 2042 2826 re
2073 2770 2289 2826 actione
2314 2767 2401 2824 vel
2449 2767 2798 2838 inscriptione
2841 2767 3194 2824 christianum
3226 2769 3266 2800 ¹⁷
3297 2770 3458 2843 inpe-

1851 2850 1967 2896 tere
1976 2885 1988 2896 .

1919 2911 2046 2966 552.
2095 2911 2164 2966 Ut
2184 2927 2394 2974 causae,
2427 2926 2554 2981 quas
2583 2910 2729 2982 leges
2764 2911 2925 2964 seculi
2947 2927 3070 2982 non,
3090 2910 3395 2982 admittunt,
3421 2929 3458 2969 tl

1845 2983 2098 3036 iudicibus
2119 2983 2482 3036 ecclesiasticis
2504 2997 2609 3034 non
2626 2981 2910 3035 audiantur
2942 2982 3004 3036 ⁸⁸.
3029 2981 3220 3038 Nullae
3249 2997 3454 3039 causae

1847 3068 1878 3106 a
1911 3054 2174 3108 iudicibus
2205 3052 2588 3109 ecclesiasticis
2615 3051 2925 3120 audiantur,
2955 3068 3096 3121 quae
3117 3053 3328 3122 legibus
3343 3070 3454 3111 non

1847 3127 2194 3180 continentur
2219 3125 2303 3178 vel
2335 3139 2474 3193 quae
2499 3122 2806 3192 prohibitae
2833 3137 2954 3178 esse
2984 3134 3300 3179 noscmitnr.

1917 3193 2042 3250 555.
2089 3195 2239 3262 Quod
2287 3195 2359 3260 lii,
2391 3194 2477 3264 qui
2507 3210 2600 3264 pro
2635 3194 2832 3248 iniuria
2859 3195 3106 3249 mediocri
3131 3195 3330 3250 damna
3357 3213 3454 3251 su-

1845 3265 1953 3320 bire
1982 3267 2365 3336 conpelluntur,
2399 3267 2623 3336 infames
2647 3264 2966 3335 efficiamur.
2996 3267 3096 3331 Qui
3123 3281 3222 3334 pro
3255 3267 3455 3322 iniuria

1845 3335 2107 3392 mediocri
2139 3338 2424 3391 estimatae
2469 3335 2700 3390 iniuriae
2747 3336 2944 3390 damna
2974 3337 3157 3391 Subire
3196 3337 3456 3406 conpelli-

1845 3416 1955 3472 tur,
1987 3409 2234 3475 quamvis
2265 3408 2497 3462 civiliter
2531 3407 2776 3462 videatur
2805 3406 3074 3473 addictus,
3108 3416 3292 3465 tamen
3314 3407 3456 3465 infa-

1842 3479 1946 3533 mis
1971 3477 2226 3533 eﬂicitur.

1915 3548 2041 3604 554.
2087 3549 2163 3603 De
2189 3547 2488 3603 absentibus
2515 3565 2621 3603 non
2650 3549 2989 3620 damnandis.
3014 3547 3073 3602 In
3102 3564 3268 3605 causa
3295 3553 3450 3620 capi-

1845 3619 1938 3674 tali
1967 3622 2166 3676 absens
2196 3636 2356 3674 nemo
2389 3620 2698 3692 dainnetur.
2730 3618 2918 3690 Neque
2945 3619 3142 3677 absens
3172 3637 3268 3692 per
3283 3618 3453 3680 alium

1843 3705 2104 3745 accusare
2129 3700 2223 3744 aut
2252 3691 2492 3746 accusari
2520 3699 2718 3760 potest.

2066 3761 2155 3838 _Ut
2184 3762 2265 3838 lii,
2285 3761 2372 3831 qui
2401 3777 2481 3815 res
2496 3763 2714 3838 alienas
2741 3760 2990 3838 violenter
3010 3774 3294 3838 occupant,
3307 3768 3452 3838 quic-

1843 3833 1966 3904 quid
2006 3832 2077 3906 ibi
2119 3832 2378 3906 perditum
2404 3833 2503 3906 _vcl
2545 3833 2829 3886 alienatum
2865 3835 3071 3906 fuerit,
3120 3832 3227 3906 eis,
3266 3832 3451 3906 quibus

1843 3902 2180 3976 conpetebant
2203 3941 2218 3964 ,
2274 3902 2489 3976 plenitr
2515 3911 2826 3976 restauren_t_._
2857 3902 2914 3958 Si
2957 3919 3026 3959 ex
3056 3904 3219 3960 rebus
3242 3949 3255 3970 ,
3278 3902 3288 3906 ⁷
3313 3923 3453 3976 quas

1845 3974 2108 4046 violenter
2133 3973 2329 4046 aliquis
2349 3984 2609 4046 occupat,
2635 3973 2930 4046 quaelibet
2955 3976 3054 4029 sub
3101 3973 3450 4046 quacumque

1843 4045 2134 4100 occasione
2167 4044 2426 4110 perierint
2447 4051 2541 4098 aut
2562 4043 2933 4108 arserint,,vel
2979 4043 3136 4100 servi
3177 4043 3450 4104 violenter

1844 4117 2091 4189 occupati
2125 4113 2326 4189 mortui
2356 4114 2554 4189 fuerint
2580 4153 2594 4177 ,
2644 4113 2941 4189 quamlibet
2971 4114 3012 4145 ¹⁰
3044 4116 3401 4189 fraudeillius
3427 4159 3448 4189 ,

1843 4187 1935 4254 qui
1962 4186 2251 4256 occupavit
2273 4184 2322 4238 id
2346 4184 2489 4253 quod
2520 4189 2698 4254 perit,
2757 4184 2957 4256 factum
3007 4201 3115 4242 non
3156 4184 3448 4253 videatur,

1845 4265 2024 4311 tamen
2053 4255 2120 4311 ab
2153 4257 2268 4326 ipso
2291 4269 2665 4328 quaecumque
2699 4255 2955 4328 perierint
2981 4257 3253 4313 reddenda
3280 4267 3409 4315 sunt
3427 4298 3446 4328 ,

1843 4328 1935 4396 qui
1956 4344 2079 4398 rem
2109 4329 2241 4382 iuris
2267 4327 2427 4382 alieni
2456 4327 2723 4381 violenter
2744 4327 2893 4381 visus
2923 4338 3007 4382 est
3028 4343 3346 4398 occupasse.

1914 4396 2037 4453 556.
2084 4399 2160 4452 De
2184 4398 2263 4452 liis
2309 4400 2395 4470 qui
2423 4414 2537 4451 cum
2565 4397 2834 4470 pecoribus
2858 4401 2995 4452 coitu
3020 4396 3335 4468 mixtisunt,
3361 4412 3452 4457 aut

1844 4487 1984 4525 more
2008 4486 2252 4541 pecorum
2282 4469 2443 4542 usque
2470 4470 2745 4539 afﬁnitatis
2771 4469 2963 4523 lineam
2995 4487 3107 4523 cum
3133 4475 3448 4542 consangui-

133 4537 480 4611 susceperint.
514 4537 844 4621 lieeéptores
865 4537 1246 4621 adgressoruui
1294 4537 1529 4621 itemque
1573 4541 1739 4595 latro-
1767 4541 1817 4600 D
1845 4545 1953 4621 neis
1980 4537 2231 4621 incestum
2265 4537 2648 4621 toinmisetunt,
2676 4543 2782 4595 sive
2830 4557 2945 4621 cum
2979 4544 3225 4621 masculis
3255 4537 3450 4621 conca:

134 4630 272 4667 nunt
306 4617 495 4668 eadem
555 4611 726 4684 poena
758 4613 1067 4669 afliciuntur
1091 4653 1107 4677 ,
1157 4628 1263 4684 qua
1303 4611 1403 4679 ipsi
1453 4615 1732 4684 latrones:

131 4685 370 4765 sublatis
392 4685 534 4740 enim
557 4681 970 4757 'susceptoribus
991 4681 1351 4740 crassaiitium
1379 4681 1576 4751 cupido
1608 4698 1738 4738 cou-

175 4766 399 4810 mesctt.

133 4772 462 4899 l.IJe
504 4828 582 4882 his
609 4830 693 4899 qui
723 4828 1021 4882 incendium
1047 4828 1282 4899 fecerint.
1316 4824 1374 4882 Si
1404 4824 1598 4899 aliquis
1625 4841 1738 4899 ma-

134 4897 298 4952 litiae
314 4899 493 4954 studio
517 4897 824 4954 incendium
849 4897 1076 4963 miserit,
1097 4898 1166 4953 de
1188 4899 1289 4953 hoc
1310 4897 1534 4951 crimine
1551 4897 1740 4951 convi-

133 4976 269 5022 ctus
295 4971 485 5038 poenis
505 4970 834 5039 gravissimis
856 4971 1069 5026 iubetur
1099 4969 1349 5023 interfici.
1374 4968 1528 5033 Quod
1559 4968 1620 5039 si,
1644 4983 1738 5036 per

133 5038 541 5109 neglegentiam
571 5042 771 5096 factum
802 5042 1111 5096 incendium
1135 5040 1502 5109 conprobatur
1529 5081 1543 5103 ,
1593 5038 1740 5092 dam-

135 5126 278 5182 num
301 5113 446 5180 quod
468 5113 788 5182 cuicumque
808 5114 1033 5182 inlatum
1072 5112 1250 5176 fuerit,
1275 5126 1362 5165 res
1386 5123 1527 5179 quae
1549 5111 1736 5164 incen-

134 5180 238 5237 dio
268 5184 512 5253 perierit,
545 5180 716 5254 dupli
731 5181 1101 5240 satisfactione
1127 5183 1416 5238 sarciatur.

1847 4615 2082 4667 buerunt.
2109 4612 2166 4666 lit
2197 4613 2302 4666 hoc
2327 4611 2482 4665 titulo
2510 4610 2715 4667 Graeca
2761 4612 2921 4666 verba
2974 4614 3146 4679 posita
3172 4623 3334 4677 sunt,
3395 4615 3450 4669 id

1845 4694 1958 4750 e\t,
1986 4689 2252 4760 _1'l’$Pi_TJJ'd
2303 4683 2740 4760 ἀλογευσαμένῳγ,
2777 4682 2806 4740 ἦ
2847 4687 2930 4760 xui
2981 4685 3353 4760 dior/suauius)»
3376 4686 3445 4738 ²⁰.

1772 4781 1780 4788 ·
1846 4754 2000 4821 Quod
2023 4753 2117 4811 nos
2136 4755 2322 4808 Latine
2351 4770 2634 4823 possumus
2651 4753 2862 4808 dicere:
2893 4754 2968 4825 l)_e
2993 4753 3093 4817 his,
3108 4755 3194 4825 qui
3222 4755 3447 4810 inratio-

1849 4827 2091 4881 nabiliter
2112 4826 2296 4879 versati
2318 4835 2437 4878 sunt
2478 4825 2581 4877 sive
2610 4834 2898 4878 versantur.
2933 4823 2990 4878 ln
3021 4823 3129 4893 qua
3173 4826 3445 4881 sententia

1846 4913 2036 4952 sensus
2066 4897 2262 4964 triplex
2283 4905 2396 4958 est;
2442 4893 2496 4948 id
2527 4905 2610 4948 est
2637 4894 2704 4950 de
2727 4895 2832 4961 liis,
2861 4895 2953 4964 qui
3002 4912 3124 4949 cum
3155 4896 3446 4965 pecoribus

1847 4970 1994 5023 coitu
2029 4968 2179 5021 mixti
2215 4976 2359 5020 sunt.
2388 4975 2480 5018 aut
2537 4982 2686 5020 more
2743 4981 2998 5033 pecorum
3040 4981 3163 5020 cum
3215 4983 3448 5023 consan-

1847 5040 2056 5109 guineis
2085 5053 2259 5107 usque
2307 5034 2586 5109 afﬁnitatis
2619 5038 2816 5109 lineam
2851 5036 3114 5109 incestum
3147 5039 3446 5109 continuisc-

1848 5107 1990 5173 runt,
2025 5118 2118 5163 aut
2153 5124 2275 5164 cum
2304 5107 2555 5162 masculis
2583 5107 3006 5162 concubuerunt.
3065 5107 3318 5176 Quisquis
3347 5124 3450 5164 au-

1850 5194 1955 5235 tem
1987 5197 2054 5236 ex
2083 5181 2165 5235 liis
2192 5195 2358 5235 unum
2383 5180 2583 5250 egerit,
2635 5190 2728 5232 aut
2747 5177 2926 5249 capite
2955 5179 3228 5250 puniatur,
3257 5187 3353 5237 aut
3398 5180 3452 5237 si

1335 5271 1730 5327 VARIANTES
1767 5270 2171 5329 LECTIONES.

221 5378 240 5410 ⁸
287 5387 391 5430 nec
420 5371 486 5427 G.
565 5373 585 5403 ²
612 5373 752 5427 deest
779 5371 900 5428 Bal.
980 5371 1000 5402 ³
1048 5370 1171 5441 quis
1245 5367 1313 5422 G.
1342 5437 1369 5441 _
1392 5365 1503 5441 ‘_de
1529 5364 1648 5441 _Bal.

1138 5512 1181 5543 ”
1203 5509 1545 5568 decreverint
1574 5509 1639 5564 G.

139 5515 291 5577 ferat
311 5515 378 5573 ϐ.
457 5515 498 5546 ¹³
522 5517 967 5587 conprovintialis
991 5515 1057 5569 (ὲ.

143 5603 194 5636 ³⁸
228 5609 457 5681 posgtmt
495 5599 612 5656 Bal.
629 5583 731 5667 ’,ίτ
756 5601 1002 5680 qtlat_nvis
1106 5594 1461 5654 christianum
1485 5591 1671 5646 desunt
1703 5589 1820 5646 Bal.
1902 5590 1943 5622 ¹⁸
1973 5589 2320 5646 admittantur
2341 5585 2408 5642 G.
2487 5586 2528 5617 ¹⁹
2552 5585 2794 5655 qualibet
2821 5583 2890 5642 ϐ.

133 5681 306 5757 δ’..
326 5675 458 5738 ΞΕ.
490 5697 619 5740 non.
643 5696 772 5739 ecce
801 5675 1299 5752 ﬁo—giofmeEEn.
1325 5676 1394 5733 G.

1767 5368 1788 5399 ⁸
1817 5384 1866 5420 v.
1899 5367 2074 5422 domis
2105 5365 2168 5419 (ὲ.

137 5449 308 5521 paulo
323 5446 683 5521 ante‘utrique
705 5462 807 5521 non
835 5436 1098 5521 mutavit.)
1129 5442 1306 5521 {sunt
1329 5437 1476 5519 Βαι..
1577 5441 1948 5521 ςιρνιι-ιίιιεαηι
1973 5438 2207 5521 additum
2235 5436 2295 5518 (ἱΣ
2347 5507 2367 5521 μ
2407 5436 2620 5516 ¹⁰,άεεδι
2884 5448 2985 5521 tlt‘ec
3010 5436 3130 5521 per.
3159 5505 3194 5521 μ

1724 5511 1766 5543 ¹⁵
1787 5513 1860 5565 sic
1883 5510 2258 5566 emendandum
2285 5506 2518 5569 infamis,
2542 5505 2678 5575 quod
2706 5503 2856 5558 habet
2883 5503 2976 5572 6.;
3009 5503 3446 5562 infantibus’Bal.

2267 5364 2286 5393 ³
2317 5364 2512 5436 habitu
2535 5361 2681 5436 Bat._
2728 5361 2748 5392 "
2781 5368 3155 5436 sequestratae
3191 5359 3311 5436 Bal.
3340 5363 3451 5436 (qui

2407 5435 2449 5466 ¹⁰
2479 5435 2620 5489 deest
2640 5431 2706 5486 G.
2786 5434 2851 5504 7“
2884 5448 2985 5504 nec
3016 5431 3130 5486 Bal.
3238 5435 3280 5464 ³³
3311 5431 3450 5504 pro-

2991 5585 3035 5616 ’°
3066 5579 3308 5656 periton.
3335 5585 3440 5643 ale-

1641 5810 1647 5816 .
1683 5717 1930 5827 Nom.

223 5871 264 5942 '5
290 5866 586 5941 Sequentia
615 5884 740 5924 non-
757 5866 812 5923 in
835 5867 1069 5923 concilio
1097 5863 1556 5935 Chalcedonensi,
1579 5860 1774 5934 capitis
1801 5860 1966 5934 huius
1992 5857 2165 5928 fonte,
2188 5854 2536 5930 reperiuntur

481 5963 759 6026 Panos.
803 5962 1062 6027 XCVII.
