3974 6340
540 288 646 345 847

1422 285 1481 340 Β.
1524 283 1776 340 CAROLI
1817 282 2030 338 MAGNI
2069 281 2119 338 0.

2261 278 2442 334 PARS
2479 277 2520 333 l.
2564 273 2806 332 SECTIO
2844 273 2883 327 Ι.
3710 265 3813 322 843

535 405 727 462 melius
753 411 836 459 est
863 402 1019 459 ﬁdem
1055 419 1161 457 non
1182 402 1483 472 percipere,
1512 415 1673 470 quam
1696 409 1818 469 post
1844 399 1963 454 eius
1985 412 2108 468 per-
2132 404 2182 462 Α
2209 392 2548 472 cessitatibus
2566 402 2752 472 earum
2798 394 2963 454 atque
2987 395 3272 472 sei-‘vorpni
3298 378 3686 472 .adsocati
3715 394 3802 461 seu

534 477 838 546 ceptionein
867 483 1161 546 retrorsum
1186 474 1353 546 abire.

604 538 728 603 388.
771 545 846 598 De
866 545 1104 615 coniugio
1128 586 1144 609 ,
1203 543 1337 615 quod
1365 560 1398 597 a
1433 542 1536 596 Deo
1560 543 1636 615 sis
1651 542 1964 615 institutum.
1997 538 2105 615 Νο-

532 629 645 674 tum
669 617 738 671 sit
758 611 1037 679 omnibus;
1057 615 1197 682 quod
1215 611 1526 681 coniugium
1549 629 1579 666 a
1608 611 1720 667 Deo
1741 612 1812 668 sit
1837 611 2109 682 constitu-

532 699 666 753 tum,
693 696 747 740 et
768 701 874 740 non
900 685 972 739 sit
999 681 1356 754 appetendum
1386 698 1548 740 causa
1577 681 1952 754 luxuriae,sed
1984 694 2109 749 pro-

530 757 805 814 creatione
829 753 1082 819 filiarum,
1110 763 1165 810 et
1194 754 1342 824 quod
1389 754 1654 811 bonorum
1700 753 2110 820 coniugatorum

531 831 635 883 vita
667 843 761 892 per
787 826 880 882 10b
910 827 979 880 sit
1002 825 1297 895 designata.

598 899 721 961 389.
763 896 841 951 De
874 894 1334 967 castitate'eorum
1391 897 1478 967 qui
1518 894 1768 967 conjugio
1809 901 2109 967 suntcopu-

527 970 692 1024 tandi.
712 966 1001 1024 Sciendum
1025 975 1107 1022 est
1136 963 1470 1021 omnibuset
1497 963 1721 1020 ﬁrmiter
1749 963 2106 1024 retinendum,

529 1040 674 1108 quod
697 1039 748 1093 hi
779 1038 871 1106 qui
895 1052 1092 1092 uxores
1109 1037 1308 1092 ducere
1335 1036 1625 1108 voluerint,
1653 1036 1792 1108 sicut
1815 1049 1907 1088 eas
1936 1043 2114 1108 castas

526 1103 583 1166 et
611 1103 948 1178 incorruptas
976 1109 1200 1178 cupiunt
1220 1107 1470 1178 invenire
1491 1149 1506 1173 ,
1560 1109 1638 1162 sic
1665 1106 1846 1178 adeas
1890 1103 2033 1178 casti
2061 1111 2116 1156 et

527 1173 1331 1250 incorruptidebent—accedere
1353 1193 1552 1250 easque
1583 1192 1703 1232 cum
1732 1174 2116 1250 benedictione

482 1290 502 1316 -.
527 1244 848 1316 sacerdotis,
875 1249 1013 1304 sicut
1053 1251 1107 1304 in
1137 1244 1563 1304 sacramentario
1617 1247 1944 1312 continetur,
1968 1244 2114 1300 acci-

529 1338 677 1394 pere.
713 1319 822 1377 Sed
850 1320 994 1391 prius
1021 1336 1114 1376 eas
1141 1319 1307 1376 dotali
1339 1320 1494 1374 titulo
1523 1317 1722 1375 debent
1745 1317 2039 1384 conligere.

596 1417 722 1473 590.
769 1414 838 1470 Ut
867 1431 1041 1470 omnes
1071 1431 1101 1466 a
1126 1414 1320 1468 minore
1340 1429 1498 1484 usque
1527 1411 1594 1484 ad
1624 1411 1873 1484 maiorem
1898 1411 2002 1462 suis
2026 1423 2115 1484 sa-

486 1479 495 1537 !
526 1486 819 1544 cerdotibus
838 1488 969 1541 sicut
991 1486 1090 1555 ipsi
1115 1485 1129 1515 ¹
1161 1485 1379 1538 Domino
1402 1479 1690 1555 obedientes
1712 1479 2118 1555 existant,‘cuius_

525 1561 632 1614 vice
651 1557 983 1629 tegaiioneiu
1006 1547 1223 1629 ecclesia
1246 1557 1553 1629 funguntur.
1569 1550 1662 1629 ΔΕας
1677 1551 1914 1621 capitulis
1941 1547 2120 1603 damni

537 1623 722 1684 Κανοιῖ
751 1627 1044 1682 Theodonis
1073 1625 1196 1702 villa
1219 1623 1457 1702 firmatis.
1484 1623 1742 1702 V_’_olumus
1770 1631 1934 1702 atque
1963 1634 2122 1702 prae-

527 1703 777 1770 cipimus,
810 1705 870 1752 ut
897 1712 1089 1770 omnes
1107 1697 1223 1770 suis
1251 1694 1619 1770 sacerdotibus
1648 1702 1756 1747 tam
1789 1692 2007 1770 maioris
2028 1706 2120 1770 or;-

528 1761 668 1827 diitis
697 1761 857 1841 quam
886 1777 940 1822 et
963 1767 1234 1841 inl'egioris
1263 1781 1296 1820 a
1343 1767 1568 1841 minimo
1609 1779 1801 1841 _usque_
1843 1762 1909 1841 ad
1943 1761 2119 1841 maxi-

530 1834 790 1907 mumfut
813 1854 1026 1894 summo
1078 1839 1190 1892 Deo
1211 1879 1226 1905 ,
1276 1838 1431 1892 cuius
1460 1836 1578 1891 vice
1609 1836 1662 1889 in
1692 1834 1920 1907 eceiesia
1976 1835 2123 1907 lega-

508 1903 693 1968 ‘tione’
727 1911 1044 1978 funguntur,
1075 1903 1426 1965 oboedientes
1477 1907 1726 1978 existant.
1794 1905 1924 1978 Nam
1945 1903 2124 1978 _nu_llo

530 1992 690 2053 pacto
737 1973 1036 2051 agnoscere
1094 1994 1443 2053 possumus,"
1467 1977 1700 2053 qualiter
1721 1975 1878 2053 nobis
1937 1973 2124 2053 ﬁdeles

528 2046 1045 2122 existere'possunt,
1067 2046 1161 2120 qui
1211 2051 1322 2104 Deo
1356 2048 1504 2122 infidi
1528 2051 1547 2078 ²
1573 2056 1628 2103 et
1662 2047 1774 2104 suis
1798 2046 2125 2122 __sacerdoti-

529 2126 630 2180 bus
657 2116 1502 2192 inoboedientesmpparuerint;
1552 2128 1646 2192 aut
1688 2117 1923 2192 qualiter
1969 2116 2124 2170 nobis

529 2195 846 2251 obedientes
878 2187 1468 2257 nostrisque'ministris
1518 2205 1582 2244 ac
1628 2188 1816 2256 legatis
1846 2187 2124 2256 obtempe-

517 2275 712 2329 rantes
738 2272 918 2329 erunt,
948 2264 1040 2334 qui
1083 2262 1186 2318 illis
1227 2262 1280 2317 in
1317 2262 1409 2317 Dei
1457 2260 1633 2334 c_aus_is
1662 2268 1717 2314 et
1763 2258 2121 2334 ecclesiarum

529 2336 851 2391 utilitatibus
874 2328 984 2389 non
1015 2335 1414 2403 obtemperant.
1477 2331 1663 2386 Potius
1689 2343 1920 2403 namque
1971 2328 2123 2403 iuxia

529 2407 772 2463 veritatis
803 2420 992 2460 vocem
1023 2404 1115 2459 ille
1147 2399 1468 2458 metuendus
1518 2409 1619 2467 est,
1645 2401 1736 2470 qui
1768 2407 1948 2469 potest
1999 2399 2120 2470 ani-

529 2494 673 2532 mam
701 2487 757 2532 et
784 2492 980 2546 corpus
1037 2475 1262 2544 perdere
1318 2475 1372 2528 in
1416 2469 1763 2540 gehennam,
1815 2483 1974 2546 quam
2033 2469 2126 2524 ille

527 2549 621 2618 qui
651 2562 849 2618 corpus
878 2541 1134 2618 iorquere
1192 2553 1247 2598 et
1279 2547 1514 2618 honores
1565 2541 1892 2618 temporales
1942 2547 2122 2618 potest

529 2610 767 2674 auferre:
798 2618 875 2671 De
899 2610 1002 2670 illis
1025 2616 1230 2670 dictum
1254 2627 1338 2670 est
1363 2633 1373 2666 :
1407 2613 1505 2678 Qui
1533 2629 1619 2668 vos
1648 2610 1813 2673 audit,
1831 2627 1912 2664 me
1935 2610 2118 2674 audit;

525 2697 577 2742 et
604 2689 693 2758 qui
719 2705 806 2742 vos
836 2688 1055 2758 spernit,
1081 2701 1162 2738 me
1190 2688 1408 2758 spernit:
1457 2687 1523 2758 ι)
1563 2682 1724 2736 alibi:
1759 2683 1974 2758 vos
2000 2690 2120 2734 tan—

527 2748 633 2830 git:
654 2761 821 2829 tangit
849 2748 1102 2830 pupillam
1132 2748 1455 2830 οσιὶιῇηηιιζξί.Δ
1485 2753 1552 2807 Ει
1580 2767 1764 2830 rursus
1789 2769 1801 2803 :
1838 2748 2121 2830 φιλ-δεσπ-

528 2821 1008 2883 ῖίαιὶιαυένίιὶιηὶωη
1030 2827 1093 2880 de
1127 2826 1326 2893 pusillis
1368 2826 1483 2879 istis
1511 2867 1524 2889 ,
1574 2825 1756 2877 melius
1783 2831 1858 2874 est
1885 2821 1964 2875 illi
2000 2861 2016 2887 ,
2066 2830 2122 2874 ut

528 2901 870 2970 suspendalur
898 2900 1035 2952 mola
1066 2898 1299 2970 asinaiia
1329 2898 1394 2970 in
1415 2896 1548 2950 collo
1575 2895 1702 2970 eius,
1717 2902 1766 2947 et
1795 2893 2122 2963 demergatur

528 2973 584 3024 in
609 2963 923 3042 profundum
955 2969 975 2999 ³
1000 2970 1180 3042 maris.
1211 2966 1297 3042 Et,
1326 2969 1561 3042 iterum:
1581 2963 1698 3042 Qui
1750 2979 1836 3017 vos
1877 2966 2119 3042 recipit,

528 3035 807 3111 me'rec'ipit
833 3059 850 3104 ;
893 3048 941 3094 et
961 3041 1046 3111 qui
1077 3056 1157 3111 me
1199 3039 1400 3111 recipit,
1431 3038 1613 3111 recipit
1635 3051 1771 3111 eum,
1802 3037 1888 3106 qui
1917 3035 2120 3111 meanti-

530 3115 618 3166 sit.
659 3103 923 3166 Et'multa
973 3103 1079 3164 alia
1132 3103 1324 3165 borum
1362 3109 1382 3140 ⁸
1413 3103 1630 3162 similia.
1681 3105 1773 3160 His
1815 3103 1950 3174 ergo
2002 3103 2119 3158 fulti

528 3183 763 3238 oraculis
787 3183 1053 3247 iubemus,
1082 3191 1141 3234 ut
1170 3195 1360 3236 omnes
1381 3180 1460 3235 eis
1480 3192 1580 3249 pro
1610 3176 1816 3231 viribus
1848 3175 1914 3230 ad
1933 3190 2124 3229 eorum

531 3254 833 3324 peragenda
862 3251 1157 3308 ministeria
1185 3259 1242 3324 et
1271 3249 1540 3324 admaios
1571 3257 1627 3302 et
1647 3255 1989 3324 _peccatores
2038 3253 2126 3299 at—

531 3317 638 3394 que
661 3317 1009 3393 neglegentes
1057 3320 1306 3394 homines
1331 3317 1732 3394 distringendos
1781 3330 2128 3394 summopere

531 3385 884 3451 6boediéntés
909 3394 1163 3448 existant.
1199 3390 1301 3457 Qui
1330 3400 1508 3445 autem
1533 3385 1590 3444 in
1636 3387 1740 3457 his,
1772 3385 1918 3457 quod
1940 3385 2081 3440 absit
2107 3427 2124 3454 ,

533 3475 627 3521 aut
651 3465 1001 3536 neglegentes
1023 3455 1651 3536 eisque'inoboedientes
1671 3455 1873 3512 fuerint
1901 3455 2127 3536 inventi,

537 3527 798 3591 sciantvse
814 3527 923 3589 nec
952 3534 1006 3588 in
1065 3527 1252 3588 nostro
1291 3531 1520 3602 imperio
1564 3527 2124 3602 lionoresretinere,

536 3607 661 3660 licet
689 3605 853 3660 etiam
879 3604 971 3658 ﬁlii
1003 3603 1173 3658 nostri
1203 3597 1424 3667 fuerint,
1454 3614 1556 3655 nec
1583 3599 1639 3654 in
1669 3598 1875 3668 palatio
1902 3597 2077 3653 locum
2109 3637 2125 3661 ,

531 3690 712 3746 neque
765 3675 1209 3746 nrobiscumHaut
1235 3687 1359 3746 cum
1411 3672 1611 3746 nostris
1665 3668 1986 3746 societatem
2033 3677 2128 3722 aut

533 3739 973 3802 communionem
1005 3744 1167 3798 ullam
1196 3742 1419 3807 habere,
1466 3740 1561 3797 sed
1590 3740 1760 3808 magis
1803 3739 1904 3794 sub
1931 3753 2127 3808 magna

532 3816 870 3872 districtione
893 3823 948 3870 et
969 3814 1219 3884 ariditate
1243 3828 1448 3884 poenas
1467 3814 1620 3868 luere
1631 3811 1672 3866 ⁸.
1689 3810 1754 3867 In
1781 3810 1863 3864 his
1892 3824 2128 3884 namque

531 3889 772 3942 omnium
789 3894 1098 3941 nostrorum
1124 3879 1360 3939 ﬁdelium
1383 3884 1632 3939 volumus
1658 3895 1956 3952 agnoscere
1971 3879 2128 3952 fidem

533 3973 596 4012 ac
607 3957 1028 4013 benivolentiam
1055 3975 1069 4020 ;
1097 3956 1353 4026 quoniam
1375 3956 1418 4009 si
1437 3956 1572 4026 baec
1593 3949 1825 4008 ﬁdeliter
1845 3959 1902 4026 ei
1927 3949 2132 4005 utiliter

531 4029 896 4099 impleverint,
912 4036 1039 4081 tunc
1054 4023 1168 4082 Deo
1186 4035 1244 4099 et
1259 4026 1416 4080 nobis
1427 4023 1614 4079 ﬁdeles
1632 4032 1792 4099 erunt
1807 4039 1821 4088 ;
1848 4023 1899 4099 si
1913 4028 2125 4099 autem,

531 4091 675 4168 quod
698 4100 854 4165 absit,
879 4091 1037 4154 secus
1060 4098 1301 4168 egerint,
1323 4104 1450 4168 tunc
1479 4111 1586 4168 non
1620 4095 1795 4150 solum
1846 4091 2092 4147 inﬁdeles
2111 4131 2126 4156 ,

533 4164 629 4226 sed
659 4171 887 4224 infames
915 4178 1080 4238 atque
1100 4164 1345 4238 'reprobi
1374 4164 1659 4238 manifeste
1686 4170 2008 4238 apparentes
2027 4176 2128 4238 no-

530 4243 803 4365 iablpntqr,
823 4232 1122 4309 eorunique
1149 4232 1344 4294 domus
1363 4232 1778 4308 publicabuntur
1796 4242 1852 4289 et
1873 4233 1975 4302 ipsi
2005 4232 2128 4287 exi-

560 4325 609 4365 ta
654 4327 722 4364 un
754 4326 836 4364 ur.

560 4319 836 4365 labuntur.

608 4401 734 4457 591.
775 4402 856 4456 De
898 4403 1160 4472 infantum
1208 4401 1461 4472 baptismo
1489 4410 1538 4454 et
1587 4399 1922 4472 ecclesiarum
1951 4403 2028 4450 vet
2053 4395 2130 4472 at:

531 4474 724 4553 torium
753 4489 854 4553 seu
872 4465 1108 4553 ﬁdfiium
1125 4465 1600 4553 consiqn‘andorum
1628 4467 1972 4553 dubitatione,
1999 4465 2124 4535 quid

2215 450 2550 526 defensores,
2578 458 2830 530 quotiens
2859 450 3158 530 necessitas
3183 450 3458 530 ingruerit,
3491 465 3536 530 a_
3580 451 3817 530 print-ipe

2217 520 2581 606 postulentur,
2595 520 2666 585 ἐι
2686 528 2762 606 _ab
2791 541 2858 583 eo
2880 524 3120 606 iideiiter
3157 531 3325 606 atque
3375 520 3615 576 libenter
3671 522 3809 576 iuxta

2215 592 2504 661 canonieas
2530 592 2836 658 sanctiones
2876 593 3171 650 fidelissimi
3200 592 3413 647 dentur.

2283 691 2410 750 595.
2446 691 2514 748 Ut
2542 690 2626 745 ubi
2652 691 2862 762 quisque
2879 685 3181 762 ordinatur,
3213 682 3285 736 ibi
3317 684 3577 762 pertineat
3625 681 3812 762 “.“Cle:

2217 767 2314 822 rici
2343 763 2628 821 cuiuslibet
2652 753 2849 830 gradus
2878 757 2928 830 in
2953 757 3381 830 quibuscumque
3401 753 3541 808 locis
3575 755 3804 830 ordinati

2216 835 2415 893 fuerint
2444 824 2696 896 ministri,
2726 830 2795 884 ad
2824 824 3013 883 eadem
3068 826 3190 882 loca
3229 824 3545 896 pertineant
3577 835 3744 894 atque
3769 827 3814 880 in

2217 908 2348 979 ipsis
2369 906 2503 961 locis
2525 908 2899 975 perseverent.

2287 995 2413 1052 394.
2460 996 2534 1050 De
2548 991 2845 1065 presbiteris
2874 998 2923 1065 et
2949 989 3200 1065 ministris
3251 987 3516 1065 ecclesiae,
3552 994 3613 1039 ut
3645 1005 3679 1065 ρ
3699 989 3814 1065 _suis

2217 1079 2394 1125 etnon
2423 1065 2488 1121 ab
2527 1058 2645 1119 aliis
2683 1063 2938 1134 episcopis
2979 1063 3171 1134 crisma
3219 1058 3490 1134 petantpel
3536 1058 3811 1134 accipiant.

2217 1140 2290 1194 Et
2327 1141 2389 1193 de
2415 1128 2895 1206 chorepiscoporum
2927 1129 3594 1206 cassaudasuperstitiOne.
3625 1128 3684 1182 in
3715 1130 3813 1182 sin-

2219 1211 2357 1280 gulis
2400 1199 2783 1280 episcoporuni
2837 1203 3135 1280 parrochiis
3178 1199 3456 1280 presbiteri
3520 1215 3814 1278 eorumque

2221 1269 2454 1336 ininistri
2481 1269 2648 1333 non'a
2676 1269 3008 1344 quibuslibet
3043 1271 3333 1344 episcopis,
3367 1269 3530 1344 sed;
3563 1270 3680 1324 suis
3704 1285 3810 1334 pro-

2223 1352 2376 1422 priis,
2407 1350 2602 1422 erisma
2633 1339 2822 1416 petant
2853 1344 2936 1398 vel
2965 1339 3254 1422 accipiant:
3285 1339 3395 1395 Nec
3439 1339 3558 1422 aiio
3592 1354 3811 1410 unquam

2225 1410 2470 1490 ietnpore
2501 1410 2880 1490 iusta'sanctos
2910 1410 3256 1490 canonesvel
3283 1410 3591 1466 secundum
3622 1426 3808 1489 morem

2224 1481 2550 1557 Romanum,
2575 1487 2674 1543 nisi
2716 1486 2977 1557 incoena
3013 1483 3228 1557 Domini,
3252 1523 3268 1547 ,
3316 1491 3576 1557 sanctum
3637 1481 3808 1557 crisms

2226 1551 2564 1620 conﬁciatur.
2639 1556 2842 1625 Quibus
2909 1555 3072 1610 etiam
3125 1553 3332 1625 diebus_
3371 1551 3700 1625 presbiteris
3742 1553 3808 1604 vel

2226 1649 2413 1691 eorum
2441 1623 2700 1686 ministris
2721 1626 2985 1684 canonice
3013 1623 3428 1693 dispensandum
3454 1631 3572 1686 est,
3601 1624 3694 1693 sed
3712 1638 3800 1676 nos

2228 1705 2347 1760 aliis
2377 1700 2721 1766 tradendum,
2749 1699 2845 1753 nisi
2871 1692 3211 1751 solummodo
3239 1692 3568 1766 presbiteris
3606 1692 3691 1766 vel
3711 1693 3806 1746 dia-

2153 1785 2202 1845 Β
2228 1775 2456 1832 conibus
2474 1781 2570 1827 aut
2595 1762 3182 1845 subdiaconibus-bcne
3231 1763 3490 1845 ﬁdelibus.
3549 1762 3803 1845 Indignum

2229 1847 2372 1902 enim
2402 1852 2505 1911 est,
2535 1853 2591 1897 ut
2613 1841 2704 1896 alii
2727 1837 2859 1894 illud
2888 1838 3224 1911 suscipiant,
3274 1834 3378 1911 nisi
3400 1834 3473 1888 illi
3493 1835 3600 1904 qui
3632 1834 3729 1888 hoc
3760 1835 3800 1885 in

2232 1906 2498 1972 tradendo
2525 1915 2669 1968 usuri
2700 1919 2846 1967 sunt.
2879 1909 3139 1964 Similiter
3181 1917 3235 1962 et
3274 1906 3376 1961 hoc
3423 1914 3694 1960 statutum
3717 1912 3799 1963 est.

2229 1997 2290 2042 ut
2317 1981 3056 2054 acorepiscopistquiiusta
3105 1986 3414 2054 sanctorum
3461 1975 3688 2054 decreta
3738 1974 3800 2030 lo-

2228 2072 2353 2113 cum
2385 2047 2727 2126 septuaginta
2743 2047 3170 2126 discipulorum,
3195 2047 3248 2102 id
3267 2048 3798 2126 estpresbiterorum,

2231 2136 2437 2194 tenent,
2453 2119 2547 2182 'vel
2578 2119 2645 2178 ab
2685 2124 2812 2194 ipsis
2839 2119 3293 2194 presbiteris__nec
3314 2119 3585 2194 virginum
3627 2132 3799 2194 conse-

2228 2201 2400 2254 cratio
2422 2188 2524 2253 nec
2565 2188 2735 2250 saucii
2761 2188 3000 2263 Spiritus
3055 2190 3274 2263 traditio
3330 2204 3430 2244 nec
3467 2188 3797 2263 ecclesiarum

2229 2272 2314 2324 vel
2346 2270 2596 2323 altarium
2615 2258 2956 2320 consecratio
2983 2262 3071 2316 vel
3095 2262 3363 2329 illa,quae
3399 2260 3529 2315 solis
3551 2258 3797 2329 episcopis

2229 2339 2511 2404 debentur,
2523 2338 2632 2392 fiat.
2649 2336 2783 2391 Nam
2799 2335 2886 2389 sia
2901 2333 3109 2404 duobus
3129 2330 3397 2404 episcopis
3409 2331 3690 2404 episcOpus
3701 2343 3793 2382 non

2229 2420 2408 2481 potest
2445 2401 2774 2481 consecrari,
2808 2403 3081 2481 quomodo
3106 2404 3196 2481 ille
3242 2401 3522 2481 episcopus
3547 2401 3644 2456 erit
3671 2442 3684 2462 ,
3715 2407 3796 2451 aut

2227 2472 2430 2550 aliquid
2461 2482 2530 2534 de
2550 2472 2844 2550 episcopali
2873 2474 3189 2550 ministerio,
3223 2472 3325 2527 nisi
3375 2481 3621 2542 quantum
3644 2485 3790 2550 pres:

2226 2539 2386 2615 bitér,
2416 2551 2569 2606 cuius
2585 2539 2774 2603 locum
2803 2547 2855 2600 in
2882 2545 3109 2600 ecclesia
3152 2552 3338 2605 tenet,
3375 2539 3533 2615 agere
3556 2539 3758 2615 poterit
3769 2539 3792 2615 ξ

2226 2608 2417 2675 Omnia
2444 2635 2596 2688 ergo,
2619 2633 2760 2688 quae
2790 2617 2876 2688 isti
2917 2615 3343 2688 praesumptiose
3373 2608 3475 2688 ’_de
3498 2608 3781 2688 episcopaii

2228 2676 2534 2748 ministerio
2573 2676 2820 2759 egerunt,
2847 2676 2997 2741 irrita
3040 2676 3575 2759 esse-comprobantur
3619 2676 3772 2759 etei-

2226 2763 2371 2818 feetu
2399 2749 2788 2828 carerefatque
2808 2749 2907 2828 per
2927 2757 3108 2812 omnia
3131 2765 3240 2828 tam
3260 2749 3331 2808 ali
3345 2752 3617 2828 apostolica
3631 2749 3778 2828 sede,

2227 2849 2388 2904 quam
2414 2842 2471 2888 et
2493 2821 2733 2888 omnium
2775 2821 3154 2898 episcoporum
3184 2826 3434 2904 dect-ets
3458 2821 3786 2904 iri-inesse

2232 2895 2288 2959 ἐι
2343 2904 2519 2970 potius
2561 2895 3097 2970 nocumerita,-q‘uam
3147 2897 3326 2970 aliqua
3355 2895 3786 2970 adiumentasuut

2228 2965 2463 3030 iudicata
2486 2989 2551 3028 ac
2575 2973 2789 3042 saepius
2815 2965 3121 3042 interdicta.
3149 2965 3400 3042 ideoque
3411 2980 3483 3042 ne
3513 2965 3640 3018 fiant
3685 2977 3788 3016 orn-

2227 3047 2358 3101 nino
2389 3046 2409 3075 ⁹
2439 3045 2542 3101 sub
2573 3037 2935 3098 ana'thematis
2981 3039 3199 3095 vinculo
3228 3037 3622 3099 interdicimus,
3653 3045 3794 3102 atque

2229 3117 2320 3187 qui
2343 3117 2410 3171 ab
2440 3116 2520 3170 eis
2539 3123 2664 3170 sunt
2685 3112 2878 3184 polluti
2911 3112 3110 3187 potius
3131 3124 3298 3187 quam
3343 3105 3703 3187 sanctiﬁcati,
3744 3105 3790 3187 in

2233 3174 2515 3243 meliorem
2545 3174 2746 3240 statu'm
2784 3174 3063 3250 canonice,
3094 3174 3257 3236 id'est
3304 3195 3334 3234 a
3362 3180 3538 3250 tribus
3567 3174 3793 3250 ordinatis

2232 3259 2520 3328 episcopis,
2546 3265 2605 3310 ut
2623 3254 2985 3328 reformentur
3012 3247 3296 3328 iubemus;
3344 3249 3482 3321 quia
3515 3247 3789 3328 reiortnatio

2230 3321 2356 3452 pou
2375 3321 2458 3385 est
2483 3327 2700 3382 iteratio
2726 3369 2740 3393 ,
2785 3325 2879 3380 sed
2910 3323 3274 3379 ecclesiastica
3298 3331 3356 3378 et
3391 3321 3660 3378 canonica
3694 3333 3787 3390 per-

2253 3409 2416 3452 ectto.

2253 3401 2416 3455 'ectio.

2305 3468 2430 3525 595.
2482 3467 2563 3524 De
2607 3468 2686 3539 Itis
2733 3468 2818 3539 qui
2847 3465 3058 3539 rapiunt
3107 3481 3341 3539 ,emmas,
3370 3471 3428 3516 ut
3461 3479 3553 3539 eas
3587 3478 3685 3539 non
3720 3461 3778 3539 In:

2234 3543 2389 3596 beant
2418 3555 2628 3594 uxores.
2660 3529 2885 3603 Placuit,
2910 3529 2975 3590 ut
3002 3535 3077 3600 hi,
3107 3529 3198 3606 qui
3228 3535 3444 3604 rapiunt
3484 3533 3709 3606 feminas
3727 3529 3786 3583 vel

2231 3614 2481 3666 furantur
2517 3617 2614 3664 aut
2658 3609 2942 3672 seducunt,
2985 3614 3044 3660 ut
3090 3604 3183 3660 eas
3234 3606 3544 3659 nullatenus
3599 3604 3788 3658 habent

2231 3696 2452 3744 uxores,
2486 3679 2734 3748 quamvis
2762 3679 2840 3732 eis
2868 3677 3210 3747 postmodum
3259 3675 3584 3743 conveniat,
3613 3681 3698 3728 aut
3721 3686 3790 3725 eas

2232 3753 2540 3808 dotaverint
2573 3749 2662 3805 vel
2711 3748 3025 3816 nuptialiter
3050 3761 3173 3802 cum
3220 3761 3492 3800 consensu
3534 3753 3788 3816 parentum

2229 3838 2454 3879 suorum
2493 3813 2820 3890 acceperint.
2869 3819 2924 3890 Si
2969 3817 3089 3890 quis
3135 3826 3317 3870 autem
3355 3813 3594 3890 uxorein
3628 3813 3792 3868 habere

2231 3894 2489 3959 voluerit,
2516 3886 2777 3945 canonice
2805 3897 2862 3943 et
2897 3886 3145 3956 legaliter
3185 3901 3306 3959 eam
3335 3887 3579 3959 accipiat
3620 3894 3672 3959 et
3706 3899 3791 3938 non

2231 3965 2426 4036 rapiat.
2461 3955 2564 4036 Qui
2593 3977 2720 4016 vero
2749 3975 2868 4014 eam
2897 3955 3138 4028 rapuerit
3166 3958 3250 4012 vel
3278 3955 3490 4036 furatus
3519 3956 3684 4036 fuerit
3723 3963 3796 4006 aut

2230 4027 2529 4094 seduxerii,
2559 4045 2848 4102 numquam
2889 4027 3009 4102 eam
3042 4044 3267 4102 uxorem
3300 4029 3501 4102 habeat
3526 4045 3539 4091 ;
3560 4027 3672 4102 sed
3698 4039 3796 4102 pro-

2231 4106 2448 4176 pinquis
2475 4105 2586 4158 suis
2623 4095 3028 4176 eamJegalibus
3065 4099 3274 4163 reddat,
3308 4109 3361 4153 et
3402 4099 3456 4176 in
3503 4097 3673 4168 triplo
3709 4095 3799 4163 ple-

2235 4170 2365 4230 ἧιιηὶ
2387 4176 2628 4229 bannum
2653 4173 2980 4228 dominicum
3004 4180 3303 4241 conponat,
3327 4179 3382 4224 et
3409 4170 3642 4241 insuper
3663 4180 3799 4222 cano-

2233 4246 2355 4302 nice
2376 4246 2644 4315 publicam
2686 4243 3078 4315 poenitentiam
3117 4240 3300 4315 gerat:
3325 4241 3406 4296 Ad
3435 4240 3592 4312 quod
3641 4250 3800 4315 omnes

2233 4331 2339 4372 una
2361 4307 2495 4371 voce
2511 4307 2882 4370 clamaveruut
2901 4307 3146 4368 dicentes
3174 4329 3189 4366 :
3229 4330 3248 4362 ι
3283 4311 3389 4367 Ista
3416 4307 3618 4367 oiunes
3655 4307 3797 4362 ﬁrmi-

2233 4397 2316 4442 ter
2362 4395 2550 4467 tenere
2600 4385 2848 4467 volumus
2887 4393 2944 4438 et
2993 4383 3049 4439 in
3098 4391 3382 4454 perpetum
3433 4383 3505 4438 ab
3568 4379 3800 4438 omnibus

2232 4466 2540 4512 conservari
2561 4466 2831 4526 optamus.

531 4522 1775 4616 vinfaniiequnaindo
1799 4553 1911 4616 non
1954 4522 2122 4616 in've-
2148 4523 2202 4586 D
2235 4615 2238 4616 ν
2279 4527 2423 4616 7'59_6.
2453 4522 2615 4616 Quod
2629 4527 2683 4580 in
2725 4527 2960 4616 carnibus
2989 4527 3116 4616 locis
3161 4526 3314 4616 Petis
3352 4523 3599 4607 orandus
3637 4522 3719 4616 sit,
3767 4528 3808 4600 ct

533 4607 754 4669 niuntur
783 4614 1069 4670 certissimi
1096 4607 1294 4679 testes,
1362 4614 1453 4683 qui
1483 4607 1591 4683 eos
1624 4611 1742 4683 sine
1781 4607 2122 4662 dubitatione

533 4686 839 4758 baptizatos
870 4699 990 4742 esse
1011 4691 1297 4758 testentur,
1315 4755 1324 4758 _
1343 4682 1520 4752 neque
1547 4682 1651 4752 ipsi
1665 4687 1806 4758 sunt
1835 4693 1932 4747 per
1976 4685 2123 4758 aeta-

532 4746 640 4810 tetii
669 4757 851 4811 idonei
880 4758 948 4812 de
975 4756 1189 4810 traditis
1225 4746 1329 4811 sibi
1356 4746 1708 4810 sacramentis
1754 4746 2087 4817 respondere
2105 4787 2122 4814 ,

531 4827 737 4896 absque
783 4827 892 4882 ullo
949 4827 1204 4896 scrupulo
1257 4835 1500 4896 tempore
1545 4823 1790 4896 legitimo
1837 4817 2119 4896 baptizari.

534 4887 795 4953 Similiter
821 4907 877 4954 et
921 4897 989 4952 de
1011 4887 1256 4953 ecclesiis
1284 4887 1385 4950 vel'
1418 4887 1678 4949 altarib'us
1725 4899 1890 4958 atque
1911 4887 1921 4888 “
1945 4887 2124 4944 consi-

533 4968 762 5036 gnandis
781 4967 1050 5032 ﬁdelibus,
1067 4968 1320 5036 quotiens
1340 4981 1504 5036 super
1530 4965 1614 5020 bis
1641 4964 1939 5036 dubitatur,
1959 4973 2123 5027 agen-

532 5035 660 5094 dum
691 5047 809 5104 est;
839 5039 895 5093 id
923 5046 1028 5104 est,
1051 5035 1113 5092 ut
1129 5038 1251 5109 sine
1276 5038 1388 5094 ulla
1407 5035 1770 5109 trepidatione
1790 5043 2118 5109 consecren-

533 5118 621 5164 tur
657 5118 740 5189 et__
773 5101 972 5189 ﬁdeles
1009 5101 1429 5189 conﬁrmentur;
1479 5101 1770 5189 :quoniain
1819 5101 2118 5189 quod‘non

531 5176 837 5237 ostenditur
861 5188 1097 5250 gestum,
1124 5180 1264 5236 ratio
1295 5193 1406 5235 non
1449 5176 1579 5234 sinit
1604 5187 1664 5232 ut
1681 5176 1930 5229 videatur
1957 5176 2123 5225 itera-

531 5261 666 5307 tum.

604 5321 730 5381 592.
768 5323 848 5380 De
896 5323 1162 5378 aduocatis
1189 5321 1296 5394 _vet
1330 5318 1686 5394 defensoribus
1734 5315 2123 5394 ecclesiarum'a

534 5395 768 5466 principe
786 5395 1136 5467 postulandis.
1189 5390 1298 5450 Pro
1325 5387 1680 5449 ecclesiarum
1704 5387 1882 5445 causis
1907 5398 1974 5440 ac
2023 5398 2124 5440 ne-

2229 4615 2330 4653 non
2359 4604 2415 4653 in
2445 4600 2588 4663 aliis,
2620 4614 2771 4664 quam
2798 4598 2851 4651 in
2887 4599 2988 4652 l’eo
3037 4597 3226 4651 dicatis
3253 4597 3316 4650 ab
3360 4595 3652 4666 episwpis,
3700 4591 3808 4666 lcris

2226 4673 2383 4724 missa
2405 4673 2472 4723 sit
2501 4661 2829 4722 celebranda.
2853 4666 3146 4724 Sciendum
3176 4676 3261 4723 est
3297 4661 3568 4729 omnibus,
3605 4661 3745 4735 quod
3767 4668 3810 4735 ei

2225 4741 2280 4794 in
2309 4741 2409 4796 alis
2431 4739 2849 4810 conpetentibus
2877 4739 3030 4804 locis,
3059 4739 3122 4794 si.
3153 4740 3301 4810 locus
3340 4737 3606 4792 basilicae
3621 4731 3809 4810 'procui

2226 4810 2409 4876 fuerit,
2437 4802 2611 4866 oralio
2637 4812 2703 4863 ad
2732 4812 2896 4863 Deum
2947 4802 3301 4864 et‘conl'essio
3329 4802 3689 4877 peccatorum
3712 4802 3810 4877 ﬁeri

2227 4874 2426 4938 debeat
2441 4889 2495 4937 et
2525 4880 2730 4952 possit,
2762 4881 3220 4952 missarumnvero
3263 4874 3562 4935 celebratio
3609 4874 3809 4933 nonnisi

2227 4953 2282 5007 in
2309 4952 2444 5008 locis
2465 4949 2540 5007 ab
2584 4951 2854 5021 episcopis
2879 4949 2992 5005 Deo
3039 4951 3251 5018 dicatis,
3293 4959 3524 5020 excepto
3573 4958 3812 5021 tempore

2227 4961 2282 5007 in
2309 4961 2444 5034 locis
2465 4961 2534 5034 ab
2584 4961 2854 5032 episcOpts
2879 4961 2992 5005 Deo
3039 4961 3251 5018 meatus,
3293 4961 3524 5020 excepto
3573 4961 3811 5071 teme

2224 5021 2555 5089 hostilitatis,
2586 5031 2642 5077 et
2669 5038 2719 5075 In
2752 5021 2858 5077 hoc
2896 5021 3110 5077 nonnisi
3141 5021 3194 5075 in
3229 5021 3492 5076 altaribus
3534 5027 3595 5074 et
3640 5027 3694 5072 ta
3751 5087 3760 5089 _
3793 5042 3811 5053 -

2225 5094 2430 5163 naculis
2451 5094 2518 5148 ab
2540 5087 2827 5163 episcopis
2852 5092 2966 5148 Deo
3013 5093 3205 5148 dicatis
3258 5092 3574 5146 nullatenus
3628 5089 3673 5120 ⁸⁰
3721 5087 3814 5141 rite

2228 5161 2346 5218 ﬁeri
2373 5164 2543 5234 possit
2571 5161 2665 5218 aut
2690 5161 2905 5218 debeat.

2299 5229 2423 5290 597.
2453 5234 2530 5287 De
2559 5235 2874 5288 secutaribus
2921 5235 3006 5305 qui
3033 5234 3285 5304 e;:isc0pis
3316 5232 3422 5305 suis
3466 5229 3813 5305 inobedientfs

2227 5307 2454 5360 existunt
2483 5315 2532 5359 et
2555 5299 3071 5375 adiemendatitinem'
3105 5308 3184 5359 sui
3206 5299 3426 5358 tardant
3454 5304 3652 5375 uenire,

2229 5375 2485 5450 agendum
2505 5378 2591 5432 sit.
2622 5374 2678 5431 Si
2709 5375 2832 5445 quis
2854 5369 3178 5433 secularium
3221 5384 3332 5430 tam
3363 5373 3587 5428 maioris
3617 5369 3814 5428 ordinis

1760 5535 2154 5598 vmrns
2186 5507 2598 5592 annonns.

975 5669 997 5700 ‘
1023 5664 1266 5723 inﬁdeles
1312 5661 1432 5719 Bal.
1531 5661 1554 5693 ³
1581 5657 1844 5733 profundo
1872 5655 1991 5733 Bai,

608 5671 627 5702 ι
671 5673 790 5741 ipso
802 5666 878 5741 (ᾖ

533 5739 815 5812 sumpiiosi
839 5739 960 5812 Bai.

537 5814 581 5844 ¹⁰
603 5809 871 5869 ullatenus
895 5809 1016 5866 Bal.

2087 5648 2112 5682 ’⁸
2138 5648 2443 5716 horumque
2463 5642 2584 5700 Bai.

1065 5710 1545 5808 VEBEerthur
1651 5710 2009 5788 'ééé‘buam
2039 5722 2106 5780 (ὖ.
2134 5738 2169 5777 a
2190 5710 2371 5792 priore
2392 5718 2545 5775 irrita
2575 5715 2752 5770 statim
2775 5712 3025 5766 aberrans
3052 5711 3124 5766 ad
3141 5710 3384 5766 alterum.

2676 5643 2696 5675 ³
2726 5641 2801 5698 lui
2829 5639 2896 5695 G.
3009 5639 3031 5671 ⁸
3058 5645 3375 5710 permaneat
3393 5635 3517 5710 Bai.
3560 5707 3568 5710 _
3616 5635 3638 5665 ⁷
3667 5647 3812 5710 913°:

3481 5703 3800 5765 ’deesiBal
