3974 6340
540 308 645 368 855

2200 209 2236 225 Α(
2240 226 2241 229 η

1440 304 1501 359 Β.
1542 301 1795 361 CAROLI
1832 301 2051 361 MAGNI
2086 302 2239 362 OPP.
2279 303 2462 362 PARS
2496 302 2539 360 Ι.
2581 300 2826 360 SECTIO
2859 301 2901 358 ῐ.

539 425 785 483 Incestus
823 410 972 477 nullo
1016 417 1248 489 coniugii
1297 417 1515 474 nomine
1561 416 1958 488 praevalendos
2007 431 2131 475 esse
2158 420 2210 483 Α
2237 424 2401 487 caput
2447 415 2907 489 atquefortunas
2936 414 3222 489 petiturus
3248 454 3265 489 ε
3290 411 3447 489 cuius
3478 412 3849 489 familiaritati

539 509 846 554 censemus.

612 568 737 621 455.
776 564 853 620 De
873 564 1083 619 incestis
1109 559 1575 618 coniunctionibus.
1611 558 1668 615 Si
1691 559 1816 630 quis
1855 573 1924 615 eo
1963 560 2136 630 gradu

540 653 602 694 se
628 640 937 693 incestuoso
960 634 1148 689 ordine
1177 648 1301 688 cum
1340 633 1424 687 bis
1454 632 1718 701 personis,
1751 630 1945 700 quibus
1975 646 2006 685 a
2054 631 2136 685 di-

541 709 682 762 vinis
707 705 907 776 regulis
945 704 1282 776 prohibitum,
1305 712 1409 766 est,
1451 703 1814 767 coniunxerit,
1836 716 2136 776 _usquequo
2176 735 2185 740 -

541 772 1396 849 poenitentiam'sequeslratione
1426 781 1713 849 testentur,
1743 772 1960 849 utrique
1986 788 2138 849 coin-

543 842 819 905 inunione'
840 842 1139 917 privenlur,
1167 854 1223 901 et
1251 859 1426 914 neque
1456 846 1509 898 in
1536 844 1738 913 palatio
1769 843 1971 917 habere
1993 842 2137 917 mili-

543 920 694 985 tiam,
724 913 901 987 neque
940 918 994 970 in
1037 915 1154 971 foro
1184 913 1514 987 agendarum
1548 929 1829 987 causgrum
1862 913 2137 987 licentiam

542 984 837 1047 habebunt.
867 988 1000 1041 Nam
1036 1002 1254 1055 quoquo
1306 985 1468 1042 modo
1509 985 1809 1055 praedicto
1833 998 1891 1039 se
1930 984 2139 1038 incesto

541 1059 945 1133 coniunxerint,
988 1054 1230 1130 episcopi
1284 1072 1381 1133 seu
1428 1054 1748 1133 presbiteri,
1797 1054 2137 1133 i_n_qu_or_um

541 1124 780 1187 dioecesi
810 1130 895 1185 vel
943 1124 1080 1199 pago
1111 1124 1289 1183 acium
1344 1124 1527 1199 fuerit,
1577 1126 1688 1194 regi
1744 1124 2140 1199 velliudicibus

540 1204 719 1257 scelus
739 1195 1107 1272 perpetratum
1137 1198 1487 1262 adnuntient;
1524 1207 1582 1250 ut
1606 1210 1729 1272 cum
1760 1195 1892 1265 ipsis
1932 1196 2139 1272 denun-

541 1267 937 1333 tiatum'fue'rit,
970 1284 1030 1324 se
1058 1270 1126 1324 ab
1155 1283 1343 1323 eorum
1386 1268 1767 1322 communione
1797 1278 1889 1319 aut
1916 1267 2139 1321 cohabi-

543 1343 748 1397 tatione
779 1342 795 1373 ¹
826 1348 1192 1411 sequestrent.
1245 1340 1351 1394 Res
1381 1348 1558 1411 autem
1607 1352 1794 1391 eorum
1839 1336 1909 1411 ad
1935 1334 2161 1411 primos

539 1425 794 1484 parentes
839 1407 1011 1481 usque
1056 1412 1121 1464 ad
1172 1410 1660 1480 sequestrationem
1691 1407 2139 1484 perveniant__sub

542 1478 605 1539 ea
636 1478 971 1548 conditione,
997 1489 1057 1536 ut
1084 1478 1373 1551 antequam
1405 1478 1776 1549 segregentur,
1806 1493 1907 1548 per
1933 1478 2139 1551 nullum

542 1555 839 1623 ingenium,
874 1568 1053 1621 neque
1082 1568 1175 1621 per
1218 1550 1491 1622 parentes,
1532 1564 1709 1623 neque
1758 1564 1855 1623 per
1901 1550 2138 1623 emptio-

544 1620 694 1691 nem,
726 1638 916 1696 neque
942 1620 1039 1696 per
1085 1620 1464 1696 auctoritatem
1519 1621 1723 1696 regiam
1778 1620 1844 1696 ad
1892 1620 2139 1688 proprias

544 1689 864 1765 perveniant
894 1689 1195 1757 facultates,
1242 1693 1342 1747 nisi
1383 1689 1900 1765 praefatum_scelus
1947 1704 2141 1759 seque-
2187 1708 2201 1736 τι

2176 1790 2222 1850 Β
2248 1772 2426 1850 aura
2446 1763 2569 1850 ἀερε
2590 1762 2859 1850 discere“.

546 1761 829 1821 strationis
855 1765 1203 1830 separatione
1228 1774 1285 1818 et
1311 1761 1647 1833 poenitentia
1680 1761 1971 1833 fateantur.

614 1836 742 1892 456.
789 1842 859 1889 lle
883 1830 1521 1890 canonicaeaccusationis
1535 1832 1737 1887 ordine.
1768 1830 2145 1887 Accusationis

545 1908 790 1963 ordinem
824 1908 1101 1962 canonicis
1130 1906 1331 1959 dudum
1366 1904 1567 1969 regulis
1593 1903 1900 1958 institutum
1932 1916 2151 1957 servare

545 1979 816 2045 iubemus,
851 1987 911 2033 ut
940 1978 987 2032 si
1012 1977 1133 2045 quis
1173 1977 1405 2031 clericus
1451 1974 1504 2028 in
1535 1974 1821 2045 criminati
1848 1972 1934 2027 vel
1978 1975 2027 2025 in
2070 1971 2150 2045 le-

544 2050 685 2104 καίονί
707 2042 870 2103 causa
903 2042 1148 2119 pulsatur
1171 2047 1256 2100 vel
1281 2046 1334 2119 in
1362 2045 1675 2119 discrimine
1705 2042 1895 2113 capitis
1916 2043 2151 2119 arcessi-

545 2128 653 2181 tur,
686 2135 795 2173 non
818 2114 1001 2173 statim
1026 2133 1153 2172 reus
1176 2118 1511 2179 aestimetur,
1537 2115 1664 2184 quia
1690 2114 1930 2169 accusari
1953 2115 2150 2183 potuit,

543 2205 615 2245 ne
658 2191 957 2246 subiectam
1006 2189 1378 2243 innocentiam
1429 2186 1729 2250 faciamus;
1767 2187 1861 2239 sed
1904 2184 2152 2253 quisquis

543 2262 637 2316 ille
669 2271 773 2325 est,
818 2261 908 2330 qui
941 2260 1145 2315 crimen
1178 2258 1426 2319 intendit,
1467 2258 1521 2330 in
1554 2256 1808 2330 iudicium
1840 2256 2152 2330 episcopale

543 2334 751 2398 veniat,
800 2326 998 2387 nomen
1051 2330 1131 2383 rei
1183 2329 1413 2393 indicet,
1449 2327 1723 2382 vinculum
1786 2326 2155 2398 inscriptionis

545 2395 791 2473 arripiat,
822 2401 1094 2458 custodiat
1136 2400 1571 2473 similitudinem,
1620 2398 1821 2473 ha_bi_ta_
1855 2405 2032 2450 tamen
2066 2395 2150 2473 di_-

582 2466 1175 2528 uitatis'aestimatione
1208 2473 1465 2540 patiatur.
1501 2467 1612 2523 Nec
1656 2468 1759 2522 sibi
1794 2466 1913 2540 fore
1941 2466 2154 2540 noverit

569 2537 818 2600 icentiam
844 2543 1165 2607 mentiendi,
1195 2537 1318 2596 cum
1346 2541 1742 2595 calumniantes
1766 2541 1833 2592 ad
1859 2537 2151 2591 vindictam

543 2624 735 2685 posrat
769 2613 1065 2685 similitudo
1083 2612 1354 2685 supplicii.

618 2685 745 2739 4'57.
788 2684 869 2739 De
917 2685 1077 2737 servis
1132 2680 1420 2737 r't’libertis
1467 2681 1544 2736 uel
1587 2680 1869 2751 infamibus
1915 2680 2152 2751 personis

545 2771 653 2810 non
703 2755 1034 2824 recipiendis.
1071 2752 1275 2807 Omnes
1318 2753 1461 2808 servi
1505 2753 1591 2807 vel
1636 2754 1813 2806 liberti
1845 2765 2153 2824 omnesque

548 2826 781 2881 infames
812 2821 1101 2897 personae
1154 2839 1263 2878 non
1312 2826 1697 2897 permittuntur
1749 2821 1986 2897 maiores
2015 2831 2151 2897 natu

549 2890 848 2961 accusare,
887 2896 974 2951 vel
1024 2910 1243 2957 omnes,
1298 2890 1436 2962 quos
1475 2895 1541 2949 ad
1589 2893 1891 2949 accusanda
1940 2890 2150 2962 publica

550 2968 777 3023 crimina
826 2969 974 3035 leges
1004 2967 1255 3037 publicae
1285 2978 1390 3019 non
1425 2965 1735 3037 admittunt.
1771 2964 1999 3037 infames
2028 2971 2156 3017 sunt

550 3041 757 3101 cuncti,
800 3054 934 3109 quos
971 3034 1189 3093 ilecreta
1224 3037 1486 3109 canonica
1511 3044 1566 3090 et
1590 3034 1958 3091 ecclesiastica
1988 3040 2153 3102 atque

550 3109 697 3177 leges
722 3108 995 3165 seculares
1021 3109 1299 3163 ascribunt
1326 3108 1552 3161 infames
1584 3122 1723 3161 esse.

2238 484 2329 545 vel
2357 484 2599 544 dominio
2626 488 2923 543 inhaeserit
2934 484 2982 555 [ι
3022 494 3150 542 ante
3178 484 3590 541 exhibitionem
3615 488 3849 555 testium,

2240 568 2367 615 ante
2386 558 2754 614 examinatum
2804 556 3061 613 iudicium
3094 557 3147 611 in
3192 557 3305 627 ipsa
3346 556 3723 627 expositione
3761 560 3849 614 cri-

2239 632 2445 687 minam
2474 638 2636 700 atque
2687 628 3047 685 accusationis
3074 628 3306 700 exordio
3340 627 3531 700 ultore
3558 627 3752 700 gladio
3781 629 3846 685 te-

2240 703 2435 756 riatur.
2465 698 2667 755 Vocem
2716 701 2860 770 enim
2889 700 3159 755 funestam
3196 698 3377 770 potius
3396 699 3673 770 intercidi
3699 714 3844 770 quam

2239 772 2415 827 audiri
2470 780 2708 840 oportet.
2755 769 2955 826 Eorum
3003 784 3135 825 vero
3180 769 3475 824 accusandi
3532 769 3845 827 sacerdotes

2242 843 2326 898 vel
2358 841 2684 899 testiﬁcandi
2718 843 2773 897 in
2798 856 2896 897 eos
2922 857 2984 896 os
3026 842 3378 906 obstruimus,
3408 855 3563 911 quos
3606 857 3720 896 non
3757 842 3844 895 huc

2241 914 2436 980 manis,
2460 914 2555 968 sed
2582 913 2780 968 divinis
2807 913 3029 967 vocibus
3049 921 3296 967 mortuos
3323 926 3446 966 esse
3468 912 3716 966 scimus.

2311 982 2439 1041 441.
2472 984 2623 1052 Quod
2642 984 2869 1054 episcopi
2891 1000 2923 1036 a
2946 985 3080 1054 pltea,
3117 984 3258 1035 cuius
3284 984 3417 1054 servi
3444 983 3718 1044 existunt,
3759 984 3844 1037 siut
3936 982 3937 1011 ‘

2238 1054 2526 1119 iudicandi,
2553 1053 2834 1110 accusandi
2874 1053 2954 1108 uel
2992 1053 3344 1123 dampnandi;
3374 1054 3503 1123 quia
3543 1054 3700 1106 iuxta
3728 1056 3843 1122 Apo-

2241 1129 2431 1182 stolum
2462 1141 2610 1180 nemo
2648 1128 2876 1180 alienum
2919 1139 3120 1195 servum
3158 1121 3302 1195 debet
3326 1121 3598 1195 iudicare.
3639 1124 3706 1176 Et
3728 1121 3843 1195 quod

2242 1214 2346 1252 non
2368 1201 2431 1250 ab
2460 1197 2700 1250 humanis
2730 1205 2819 1249 aut
2852 1211 3045 1265 pravae
3068 1194 3202 1265 vitae
3235 1192 3539 1265 hominibus
3574 1195 3684 1248 sint
3724 1192 3843 1248 lace-
3936 1192 3937 1247 ἲ

2240 1269 2418 1332 randi,
2442 1269 2556 1336 ipso
2586 1266 2811 1322 Domino
2837 1262 3072 1336 regulam
3094 1262 3366 1317 tribuente.
3395 1264 3667 1333 Episcopi
3697 1279 3725 1316 a
3754 1266 3843 1326 Deo
3936 1282 3937 1293 ³

2244 1335 2515 1393 iudicandi
2544 1346 2690 1404 sunt,
2716 1353 2824 1391 non
2852 1335 2920 1391 ab
2939 1335 3187 1389 humanis
3217 1343 3310 1387 aut
3336 1349 3551 1403 pravae
3572 1338 3721 1390 vitae
3756 1337 3836 1391 ho.
3936 1366 3937 1404 η

2243 1409 2478 1465 minibus
2498 1417 2623 1463 sunt
2638 1408 2931 1468 laccrandi,
2950 1409 3068 1476 ipso
3087 1404 3319 1476 Domino
3331 1406 3659 1474 exemplum
3677 1407 3834 1476 dante,

2244 1480 2462 1549 quando
2518 1494 2616 1549 per
2674 1479 2847 1547 ipsum
2891 1475 3100 1549 et’non
3150 1489 3248 1545 per
3273 1475 3411 1529 alios
3464 1478 3834 1535 vendenteset

2245 1547 2487 1605 ementes
2522 1547 2694 1605 eiecit
2734 1549 2802 1604 de
2844 1547 3049 1616 templo
3102 1553 3157 1600 et
3201 1559 3420 1601 mensas
3456 1549 3833 1602 nummulario.

2244 1637 2363 1676 rum
2387 1621 2608 1690 proprio
2647 1622 2843 1674 evertit
2874 1617 3105 1686 ﬂagello
3146 1628 3201 1670 et
3230 1616 3393 1690 eiecit
3417 1616 3491 1671 de
3532 1620 3751 1690 templo.
3782 1624 3832 1676 Et

2245 1687 2529 1747 sicut—alibi
2556 1692 2632 1746 ait
2651 1708 2666 1745 :
2683 1690 3032 1745 Deusstetitin
3051 1704 3317 1759 synagoga
3338 1687 3590 1755 deorum,
3622 1687 3676 1743 in
3696 1694 3831 1748 taedio

2322 1832 2448 1888 442..
2481 1832 2559 1887 De
2586 1835 2663 1887 liis
2701 1835 2787 1904 qui
2815 1849 2870 1886 se
2896 1831 3037 1901 ipsos
3072 1846 3391 1904 quocumque
3440 1831 3611 1886 modo
3654 1845 3824 1888 necant.

2253 1902 2587 1973 Quit-umque
2602 1920 2661 1959 se
2693 1901 2911 1975 propria
2940 1903 3218 1975 voluntate
3239 1917 3329 1975 aut
3358 1901 3413 1956 in
3436 1916 3648 1971 aquam
3694 1904 3827 1960 iacta-

2254 1977 2414 2039 verit,
2445 1984 2538 2028 aut
2583 1973 2781 2030 collum
2812 1974 3081 2041 ligaverit,
3117 1980 3229 2045 aut
3263 1973 3331 2025 de
3362 1975 3568 2045 arbore
3592 1977 3824 2045 praecipi-

2255 2047 2470 2112 taverit,
2502 2054 2599 2100 aut
2640 2045 2783 2101 ferro
2828 2042 3179 2114 percusserit,
3227 2050 3323 2096 aut
3344 2042 3819 2114 cuilibet'volunia-

2254 2116 2370 2172 riae
2397 2132 2456 2171 se
2494 2118 2655 2171 morti
2684 2113 2982 2179 tradiderit,
3038 2113 3264 2169 istorum
3317 2113 3528 2169 oblatio
3576 2131 3685 2170 nou
3710 2120 3823 2172 reci-

2295 2188 2433 2242 iatur
2464 2188 2508 2239 ³.

2254 2202 2449 2330 ΡΙἪΞ.
2487 2224 2564 2312 be
2592 2258 2671 2312 his
2709 2258 2804 2330 qui
2825 2258 3068 2313 clericum
3095 2256 3478 2330 iniuriauerint.
3511 2255 3825 2330 Quicumque

2256 2328 2414 2383 iudex
2445 2340 2537 2382 aut
2576 2328 2832 2384 secularis
2860 2331 3159 2398 presbitero
3194 2336 3289 2382 aut
3324 2328 3555 2384 diacono
3580 2343 3671 2385 aut
3695 2328 3827 2387 cuili-

2253 2399 2350 2454 bet
2375 2399 2442 2455 de
2472 2402 2619 2455 clero
2658 2409 2755 2454 aut
2816 2399 2885 2455 de
2940 2400 3240 2453 iunioribus
3291 2401 3476 2453 matris
3515 2402 3770 2457 ecclesiae
3807 2404 3824 2432 ‘

2256 2470 2460 2537 absque
2476 2471 2750 2525 audientia
2781 2471 3020 2540 episcopi
3043 2471 3129 2523 vel
3162 2468 3523 2524 archidiaconi
3543 2471 3628 2526 vel
3653 2475 3824 2527 archi-

2257 2541 2546 2611 presbiteri
2578 2542 2829 2595 iniuriam
2853 2541 3048 2595 inferre
3080 2541 3509 2611 praesumpserit.
3538 2545 3818 2599 anathema

2256 2610 2326 2666 ab
2343 2614 2581 2665 omnium
2613 2611 3030 2666 christianorum
3054 2613 3330 2665 consortio
3352 2610 3611 2667 habeatur.

2254 2680 2455 2749 δαίμ.
2497 2679 2584 2736 Ne
2630 2682 2755 2736 laici
2792 2685 3051 2743 intersint,
3083 2682 3289 2753 quando
3310 2682 3537 2734 canonica
3557 2683 3669 2738 iura
3688 2701 3806 2739 ven-

2258 2754 2475 2807 tiiantur
2504 2754 2856 2824 velregularia
2884 2752 3271 2818 examinantur,
3301 2753 3389 2805 nisi
3405 2752 3460 2805 in
3483 2756 3689 2821 propria
3723 2772 3814 2810 ac-

2257 2834 2498 2878 cusantur
2532 2822 2774 2894 persona.
2816 2822 3044 2892 Quando
3080 2838 3144 2877 ea
3168 2863 3183 2887 ,
3215 2837 3354 2891 quae
3380 2824 3630 2879 canonica
3683 2836 3819 2894 sunt,

2255 2896 2588 2966 ventilantur
2617 2896 2700 2966 vel
2728 2899 2994 2966 quaedam
3020 2895 3288 2966 regularia
3315 2895 3703 2962 examinantur,
3731 2913 3818 2954 nec

2256 2965 2464 3021 iudices
2520 2964 2791 3021 seculares
2852 2980 3030 3035 neque
3093 2965 3306 3033 aliquos
3362 2966 3525 3021 laicus
3589 2969 3822 3025 interesse

2244 3045 2496 3107 oportet,
2520 3037 2623 3092 nisi
2652 3051 2749 3091 eos
2804 3035 3180 3092 tantummodo
3213 3036 3305 3104 qui
3344 3036 3400 3091 iu
3431 3040 3649 3108 propria
3684 3054 3820 3095 accu-

2257 3116 2450 3163 santur
2473 3123 2723 3177 persona.

624 3163 862 3274 9:38;"De
889 3180 1220 3274 episcopis‘let
1261 3177 1472 3262 reliquis
1512 3177 1865 3274 sacerdotibus
1892 3175 2143 3274 cecideri-

2320 3200 2446 3255 445.
2494 3200 2572 3274 Ut
2585 3202 2937 3274 ecclesiastica
2977 3203 3094 3256 iura
3146 3217 3346 3274 semper
3403 3200 3660 3258 inuiolata
3686 3204 3706 3234 ⁸
3728 3220 3818 3274 per-

550 3252 625 3305 cis
676 3252 746 3304 ad
784 3247 1040 3305 secuiares
1061 3247 1261 3303 iudices
1309 3247 1520 3303 minime
1557 3250 1888 3304 accusandis.
1929 3247 1986 3302 Si
2026 3248 2148 3317 quis

552 3324 863 3393 episcopus,
896 3323 1171 3393 presbiter
1198 3321 1582 3393 autldiaconus
1611 3320 1695 3373 vel
1721 3318 1945 3387 quilibet
1966 3317 2148 3393 clerici

554 3389 701 3462 apud
730 3389 1034 3462 episcopos,
1085 3391 1207 3459 quia
1237 3390 1366 3462 alibi
1397 3403 1504 3462 non
1555 3398 1801 3462 oportet,
1838 3404 1880 3462 Aa
1908 3389 2151 3462 qualibet

549 3458 786 3532 persona
818 3458 1029 3517 fuerint
1063 3458 1318 3526 aecusati,
1363 3458 1692 3532 quicumque
1714 3458 2031 3532 fuerit‘sive
2059 3459 2151 3532 ille

544 3529 804 3587 “sublimis
833 3533 914 3586 vir
940 3533 1192 3597 honoris,
1219 3534 1333 3586 sive
1362 3531 1523 3585 ullius
1549 3534 1569 3561 ¹¹
1602 3531 1826 3586 alterius
1851 3529 2149 3600 dignitatis,

552 3606 784 3674 qni‘lioc
812 3616 983 3671 genus
1008 3602 1348 3674 inlaudabilis
1392 3602 1709 3656 intentionis
1755 3600 2016 3674 arripuit,
2046 3615 2147 3655 no-

550 3672 703 3727 verit
718 3673 964 3743 docenda
986 3672 1429 3743 probationibus,
1473 3674 1821 3727 monstranda
1852 3673 2151 3743 documen;

548 3744 626 3798 tis
655 3757 715 3798 se
751 3741 951 3798 debere
979 3741 1201 3797 inferre.
1238 3743 1294 3797 Si
1321 3743 1446 3811 quis
1482 3758 1613 3811 ergo
1660 3743 1802 3800 circa
1842 3741 2150 3797 huiusmodi

542 3822 815 3884 persanas
840 3828 947 3869 non
989 3813 1279 3884 probanda
1305 3813 1580 3878 detulerit,
1622 3814 1945 3869 auctoritate
1991 3812 2149 3868 huius

552 3886 855 3939 sanctionis
886 3885 1151 3951 intelligat
1168 3899 1227 3938 se
1245 3884 1506 3939 iacturam
1539 3886 1714 3939 famae
1743 3886 1995 3954 propriae
2025 3897 2149 3954 sus-

548 3956 770 4022 tiuere';
804 3965 864 4010 ut
891 3955 1089 4009 damno
1114 3955 1353 4024 pudoris
1378 3996 1393 4020 ,
1418 3953 1836 4010 existimationis
1865 3953 2148 4025 dispendio

549 4026 726 4082 discat
751 4027 852 4082 sibi
877 4027 1087 4081 alienae
1107 4026 1466 4080 verecundiae
1507 4028 1727 4093 impune
1767 4024 2009 4080 insidiari
2034 4025 2148 4079 sal-

554 4107 665 4152 tem
688 4099 972 4153 de’cetero
996 4111 1106 4150 non
1135 4095 1321 4151 licere.
1340 4094 1473 4151 Nam
1491 4097 1633 4152 sicut
1658 4096 1964 4168 episcopos,
1995 4109 2151 4165 pres-

554 4170 780 4234 biteros,
812 4169 1072 4224 diaconos
1123 4174 1498 4237 caeterusque,
1531 4169 1578 4221 si
1608 4168 1692 4221 his
1718 4168 1931 4222 obiecta
1953 4175 2148 4236 potue-

551 4239 666 4293 rint
688 4239 1071 4308 ‘compruhare,
1104 4237 1172 4291 ab
1198 4237 1580 4293 ecclesiasticis
1633 4238 1885 4306 gradibus
1905 4251 2145 4308 aequum

551 4315 639 4366 est
665 4307 933 4363 removeri
961 4326 973 4360 :
1000 4310 1071 4362 ita
1122 4310 1313 4362 similis
1334 4309 1505 4363 videri
1532 4309 1701 4364 debet
1746 4307 1985 4363 iustitiae
2032 4322 2149 4362 mo-

552 4379 677 4441 dus,
710 4378 1537 4449 quodAappetitaeinuoceutiae
1566 4378 1902 4434 moderatam
1948 4377 2149 4434 deferri

546 4446 812 4503 iussimus
832 4446 1112 4502 ultionem.
1142 4446 1271 4502 Ideo
1305 4449 1676 4503 huiuscemodi
1705 4450 1989 4503 dumtaxat
2021 4462 2150 4503 cau-

526 4519 909 4645 lp‘ge‘piscppi
929 4519 1030 4573 sub
1053 4517 1429 4573 testiﬁcatione
1452 4519 1745 4575 multorum
1805 4521 1939 4575 actis
1960 4520 2149 4576 audire

661 4605 692 4645 e
733 4606 802 4645 uu
834 4628 850 4644 .
1030 4620 1053 4625 η
1268 4618 1273 4625 ι
1342 4632 1349 4639 ,
1760 4626 1763 4627 ν

661 4599 850 4645 ebttnt.
1030 4620 1031 4625 η
1050 4620 1053 4621 ν
1268 4618 1273 4625 ι
1342 4632 1349 4639 ,
1760 4626 1763 4627 ,

577 4665 597 4733 ’ς
626 4659 755 4733 4596
772 4732 777 4733 ί
795 4661 877 4715 De
890 4661 1181 4731 primatum
1210 4668 1262 4714 et
1278 4661 1796 4733 metropolitanorum
1820 4661 2145 4730 diﬂ'erentia.

556 4730 699 4788 Nulli
731 4732 822 4787 alii
876 4730 1279 4802 metropolitani
1327 4730 1666 4801 appellentur
1714 4734 1991 4802 primates,
2044 4734 2150 4789 nisi

554 4803 633 4858 illi
661 4803 755 4873 qui
786 4803 997 4874 primas
1026 4804 1183 4857 sedes
1227 4810 1440 4871 tenent,
1492 4812 1733 4871 et‘quos
1773 4806 1944 4857 sancti
1972 4814 2153 4874 patres

542 4874 803 4947 “synodali
830 4884 891 4928 et
918 4874 1237 4947 apostolica
1268 4874 1594 4947 auctoritate
1616 4876 1875 4944 primates
1904 4889 2027 4947 esse
2053 4876 2151 4929 de-

555 4943 866 5001 creverunt.
914 4943 1133 5013 Reliqui
1162 4957 1332 5009 vero,
1376 4945 1467 5012 qui
1523 4943 1656 4999 alias
1707 4946 2155 5014 metropolitauas

556 5016 717 5072 sedes
737 5015 1107 5084 sunt-adepti,
1135 5029 1242 5070 non
1284 5014 1540 5085 primates
1560 5058 1575 5079 ,
1609 5016 1703 5071 sed
1749 5017 2154 5084 metropolitani

550 5098 838 5142 vocentur.
894 5100 897 5103 ’
912 5106 931 5121 ”
1044 5096 1047 5103 ’
1444 5118 1447 5121 λ

538 5242 547 5247 ,
628 5176 755 5237 440.
787 5175 870 5233 De
898 5178 1248 5248 familiaribus
1260 5180 1338 5235 vel
1361 5178 1650 5234 hominibus
1674 5187 1779 5234 tam
1801 5178 1975 5235 liberis
2001 5198 2154 5248 quam

555 5250 716 5323 servis
738 5248 1004 5323 dominum
1032 5252 1391 5311 accusantibus
1421 5254 1498 5306 vel
1541 5264 1739 5323 secreta
1776 5255 1884 5305 eius
1927 5255 2154 5321 proden-

544 5320 694 5392 tibus
719 5320 845 5392 quid
873 5320 1127 5389 agendum
1150 5324 1238 5377 sit.
1276 5324 1334 5376 Si
1360 5324 1478 5390 quis
1501 5338 1565 5376 ex
1596 5320 1951 5378 familiaribus
1973 5325 2056 5377 vel
2087 5339 2154 5379 ex

546 5390 739 5465 servis
756 5392 1047 5465 cuiuslibet
1070 5400 1266 5453 domus
1291 5393 1681 5462 cuiuscumque
1707 5394 1949 5448 criminis
2000 5394 2152 5449 dela-

563 5462 646 5514 tor
676 5460 855 5532 atque’
887 5468 1195 5520 accusator“
1218 5465 1499 5521 emerserit
1522 5506 1535 5531 ,
1568 5460 1713 5521 eius
1750 5466 2154 5521 existimatione

2249 3282 2522 3328 maneant.
2553 3271 2855 3340 Monemus,
2888 3281 2948 3329 ut
2978 3274 3094 3328 iura
3118 3271 3497 3343 ecclesiarum,
3527 3275 3671 3329 sicut
3703 3271 3812 3344 spa-

2252 3344 2427 3398 tribus
2454 3344 2718 3399 divinitus
2767 3344 3044 3415 inspiratis
3097 3352 3226 3399 sunt
3272 3346 3550 3410 ordinata,
3606 3346 3807 3400 inviolata

2250 3423 2628 3484 permaneant.
2676 3415 2814 3469 Nihil
2852 3417 3087 3470 alienum
3130 3415 3390 3484 inprobus
3427 3417 3673 3471 ambitus
3710 3432 3801 3470 cen-

2253 3486 2518 3553 cupiscat,
2550 3500 2653 3541 nec
2674 3500 2771 3556 per
2790 3486 3014 3541 alterius
3062 3486 3421 3541 imitationem
3468 3502 3636 3542 suum
3661 3486 3800 3556 aliquis

2252 3567 2477 3623 quaerat
2509 3567 2884 3625 augmentum.

2323 3646 2451 3702 446.
2475 3640 2769 3721 Suggestio
2797 3649 2976 3721 populi
3006 3649 3076 3703 ad
3109 3652 3479 3721 imperatorem
3518 3644 3757 3707 Rat-olunt
3778 3662 3808 3702 et

2254 3721 2541 3791 episcopos.
2591 3721 2733 3776 Deus
2754 3724 2819 3774 ad
2862 3722 2965 3776 hoc
2983 3730 3218 3775 vestram
3250 3724 3667 3790 religiositatem
3706 3723 3817 3777 ordi-

2253 3792 2425 3855 navit,
2470 3791 3320 3863 utietiniustiliasremoveatis,
3348 3803 3403 3847 et
3452 3795 3817 3863 praesumptio-

2253 3876 2351 3915 nes
2374 3862 2687 3926 abscidatis,
2700 3871 2755 3916 et
2774 3861 3146 3918 sacerdotibus
3164 3861 3540 3919 laborantibus
3572 3861 3817 3921 succurra-

2254 3933 2345 3995 tis,
2379 3941 2435 3986 et
2484 3934 2666 3986 multis
2696 3933 3004 4003 opprobriis
3034 3934 3213 3988 locmn
3257 3951 3363 3988 non
3389 3936 3717 4004 praebentis,
3749 3935 3821 3989 sed

2252 4010 2377 4076 post
2398 4004 2726 4076 agnitionem
2775 4004 2846 4065 ei,
2881 4004 2974 4072 qui
3017 4005 3340 4076 calumniam
3369 4011 3604 4076 patitur,
3655 4007 3824 4061 adiuto-

2251 4074 2390 4129 rium
2420 4074 2639 4140 feratis;
2665 4074 2814 4128 illum
2837 4088 2990 4143 vero,
3012 4075 3105 4143 qui
3131 4074 3457 4131 calumniam
3485 4076 3641 4145 facit,
3671 4079 3711 4133 si
3729 4090 3827 4131 vere

2244 4148 2336 4199 'est
2360 4147 2740 4209 calumniator,
2766 4146 3078 4201 abscidatis.
3566 4160 3571 4165 θ

2323 4238 2449 4311 M7.
2492 4238 2572 4292 De
2593 4238 2777 4293 alienis
2815 4240 3067 4293 indicibus
3096 4256 3201 4294 non
3239 4242 3589 4309 recipiendis,
3626 4253 3681 4299 et
3715 4256 3827 4311 pers-

2251 4311 2407 4385 grina
2434 4310 2631 4385 iudicia
2659 4311 2736 4364 vel
2775 4313 3019 4385 exainina
3060 4312 3367 4381 respuenda.
3414 4310 3827 4385 Episcopme

2251 4383 2503 4453 guloruni
2554 4382 2800 4445 locorum
2832 4383 3094 4447 omnium,
3144 4398 3234 4450 qui
3285 4386 3384 4437 sub
3429 4382 3639 4439 eorum
3659 4393 3827 4453 degunt

2252 4451 2625 4527 moderamine
2649 4488 2665 4517 ,
2716 4468 2879 4527 curae
2931 4453 2999 4527 sit
3029 4467 3219 4507 causas
3275 4454 3651 4524 utilitatesque
3679 4451 3825 4527 eilpo-

2254 4537 2408 4577 nere.
2447 4522 2614 4578 Valde
2661 4524 2804 4577 enim
2834 4531 2918 4578 est
2944 4523 3318 4593 £incongruum
3343 4537 3453 4588 ,,ut
3505 4522 3833 4582 oinississuis

2254 4593 2344 4647 alii
2374 4593 2601 4662 quilibet
2630 4593 2845 4648 illorum
2896 4608 2956 4649 se
2999 4595 3179 4651 causis
3230 4595 3608 4665 admisceant,
3661 4596 3831 4654 sedilli

2252 4678 2443 4719 eorum
2475 4667 2637 4719 vitam
2661 4665 2973 4733 conpetenti
3004 4665 3349 4735 regularique
3387 4667 3635 4723 debeant
3670 4666 3826 4725 mode-

2255 4736 2468 4790 ratione
2503 4737 2831 4810 disponere,
2877 4736 3089 4810 quieos
3141 4739 3396 4792 ordinare
3442 4740 3832 4810 canonicepos-

2253 4814 2405 4881 su‘nt,
2435 4807 2518 4861 vel
2562 4821 2591 4860 a
2631 4805 2825 4875 quibus
2852 4807 3085 4881 ordinati
3112 4818 3273 4873 sunt,
3319 4819 3377 4881 et
3419 4811 3670 4881 qui-pro
3713 4805 3830 4865 cum

2255 4876 2436 4931 missis
2491 4892 2789 4947 eorumque
2841 4879 3123 4936 animabus
3166 4876 3583 4949 conpelluntur:
3632 4881 3833 4936 reddere

2256 4960 2546 5004 rationem.
2864 4986 2867 4989 -

2328 5036 2453 5093 448.
2499 5039 2578 5094 De
2597 5041 2861 5114 episcOpo
2890 5043 2976 5112 qui
3025 5042 3271 5097 adversus
3300 5044 3573 5114 proprium
3599 5054 3835 5113 »πεττομ-

2256 5110 2479 5184 litanum
2528 5111 2605 5165 vel
2653 5110 3001 5184 conti-salios
3050 5110 3555 5184 quosque'habuerit
3604 5110 3832 5183 contagia.

2256 5182 2379 5252 quid
2404 5184 2664 5251 agendum
2689 5184 2777 5237 sit.
2836 5181 2893 5237 Si
2936 5181 3093 5248 forte,
3126 5181 3270 5255 quod
3298 5200 3406 5239 non
3446 5181 3835 5253 optamus,‘ali-

2257 5268 2417 5326 quem
2450 5267 2763 5326 episcopum
2810 5258 3318 5326 contra‘proprium
3370 5259 3832 5326 metropolitanum

2260 5322 2344 5377 vel
2375 5332 2562 5377 contra
2612 5324 2748 5379 alios
2790 5322 3356 5396 quosque'contingat
3410 5322 3617 5396 aliquid
3656 5328 3837 5383 habent

2259 5409 2456 5468 causae
2475 5432 2501 5468 ,
2523 5396 2880 5468 decrevimus,
2921 5407 2991 5468 ut_
3009 5397 3079 5451 ob
3105 5396 3210 5451 hoc
3246 5399 3389 5452 sedis
3410 5398 3748 5468 apostolicae
3769 5398 3835 5450 in

2261 5465 2458 5518 ilicium
2491 5465 2565 5531 hi,
2595 5466 2685 5536 qui
2733 5476 2921 5537 petere
2962 5465 3249 5535 festinant,
3269 5465 3547 5526 licentiam
3574 5470 3836 5526 habeant:

1662 5628 1667 5639 ’
1756 5632 1759 5637 ’
1795 5639 2185 5699 VARIANTES
2220 5628 2623 5700 L‘ECTIONES.

596 5858 601 5863 ,
632 5798 1048 5870 ξ,θ,,,ο.,ὀριιιηε.
1076 5798 1167 5865 (ἔρ,
1195 5801 1242 5843 -¹
1267 5797 1497 5857 ulterius
1516 5796 1583 5855 ο.
1663 5799 1684 5832 ³
1710 5798 2007 5870 recipietur
2028 5774 2148 5855 Bal.

2276 5815 2355 5867 m.
2382 5816 2433 5857 e.
2452 5801 2655 5858 .desunt
2679 5800 2746 5859 (ὲ.
2824 5798 2848 5836 ⁸
2876 5800 3098 5871 inlibata
3118 5799 3263 5869 Dab,
