3974 6340
211 308 367 364 857

714 305 866 364 COD.
906 306 1178 364 DlPLOM.
1217 338 1287 353 ——
1326 306 1680 366 BENEDICTI
1719 310 2234 370 CAPITULARIUM
2269 313 2667 373 COLLECTIO.
2706 346 2776 356 —
2812 315 2939 372 LIB.
2978 315 3063 372 ΠΙ.

3412 320 3514 375 858

209 433 411 499 quod
450 431 602 488 scitis
631 446 898 488 canonum
925 431 1086 486 etiam
1131 433 1474 504 antiquorum
1515 440 1730 505 patrum
1758 434 1839 489 in-
1869 435 1915 495 Α
1941 433 2241 556 priuignam
2253 450 2306 488 se
2321 435 2459 503 ipsos
2485 434 2894 505 purgaverintde
2914 433 2992 486 Itis
3021 448 3152 514 quae
3172 432 3246 487 eis
3275 431 3514 515 obiciun-

209 504 544 556 stitutione
574 505 911 556 permissum.
1940 509 2041 555 tur.
2119 505 2319 556 ettanda
2349 514 2432 556 est
2453 508 2718 556 accusatis
2735 505 2948 556 licentia
2973 503 3313 556 criminandi.
3339 505 3512 556 orius-

207 504 544 558 stitutione
574 505 911 572 permissum.

314 575 462 630 449.
507 572 652 639 Quod
679 573 803 642 {and
820 580 1060 626 tmentttm
1090 575 1244 628 totius
1261 575 1502 629 bonitatis
1523 573 1839 642 sitC/rristus

212 643 437 709 Iesus,
454 656 529 716 iet
558 646 773 716 qualiter
802 645 853 696 in
877 643 1005 716 ovile
1023 645 1198 716 ovium
1225 662 1314 714 per
1341 647 1525 698 ostium
1549 650 1615 698 sit
1639 647 1840 699 intran-

210 716 405 769 dum.
429 713 870 768 Fundamentum
900 713 1039 767 aliud
1070 713 1231 767 nemo
1258 723 1434 782 potest
1457 730 1655 782 ponere
1681 731 1836 783 prae-

219 795 337 839 ter
381 785 454 849 id,
479 783 621 854 quod
649 783 883 852 positum
904 791 995 854 _est
1019 827 1032 849 ,
1061 784 1151 852 qui
1180 789 1262 838 est
1290 783 1556 839 Christus.
1588 785 1838 854 Quisquis

211 869 395 921 ergo
424 851 544 910 cuin
574 851 861 908 dilectione
903 851 998 907 Dei
1038 862 1092 907 et
1122 854 1349 922 proximi
1403 854 1523 908 fidei
1545 897 1561 922 ,
1617 851 1755 923 quae
1785 859 1836 910 in

211 923 480 979 Christo
501 932 601 987 est,
644 924 946 978 firmitatem
997 930 1163 988 tenet,
1215 923 1444 979 eundem
1475 925 1646 980 lesum
1680 926 1834 980 Chri-

212 1004 402 1049 stum
438 995 528 1048 Dei
571 1003 623 1047 et
669 992 902 1047 hominis
953 992 1117 1046 ﬁlium
1164 994 1302 1063 apud
1331 1010 1390 1048 se
1424 997 1600 1061 posuit
1651 994 1837 1050 funda-

215 1075 523 1119 mentum.
576 1064 907 1134 Sperandum
959 1077 1086 1131 ergo
1129 1072 1230 1130 est,
1282 1065 1405 1133 quia
1456 1067 1542 1119 ubi
1597 1066 1836 1121 Cbrstus

217 1134 664 1189 fundamentum
684 1142 777 1204 est
799 1174 813 1198 ,
847 1134 1107 1187 bonorum
1136 1149 1350 1204 quoque
1380 1150 1600 1204 operum
1639 1151 1834 1204 sequa-

217 1211 339 1258 tur
374 1205 632 1259 ofticium.
679 1203 794 1272 lpsa
823 1218 1037 1271 quoque
1074 1220 1172 1274 per
1199 1221 1258 1259 se
1294 1203 1500 1258 Veritas
1527 1206 1656 1260 dicit
1689 1203 1835 1270 :Qui

217 1291 359 1329 non
391 1277 552 1328 intrat
589 1291 678 1342 per
723 1275 904 1327 ostium
956 1275 1009 1326 in
1051 1276 1181 1328 ovile
1221 1277 1422 1338 ovium,
1466 1277 1556 1328 sed
1603 1278 1834 1330 ascendit

220 1346 492 1408 aliunde,
523 1346 608 1397 ille
638 1346 722 1413 {ur
751 1353 823 1395 ist
849 1355 893 1395 et
923 1344 1093 1415 la_tro;
1122 1347 1389 1413 qitiautem
1420 1347 1580 1399 intrat
1619 1364 1709 1415 per
1751 1365 1833 1401 os-

225 1416 405 1483 tium,
431 1426 610 1483 pastor
631 1412 706 1466 est
735 1416 920 1483 ovium.
952 1412 1014 1467 Et
1030 1412 1191 1480 paulo
1220 1425 1339 1481 post
1361 1417 1585 1470 subiecit
1609 1412 1791 1471 dicens
1816 1435 1829 1471 :

232 1481 372 1553 Ego
395 1501 507 1537 sum
549 1481 754 1556 ostium.
806 1482 896 1535 Ille
926 1497 1065 1556 ergo
1085 1486 1305 1556 inrovile
1332 1485 1509 1556 ovium
1545 1488 1709 1540 intrat
1734 1502 1832 1556 per

225 1556 494 1625 gstinm,
541 1555 630 1624 qui
680 1553 844 1625 intrat
888 1569 982 1622 per
1029 1553 1318 1609 Christum.
1367 1555 1486 1624 Ipse
1528 1565 1706 1610 autem
1734 1553 1832 1625 per

227 1623 529 1678 Christum
557 1624 870 1692 ingreditur,
921 1625 1010 1691 qui
1060 1625 1126 1679 de
1155 1626 1342 1679 eodem
1393 1623 1638 1680 creatore
1660 1642 1723 1681 ac
1741 1623 1833 1682 re-

230 1695 540 1763 demptore
590 1694 805 1747 humani
841 1695 1052 1758 generis
1091 1710 1212 1750 vera
1259 1697 1421 1749 sentit
1459 1706 1513 1750 et
1560 1699 1832 1764 praedicat

191 1776 194 1778 ’
232 1774 301 1818 et
337 1765 647 1834 praedicata
675 1764 938 1826 custodit;
972 1765 1180 1818 culmen
1205 1766 1476 1832 regiminis
1507 1767 1570 1820 ad
1595 1766 1829 1822 officium

231 1836 502 1906 portandi
544 1835 724 1889 oneris
766 1834 1041 1903 suscepit,
1090 1839 1288 1890 nonad
1313 1840 1607 1906 appetitum
1631 1839 1832 1906 gloriae

235 1907 549 1961 trausitorii
606 1906 863 1969 honoris};
914 1921 1088 1977 curae
1128 1921 1342 1976 quoque
1391 1911 1621 1977 suscepti
1678 1907 1831 1962 ovilis

235 1979 483 2032 solerter
512 1977 775 2046 invigilat,
805 1991 873 2046 ne
910 1991 1038 2029 oves
1068 1976 1158 2029 Dei
1191 1988 1282 2030 aut
1320 1976 1559 2046 perversi
1587 1981 1830 2034 homines

242 2064 416 2120 prava
451 2045 1065 2120 loquentesdilanient,
1088 2055 1180 2100 aut
1221 2045 1434 2115 maligni
1485 2052 1704 2120 Spiritus
1731 2052 1828 2106 de-

243 2117 570 2171 lectamenta
609 2120 620 2148 ί
653 2117 899 2169 vitiorum
938 2117 1226 2171 suadentes
1252 2117 1548 2175 devastent.

324 2186 446 2242 450.
491 2189 566 2241 De
578 2189 748 2240 causis
764 2187 992 2256 deﬁnitis
1011 2188 1191 2240 minim
1214 2193 1682 2246 'rrcommovendis.
1707 2191 1827 2246 Fla-

253 2258 403 2325 gitari
437 2259 690 2312 iudicium
724 2273 829 2309 non
878 2259 1038 2311 debet
1081 2258 1147 2312 de
1195 2274 1354 2314 causa
1398 2277 1538 2329 quae
1585 2261 1826 2329 deflinita

259 2331 338 2381 vel
369 2330 503 2382 iudic
523 2338 592 2381 ita
616 2338 721 2382 est.

324 2398 440 2452 Δ551,
486 2398 560 2452 De
587 2399 777 2473 liis‘qui
815 2407 993 2473 contra
1022 2402 1338 2473 praepositos
1377 2418 1496 2458 suos
1523 2420 1574 2456 se
1603 2406 1823 2473 erigunt,

248 2480 298 2545 et
316 2470 790 2545 deﬂoccusalotibus
821 2472 894 2522 vel
924 2469 1134 2545 testibus
1163 2471 1402 2545 inimicis,
1421 2476 1542 2545 quid
1570 2469 1825 2544 agendum

240 2541 328 2591 sit.
362 2541 460 2614 Qui
491 2555 551 2593 se
581 2549 771 2614 contra
805 2541 1141 2614 praepositos
1168 2557 1293 2614 suos
1329 2541 1555 2614 erigunt,
1584 2541 1825 2614 profecto

240 2613 546 2664 ostenditur
595 2612 718 2679 quia
750 2625 869 2664 esse
915 2612 1055 2664 servi
1106 2612 1197 2664 Dei
1229 2612 1602 2668 contemnunt.
1659 2616 1826 2672 Filius

242 2680 341 2732 hei
366 2681 420 2733 in
452 2690 636 2734 sancto
664 2681 736 2734 ait
765 2682 1054 2752 Euangelio
1084 2699 1097 2734 :
1132 2680 1245 2752 Ego
1280 2699 1383 2752 non
1415 2701 1598 2739 accuso
1629 2703 1720 2739 nec
1742 2691 1821 2741 iu-

247 2751 372 2823 dico
425 2767 736 2821 quamquam.
763 2751 900 2804 Nihil
942 2752 1082 2804 enim
1134 2751 1247 2808 sine
1275 2751 1433 2807 Patre
1477 2755 1606 2810 facit
1634 2755 1821 2823 Filius,

247 2821 385 2889 quia
419 2823 713 2877 communis
727 2838 907 2875 eorum
939 2823 1181 2889 operatio
1204 2831 1358 2876 estet
1378 2825 1523 2878 unita
1553 2821 1822 2882 voluntas.

253 2888 375 2965 line
398 2906 527 2942 vero
557 2891 744 2965 inloco
769 2893 911 2965 quasi
943 2888 1100 2945 iudex
1130 2893 1397 2965 loquitur,
1447 2897 1630 2950 dicens
1652 2899 1825 2965 qualis

256 2960 445 3032 iudex,
476 2963 655 3028 quales
679 2960 831 3016 testes
862 2962 971 3016 Deo
996 2978 1112 3017 esse
1135 2960 1386 3030 debeant,
1413 2973 1472 3018 ut
1498 2960 1825 3032 cognoscant

258 3030 509 3086 homines
537 3033 586 3085 in
617 3033 913 3106 iudicando,
946 3033 1087 3106 quod
1121 3049 1320 3106 no‘niex
1343 3030 1621 3090 voluntate
1651 3047 1704 3090 et
1735 3054 1826 3106 po-

253 3110 452 3155 testate
473 3119 585 3172 sua,
632 3104 722 3156 sed
752 3119 814 3156 ex
847 3105 1116 3172 aequitate
1167 3103 1396 3159 debeant
1444 3105 1677 3161 formare
1698 3103 1818 3164 sen-

1940 509 2041 555 tur.
2073 503 2319 570 Neganda
2349 514 2432 559 est
2453 503 2718 559 accusatis
2735 505 2948 559 licentia
2973 503 3313 570 criminandi,
3338 505 3512 574 prius-

1937 586 2096 644 quam
2123 575 2430 644 se_crimine
2458 590 2564 644 quo
2595 583 2945 644 praemuntur
2973 576 3240 628 exuerint.

2005 641 2130 716 451i.
2172 641 2248 696 De
2264 645 2411 716 falsis
2439 641 2647 716 testibus
2674 654 2724 699 et
2745 645 2963 714 periuris
2988 645 3112 716 quid
3140 644 3398 715 agendum
3419 648 3508 700 sit.

1937 711 2135 780 Siquis
2171 711 2447 768 convictus
2492 715 2652 769 fuerit
2704 711 2914 782 aliquos
2941 711 3011 767 ad
3051 711 3242 769 falsum
3273 717 3514 770 testimo-

1936 785 2082 836 nium
2114 784 2196 856 vel
2221 784 2512 856 periurium
2540 785 2835 856 adtraxisse
2863 791 2956 838 aut
2985 797 3507 856 perquamcumque

1935 854 2335 934 corruptionem
2394 854 2749 934 sollicitasse,
2793 855 2908 925 ipse
2971 854 3184 924 quidem
3223 854 3512 924 usque'ad

1935 927 2134 977 exitum
2167 939 2272 978 non
2291 927 2662 979 communicet.

2005 992 2129 1048 453.
2164 993 2249 1067 De
2276 995 2524 1067 qualitate
2557 995 2767 1067 virginis
2797 995 2876 1067 in
2932 996 3190 1067 coniugio.
3222 995 3512 1051 Sciscitan-

1935 1061 2057 1137 dum
2071 1073 2168 1137 _est
2209 1064 2252 1137 si
2283 1065 2392 1137 vult
2441 1073 2592 1133 pater
2622 1061 2866 1131 virginis,
2913 1069 3036 1134 quia
3084 1061 3246 1137 caput
3271 1068 3512 1123 mulieris

1933 1134 2036 1207 vir.
2069 1133 2406 1207 Req‘uirenda
2425 1142 2516 1207 est
2535 1149 2564 1207 a_
2593 1144 2744 1207 patre
2791 1133 3036 1189 voluntas
3066 1133 3354 1207 virginum,
3383 1138 3510 1192 dum

1934 1202 2076 1257 Dens
2114 1205 2380 1272 relinquat
2424 1202 2692 1258 hominem
2733 1206 2784 1258 in
2817 1206 3055 1260 manibus
3084 1202 3293 1261 consilii
3334 1202 3436 1262 Sui.

2003 1273 2127 1328 456.
2173 1273 2241 1328 Ut
2268 1274 2437 1328 clerici
2465 1280 2540 1327 vet
2565 1276 2685 1327 laici
2713 1276 2766 1328 iit
2795 1276 2847 1328 al
2870 1292 2966 1329 ena
2996 1278 3212 1330 ecclesia
3245 1294 3347 1331 non
3369 1295 3509 1333 com-

1933 1347 2188 1399 municent
2217 1346 2327 1398 sine
2355 1345 2539 1398 litteris
2586 1346 2815 1414 episcopi
2861 1347 2961 1399 sui.
3015 1347 3282 1400 Stututum
3319 1358 3420 1412 est,
3453 1357 3512 1402 ut

1933 1416 2297 1484 unusquisque
2325 1415 2555 1469 clericus
2587 1416 2670 1469 vel
2722 1417 2887 1469 laicus
2926 1431 3033 1470 nou
3061 1418 3418 1472 communicet
3457 1420 3510 1473 in

1933 1485 2108 1537 aliena
2135 1484 2294 1554 plebe
2321 1485 2436 1538 sine
2470 1485 2663 1539 litteris
2689 1486 2927 1554 episcopi
2956 1487 3059 1541 sui.

2004 1553 2146 1608 457(
2174 1553 2240 1608 Ut
2279 1555 2401 1607 laici
2447 1553 2817 1624 contemptores
2860 1553 3114 1611 canonum
3159 1559 3510 1612 excommuni-

1934 1634 2128 1687 centur,
2165 1625 2338 1678 clerici
2369 1640 2482 1679 vero
2527 1625 2721 1696 honore
2746 1626 3026 1694 priventur.
3058 1627 3116 1682 Si
3163 1628 3283 1696 quis
3308 1636 3529 1684 statuta

1933 1709 2309 1764 supergressus
2337 1695 2637 1763 corruperit
2664 1696 2748 1750 vel
2778 1711 2876 1764 pro
2916 1697 3082 1752 nihilo
3133 1695 3376 1752 habenda
3415 1715 3512 1766 pu-

1936 1767 2224 1829 taverit,'si
2255 1765 2419 1819 laicus
2458 1776 2559 1829 est,
2606 1766 3017 1832 communione;
3051 1768 3095 1822 si
3145 1767 3391 1835 clericus,
3417 1765 3515 1823 ho-

1937 1852 2069 1890 nore
2091 1837 2352 1905 privetur.

2002 1907 2126 1961 458.
2171 1907 2239 1981 Ut
2291 1907 2660 1981 quiiclericumi
2693 1907 2917 1981 alienum
2975 1908 3250 1981 defendere
3293 1911 3513 1978 nititur,

1931 1976 2560 2047 cominrmione'privetur.
2609 1980 2664 2032 Si
2694 1976 2832 2033 forte
2862 1976 3056 2048 aliquis
3078 1981 3396 2048 clericorum
3425 1976 3512 2036 re;

1928 2050 2106 2117 gulam
2147 2049 2464 2116 disciplinac
2507 2048 2902 2104 ecclesiasticae
2947 2047 3343 2117 subterfugiens
3395 2051 3506 2106 fue-

1927 2122 1998 2175 rit
2052 2128 2330 2186 evagatus,
2374 2121 2698 2189 quicumque
2749 2135 2870 2174 eum
2921 2121 3220 2188 susceperit
3257 2131 3312 2176 et
3363 2123 3512 2176 illum

1929 2189 2165 2260 pontifici
2189 2204 2287 2242 suo
2312 2203 2425 2260 non
2447 2189 2891 2260 reconciliaverit,
2911 2191 3004 2244 sed
3034 2190 3203 2255 magis
3232 2192 3509 2247 defensare

1926 2258 2366 2330 praesumpserit,
2391 2258 2658 2330 Ecclesiae
2682 2261 3055 2316 communione
3081 2261 3343 2329 privetur.

1996 2331 2121 2384 459.
2156 2333 2231 2383 De
2258 2328 2664 2384 accusationibus
2687 2332 2741 2383 in
2769 2331 3066 2385 clericorum
3083 2328 3249 2385 causis
3267 2348 3370 2386 non
3399 2349 3512 2387 sus-

1927 2402 2196 2463 cipiendis,
2227 2417 2358 2469 quae
2395 2401 2582 2452 saeculi
2613 2401 2805 2470 legibus
2831 2401 3183 2468 prohibentur.
3214 2401 3282 2454 Et
3304 2403 3366 2456 de
3395 2405 3500 2457 cleo

1926 2475 2046 2532 ricis
2071 2471 2365 2541 dampnatis
2403 2486 2434 2522 a
2462 2471 2677 2541 nemine
2715 2470 3071 2540 defendendis.
3125 2473 3393 2526 Statutum
3425 2481 3511 2527 est

1927 2551 1986 2599 ut
2017 2539 2201 2596 nullae
2239 2539 2610 2595 accusationes
2639 2557 2667 2594 a
2721 2539 2982 2595 iudicibus
3011 2540 3295 2594 audiantur
3323 2543 3504 2598 eccle—

1926 2614 2182 2676 siasticis,
2226 2626 2362 2680 quae
2393 2611 2599 2680 legibus
2628 2612 2829 2665 saeculi
2884 2612 3257 2679 prohibentur.
3305 2611 3371 2665 Et
3426 2622 3506 2677 ut,

1927 2686 1972 2740 si
2023 2686 2145 2753 quis
2201 2680 2482 2736 cuiuslibet
2528 2679 2754 2753 honoris
2794 2681 3025 2753 clericus
3059 2683 3095 2753 _7
3143 2680 3344 2736 iudicio
3395 2683 3511 2751 epi-

1925 2751 2214 2825 scoporum
2243 2765 2584 2825 quocumque
2606 2751 2830 2825 crimine
2853 2751 3012 2825 fuerit
3041 2751 3346 2825 damnatus,
3371 2768 3503 2825 _non

1925 2821 2086 2880 liceat
2125 2838 2266 2884 eum,
2309 2822 2421 2875 sive
2459 2821 2526 2874 ab
2556 2822 2796 2876 ecclesiis
2826 2823 3017 2888 quibus
3043 2821 3308 2888 praefuit,
3338 2823 3450 2876 sive
3478 2838 3508 2877 a

1925 2896 2168 2965 quolibet
2198 2892 2421 2965 homine
2443 2891 2742 2965 defensari;
2776 2893 3090 2960 interposita
3123 2906 3295 2962 poena
3327 2891 3509 2946 damni

1926 2961 2191 3035 pecuniae
2217 2971 2380 3030 atque
2411 2961 2650 3035 honoris.
2671 2977 2789 3035 quo
2813 2977 2910 3016 nec
2932 2961 3159 3016 aetatem
3191 2975 3291 3016 nec
3317 2978 3506 3017 sexum

1925 3032 2287 3101 excusandum
2314 3047 2430 3085 esse
2465 3032 2839 3101 praecipimus.

1993 3104 2117 3160 460.
2164 3098 2231 3158 Ut
2259 3120 2360 3156 non
2387 3103 2477 3155 alii
2501 3098 2880 3171 metropolitani
2918 3103 3163 3172 primates
3185 3104 3508 3173 appellentur

248 3174 496 3246 tentiam.
522 3151 720 3227 histilia
749 3176 800 3227 in
835 3151 1118 3228 iudicando
1148 3183 1231 3228 est
1261 3151 1815 3244 manifestaiidajii’on
1845 3151 1894 3216 δ
1921 3178 2024 3230 nisi
2061 3177 2136 3229 illi
2163 3216 2178 3242 ,
2209 3176 2293 3246 qui
2323 3174 2518 3246 primas
2557 3151 2701 3246 sedcrs
2734 3151 2944 3246 tenent;r
2969 3174 3087 3242 quia
3131 3151 3364 3246 aliirrrnon
3387 3193 3506 3245 pos-

278 3245 508 3297 otentia.

237 3257 558 3366 pclasgilébe
605 3316 793 3385 regulis
839 3315 1159 3371 clericorum.
1208 3316 1398 3388 Clerici
1436 3318 1554 3386 lege
1607 3326 1815 3388 patrum

238 3395 565 3457 monentur,
611 3396 667 3440 ut
696 3402 724 3439 a
757 3387 956 3454 vulgari
986 3390 1090 3440 vita
1119 3387 1344 3457 seclusi,
1396 3405 1423 3441 a
1456 3387 1632 3442 mundi
1663 3390 1815 3444 volu-

241 3455 476 3530 ptatibus
498 3472 617 3510 sese
649 3458 980 3530 abstineant;
1007 3473 1111 3530 non
1152 3455 1493 3526 spectaculis,
1527 3475 1629 3513 non
1658 3475 1816 3530 pom-

248 3524 331 3590 pis
358 3527 628 3591 intersint;
670 3528 909 3580 convivia
942 3528 1150 3597 publica
1184 3524 1421 3595 fugiant;
1459 3524 1674 3598 privnta
1708 3546 1816 3591 non

248 3603 447 3669 tantum
476 3599 688 3667 pudica,
719 3599 812 3669 sed
837 3603 1011 3652 sobria
1043 3600 1256 3661 colant;
1285 3601 1459 3653 usuris
1482 3615 1818 3669 nequaquam

241 3665 580 3738 incumbant,
638 3668 728 3737 qui
757 3669 778 3697 '
809 3683 907 3722 nec
961 3671 1194 3737 turpium
1238 3665 1620 3738 occupationes
1648 3665 1820 3726 lucro-

236 3751 358 3789 rum
388 3736 709 3806 fraudesque
740 3736 1063 3804 cuiusquam
1083 3740 1320 3795 studiose
1347 3736 1629 3809 appetant;
1661 3755 1818 3794 amov

234 3821 356 3859 rem
384 3810 642 3875 pecuniae
673 3809 821 3876 quasi
863 3812 1144 3863 materiam
1176 3819 1492 3864 cuncterum
1534 3811 1816 3864 criminum

231 3876 475 3940 fugiant;
505 3879 766 3934 secularia
790 3876 962 3933 cilicia
999 3880 1318 3949 negotiaque
1352 3880 1615 3934 abiciant:
1648 3882 1818 3934 bono-

229 3961 358 4021 rum
391 3949 585 4021 gradus
615 3965 708 4018 per
737 3950 1055 4003 ambitiones
1085 3965 1189 4002 non
1214 3958 1502 4020 appetant;
1537 3967 1632 4021 pro
1656 3953 1816 4005 bene-

235 4016 375 4069 liciis
399 4016 695 4074 medicinae
735 4021 823 4072 Dei
853 4035 1072 4074 munera
1109 4035 1211 4073 non
1241 4016 1549 4088 accipiantf
1577 4020 1728 4074 dolos
1758 4029 1814 4074 et

231 4089 641 4144 coniurationes
695 4099 947 4152 caveant;
993 4091 1192 4154 odium,
1241 4092 1676 4151 aemulationem,
1721 4091 1814 4144 de-

234 4155 559 4211 tractionem
618 4168 671 4212 et
712 4160 959 4213 invidiam
1005 4160 1236 4229 fugiant;
1268 4161 1569 4228 nonivanis
1612 4161 1804 4225 oculis,

235 4245 347 4281 non
395 4230 585 4282 infreni
617 4231 839 4299 ’rlingua
887 4232 1261 4297 antpetulanti
1308 4231 1618 4299 tumidoque.
1659 4239 1814 4298 gestu

233 4299 525 4369 incedant;
562 4298 652 4353 sed
683 4303 938 4369 pudorem
988 4316 1050 4355 ac
1077 4301 1452 4354 verecundiam
1478 4298 1672 4355 mentis
1692 4301 1816 4353 sim-

233 4368 365 4436 plici
421 4369 603 4423 habitu
671 4368 724 4423 et
781 4371 993 4425 incessu
1032 4371 1362 4436 ostendant;
1392 4371 1815 4425 obscaenitatem

215 4445 399 4512 etiam
423 4441 859 4512 verborumsicut
879 4452 931 4512 et
953 4456 1174 4512 operum
1191 4443 1402 4509 penitus
1429 4444 1810 4506 exsecrentur;

1917 3256 2036 3302 sunt
2060 3256 2160 3299 tres
2183 3243 2377 3298 turmas
2401 3245 2574 3312 facere.
2597 3243 2658 3295 de
2681 3245 2948 3313 epismpis,
2977 3260 3131 3312 quam
3169 3243 3247 3296 illi
3283 3247 3368 3311 qui
3388 3243 3503 3313 pri-

1918 3334 2028 3372 mas
2051 3317 2194 3370 sedes
2223 3323 2425 3384 tenent;
2457 3313 2541 3379 qui
2563 3320 2664 3384 tres
2703 3322 2899 3366 turmas
2935 3316 3102 3384 facere
3135 3314 3343 3380 debent,
3375 3317 3507 3370 sicut

1915 3391 1971 3442 in
1988 3381 2868 3454 liac'sententiaiubetur.Placuit,ut
2892 3381 3335 3454 quotieSCumquc
3365 3401 3504 3440 con-

1917 3451 2098 3514 cilium
2128 3454 2562 3524 cougregaudum
2607 3464 2706 3518 est,
2739 3451 2973 3522 episcopi
3007 3454 3098 3522 qui
3131 3451 3304 3521 neque
3325 3467 3506 3511 aetate

1916 3543 2093 3597 neque
2141 3525 2478 3593 aegritudine
2523 3539 2699 3592 neque
2746 3524 2846 3577 alia
2878 3524 3506 3597 graviorenecessitate

1918 3592 2262 3668 inpediuntur
2283 3637 2296 3658 ,
2341 3602 2695 3668 conpetenter
2725 3604 3037 3668 occurrant.
3070 3592 3506 3668 Primatibusque

1917 3666 2133 3724 suarum
2165 3667 2560 3735 provinciarum
2586 3666 2860 3719 intimetur
2882 3707 2897 3729 ,
2927 3675 2984 3719 ut
3008 3666 3074 3719 de
3102 3667 3362 3736 universis
3387 3669 3505 3736 epi-

1917 3739 2094 3808 scopis
2118 3739 2201 3792 vel
2230 3737 2369 3790 duae
2401 3736 2486 3788 vel
2513 3743 2621 3790 tres
2653 3735 3048 3808 turmaegllant;
3081 3749 3161 3808 ac,
3185 3735 3251 3808 de
3279 3735 3506 3805 singulis

1917 3805 2108 3864 turmis
2138 3808 2368 3862 vicissim
2391 3815 2654 3873 quotquot
2674 3806 2829 3860 eleCIi
2857 3805 3074 3869 fuerint,
3099 3807 3166 3858 ad
3193 3806 3336 3860 diem
3368 3823 3502 3864 cou-

1916 3880 2020 3934 cilii
2053 3877 2436 3931 instantissime
2465 3883 2773 3929 occurrant.

1986 3948 2109 4002 461.
2157 3947 2304 4011 Quod
2331 3961 2450 4017 cum
2468 3945 2573 3997 illis
2598 3946 2779 4015 quibus
2820 3947 3090 4014 episcopus
3113 3963 3216 4000 non
3244 3947 3501 4017 loquitur,

1916 4037 2019 4074 non
2049 4021 2115 4072 sit
2135 4014 2462 4086 loquendum,
2494 4029 2586 4066 nec
2608 4014 3059 4086 excommunicatis
3107 4014 3499 4072 communicati;

1915 4091 2068 4152 dum;
2097 4097 2152 4140 ut
2188 4085 2286 4168 ipsi
2313 4085 2582 4168 liumitiettt
2609 4085 2926 4168 semetipsos,
2957 4095 3012 4138 ut
3037 4087 3280 4168 [estin-ius
3314 4104 3497 4140 recon-

1914 4162 2170 4213 cilientur.
2215 4160 2291 4211 Ex
2319 4156 2531 4222 epistol.
2567 4157 2736 4226 sancti
2787 4155 3078 4210 Clementis
3131 4158 3277 4210 utilia
3303 4196 3318 4220 ,
3356 4172 3497 4226 quae

1955 4229 2185 4283 raesenti
2218 4235 2459 4295 tempore
2486 4225 2727 4279 ecclesiis
2772 4229 3072 4282 necessaria
3101 4236 3245 4292 sunt,
3273 4225 3496 4282 honori-

1955 4245 2185 4283 raesenu
2218 4245 2459 4295 tempore
2486 4245 2727 4279 eccuesus
2772 4245 3072 4282 necessaria
3101 4245 3245 4292 sunt,
3273 4245 3496 4282 nonort-

1916 4245 2014 4354 iice
2045 4297 2365 4368 proferenda
2402 4304 2459 4349 et
2500 4309 2623 4368 cum
2645 4298 2955 4368 reverentia
2987 4298 3055 4351 ab
3098 4299 3348 4352 omnibus
3371 4298 3497 4352 ﬁde.

1914 4365 2061 4425 libus
2082 4384 2146 4422 ac
2196 4367 2488 4438 praecipue
2527 4365 2738 4420 clericis
2787 4369 3130 4437 recipienda;
3181 4385 3248 4424 ex
3302 4371 3498 4438 quibus

1916 4441 2059 4510 quod
2106 4437 2411 4510 specialiter
2443 4437 2640 4504 placuit
2698 4446 2916 4507 propter
2941 4437 3329 4494 venerandam
3358 4443 3500 4494 auti-

231 4509 520 4582 viduarnm
551 4525 614 4563 ac
667 4509 929 4578 virginum
958 4509 1286 4565 visitatiOnes
1328 4512 1811 4578 frequentationes-
1845 4525 1892 4582 ι)
1916 4509 2198 4582 quitatem,
2223 4509 2437 4563 statutis
2465 4510 3213 4582 praesentibusgroboremus,
3240 4510 3382 4582 quod
3408 4526 3498 4565 su-

229 4596 344 4646 que
391 4580 621 4648 fugiant;
669 4584 1019 4636 contubernia
1069 4591 1448 4636 extraneorum
1493 4582 1810 4636 feminarum

229 4651 541 4703 nullatenus
583 4660 858 4720 appetant.
893 4651 1276 4705 Castimouiam
1307 4667 1522 4720 quoque
1572 4653 1813 4706 inviolati

229 4722 481 4789 corporis
534 4732 791 4790 perpetuo
838 4737 1160 4777 conservare
1210 4723 1480 4785 studeant,
1527 4731 1619 4774 aut
1668 4730 1813 4776 certe

212 4793 395 4855 ﬂuuius
443 4793 766 4846 matrimonii
823 4793 1032 4846 vinculo
1087 4793 1447 4846 l'oederentur.
1499 4791 1813 4846 Senioribus

229 4877 456 4930 quoque
503 4861 738 4915 debitam
782 4864 1072 4932 praebeant
1130 4864 1524 4916 oboedientiam
1562 4901 1576 4926 ,
1636 4877 1809 4932 neque

226 4935 344 4988 ullo
410 4933 692 4986 iactantiae
745 4931 920 4986 studio
976 4935 1293 5002 semetipsos
1351 4935 1615 4985 attollant.
1682 4931 1812 4986 Pos-

224 5011 406 5056 tremo
455 5003 504 5054 in
562 5003 841 5063 doctrina,
904 5005 954 5056 iu
984 5003 1335 5064 lectionibus,
1395 5003 1629 5070 psalmis,
1666 5004 1811 5073 hym-

227 5076 341 5132 nis.
370 5073 595 5126 canticis
641 5073 986 5142 spiritalibus,
1033 5074 1291 5126 exercitio
1344 5074 1448 5140 iugi
1477 5073 1806 5127 incumbant.

227 5143 393 5197 Tales
423 5146 562 5195 enim
609 5158 728 5196 esse
765 5145 981 5207 delient,
1029 5145 1118 5210 qui
1155 5144 1173 5172 δ
1203 5144 1396 5196 divinis
1437 5145 1665 5196 cultibus
1689 5158 1808 5196 sese

225 5213 620 5281 mancipandos
649 5214 971 5276 studeant“;
1001 5213 1205 5266 scilicet
1250 5220 1306 5266 ut
1348 5214 1471 5266 dum
1503 5215 1521 5242 ⁶
1552 5214 1808 5267 scientiae

225 5301 449 5352 cperam
498 5284 661 5350 dant,
711 5285 986 5338 doctrinae
1036 5284 1259 5350 gratiam
1311 5285 1521 5353 populis
1576 5285 1805 5337 admini-

226 5365 420 5408 strcnt.

302 5425 424 5477 455.
466 5423 547 5497 De
593 5425 833 5495 neganda
861 5435 1215 5480 accusatorum
1245 5426 1450 5479 licentia
1471 5426 1802 5491 criminandi,

1917 4579 2245 4652 praseriptus
2275 4583 2462 4652 beatus
2494 4586 2694 4648 martyr
2737 4579 2805 4633 de
2848 4580 3140 4635 beatissimi
3173 4579 3316 4652 Petri
3361 4596 3494 4648 προσ

1915 4647 2037 4706 stoli
2080 4647 2468 4705 constitutione
2509 4647 2898 4703 commemorat
2933 4651 3119 4705 dicens
3153 4670 3165 4703 z
3205 4668 3223 4700 ι
3279 4647 3430 4716 Quae
3473 4652 3493 4680 "

1915 4733 2096 4776 autem
2149 4725 2312 4775 etiam
2342 4735 2409 4772 ex
2453 4721 2603 4772 vobis
2652 4720 2780 4788 ip'sis
2825 4719 3136 4789 intellegere
3163 4720 3369 4774 debetis
3395 4759 3410 4784 ,
3444 4722 3490 4776 si

1915 4809 2018 4861 qua
2049 4801 2191 4855 sunt,
2229 4805 2367 4859 quae
2397 4792 2766 4861 ipsepropter
2800 4791 3026 4861 insidias
3046 4790 3324 4845 hominum
3371 4805 3491 4845 ma-

1915 4859 2086 4915 lorum
2117 4877 2223 4915 non
2257 4868 2434 4929 potest
2453 4859 2754 4913 evidentius
2771 4869 2828 4914 et
2857 4859 3192 4915 inanifestius
3215 4862 3485 4928 proloqui.

1914 4931 2073 4985 Verbi
2120 4931 2308 5000 gratia,
2350 4929 2599 4984 inimicus
2647 4940 2730 4982 est
2756 4929 2917 4984 alicui
2970 4945 3066 5000 pro
3095 4930 3303 4986 actibus
3355 4933 3487 4987 suis.

1914 5001 2024 5055 Vos
2054 5003 2220 5056 nolite
2259 5009 2547 5069 expectare
2577 5008 2634 5052 ut
2671 5001 2783 5067 ipse
2834 5000 2983 5054 vobis
3013 5000 3156 5055 dicat
3185 5019 3198 5055 :
3232 5016 3352 5054 cum
3398 5001 3490 5056 illo

1913 5073 2082 5127 nolite
2107 5072 2262 5126 amici
2313 5085 2451 5124 esse.
2485 5069 2590 5123 Sed
2625 5075 2916 5138 prudenter
2945 5072 3234 5126 observare
3276 5072 3488 5126 debetis

1911 5153 1965 5197 et
1989 5143 2246 5196 voluntati
2275 5141 2410 5207 eius,
2436 5140 2683 5194 videlicet
2711 5140 2802 5207 qui
2831 5139 3090 5194 ecclesiae
3111 5155 3293 5196 Curam
3326 5145 3484 5209 gerit,

1910 5216 2113 5280 absque
2151 5215 2514 5266 commotione
2559 5209 2926 5264 obsecundare
2973 5219 3030 5265 et
3075 5212 3248 5267 averti
3278 5212 3345 5264 ab
3403 5227 3494 5280 eo,

1908 5287 1992 5337 cui
2024 5279 2196 5351 ipsum
2225 5283 2435 5336 sentitis
2463 5280 2776 5342 adversum,
2809 5279 2902 5332 sed
2933 5295 3032 5351 nec
3077 5280 3220 5351 loqui
3264 5281 3346 5334 his
3374 5284 3492 5350 qui-
3515 5338 3538 5345 _

1908 5355 2006 5408 bus
2027 5350 2140 5421 ipse
2184 5368 2287 5406 non
2320 5351 2583 5419 loquitur:
2618 5358 2676 5403 ut
2720 5350 3082 5422 unusquisque
3104 5350 3202 5422 qui
3245 5353 3296 5405 in
3326 5354 3487 5422 culpa

1906 5420 2132 5479 estdum
2173 5424 2321 5494 cupit
2367 5421 2604 5476 omnium
2637 5427 2936 5474 vestrorum
2967 5421 2986 5450 ’
3016 5420 3115 5476 sibi
3143 5423 3370 5492 gratiam
3405 5420 3494 5476 re-

1461 5522 1849 5578 VARIANTES
1885 5519 2291 5578 LECTIONES.

303 5629 313 5646 ι
357 5615 751 5672 oblectamenta
781 5616 897 5671 Bal.

229 5689 249 5718 ³
273 5690 493 5741 student
520 5687 584 5742 (ὅ.
688 5690 707 5718 ⁸
745 5688 814 5742 do
851 5686 917 5742 G.

229 5769 400 5812 stram
447 5757 566 5813 Bal.

1013 5690 1032 5719 "
1064 5689 1315 5743 clericum
1345 5692 1386 5742 si
1421 5689 1453 5740 i.
1486 5685 1552 5741 G.

999 5619 1019 5648 ¹
1051 5617 1191 5670 deest
1229 5618 1283 5671 in
1325 5617 1481 5670 Conc.
1502 5616 1752 5688 alogum.
1778 5616 1903 5672 815.

1653 5689 1673 5718 ⁸
1711 5688 1926 5757 quidam
1969 5686 2090 5742 Bal.

1982 5617 2023 5660 -δ
2061 5615 2324 5672 infrenata
2375 5613 2495 5668 Bal.
2597 5612 2620 5644 δ
2649 5613 2685 5668 i.
2717 5612 2781 5669 Τ.
2813 5627 2864 5670 e.
2893 5628 2946 5671 e.
2968 5613 3024 5671 d.
3053 5628 3108 5686 q.
3147 5614 3334 5686 desunt
3370 5613 3492 5670 Bal.

2201 5687 2220 5716 '
2251 5687 2334 5740 vel
2367 5695 2666 5741 vestrarum
2696 5701 2834 5741 corr.
2860 5685 3161 5742 uestrorum
3184 5685 3251 5740 G.
3285 5687 3366 5739 vel
3397 5701 3495 5737 ve.
