3974 6340
483 293 585 355 865

1372 292 1431 349 Β.
1472 290 1726 350 (λιιιοιι
1760 291 1977 351 MAGNI
2013 291 2164 351 OPP.
2203 293 2387 352 PARS
2421 294 2464 352 l.
2508 294 2757 354 SECTlO
2791 295 2832 352 1.

3703 283 3734 293 ν

487 417 684 486 .ionem
712 425 967 469 manuum
993 410 1250 486 Spiritum
1288 417 1537 486 sanctum
1558 411 1790 475 tradant,
1823 414 2066 486 exceptis
2096 415 2141 476 Α
2169 412 2466 486 grnentibus
2495 415 2709 470 minime
2737 414 2971 486 agendis.
3009 412 3160 486 Illud
3213 416 3398 483 etiam,
3433 428 3794 486 quamquam

483 485 706 543 infirmis
735 495 789 540 et
818 483 1462 556 mortegpericlitantibus.
1485 483 1638 538 Sicut
1658 492 1834 538 autem
1859 483 2067 541 duobus

482 557 838 628 temporibus,
867 555 1066 625 pascha
1092 556 1344 628 videlicet
1372 564 1426 610 et
1469 562 1841 628 pentecosten,
1877 557 2066 628 bapti-

481 625 676 690 smum,
709 627 779 681 ita
806 628 967 682 etiam
992 625 1333 680 traditionem
1363 626 1533 680 sancti
1561 625 1793 696 Spiritus
1822 640 1851 678 a
1875 625 2068 683 ieiunis

485 698 824 770 pontificibus
853 697 1106 770 convenit
1127 697 1438 770 caelebrare
1471 699 1509 751 ⁸.

553 770 636 840 ’1.Δ
642 767 728 840 _De
755 767 1045 840 ρνεεὺὶιετὶς
1072 767 1343 823 indiscrete
1371 785 1461 838 per
1505 767 1704 840 diuersa
1732 784 1836 822 non
1863 767 2070 824 mitten-

481 842 580 895 dis.
614 837 684 895 Ut
714 837 1018 908 presbiteri,
1061 840 1199 894 sicut
1243 837 1502 894 hactenus
1547 839 1747 894 factum
1796 847 1900 904 est,
1932 841 2070 894 indi-

477 920 654 967 screte
684 926 782 981 per
809 910 1023 966 diversa
1063 926 1169 965 non
1225 911 1507 965 mittantur
1549 925 1648 965 nec
1691 911 1758 964 ab
1800 910 2070 981 episcopis

480 998 582 1039 nec
609 979 698 1038 abi
725 981 843 1036 aliis
889 982 1142 1051 praelatis
1195 997 1297 1038 nec
1343 983 1504 1037 etiam
1534 997 1562 1034 a
1595 981 1776 1040 laicis;
1809 997 1879 1035 ne
1927 979 2068 1038 forte

479 1065 722 1126 propter,
751 1068 936 1126 eorum
970 1052 1268 1126 absentiam
1297 1092 1312 1118 ,
1369 1061 1425 1108 et
1479 1053 1778 1126 animarum
1828 1052 2066 1126 pericula

478 1123 535 1180 et
566 1123 596 1156 ί
613 1125 962 1196 ecclesiarum
988 1164 1004 1189 ,
1045 1124 1098 1178 in
1147 1126 1343 1194 quibus
1392 1123 1670 1180 constituti
1700 1131 1844 1186 sunt,
1880 1124 2066 1196 negle-

477 1194 898 1267 ganturgol‘licia.

550 1266 605 1323 8.
651 1265 720 1321 Ut
754 1266 1041 1337 pres-"ﬂeri,
1075 1267 1160 1337 qui
1205 1266 1422 1336 gradum
1463 1266 1751 1332 amiserin‘,
1785 1265 2070 1321 canonicae

477 1336 824 1411 poenitentiae
851 1336 1268 1411 subdantur._l)e
1311 1338 1625 1411 presbiteris
1649 1337 1872 1411 gradum
1905 1337 2068 1391 amit-

477 1408 718 1465 tentibus
745 1410 920 1463 visum
951 1416 1034 1463 est
1063 1408 1244 1479 nobis,
1279 1417 1336 1463 nt
1386 1408 1752 1479 unusquisque
1784 1408 2069 1478 episcopo-

479 1498 598 1535 rum
628 1481 794 1535 vitam
846 1489 901 1534 et
948 1478 1412 1535 conversationem
1461 1478 1781 1550 merumque
1818 1480 2071 1534 emenda-

482 1553 684 1607 tionem
715 1566 923 1616 eornm,
955 1553 1044 1619 qni
1071 1553 1291 1620 gradum
1323 1553 1609 1614 amittunt,
1633 1559 1741 1605 tam
1773 1550 1886 1620 ipse
1907 1563 2069 1619 quam

483 1639 582 1694 per
607 1622 882 1694 ministros
920 1637 1049 1676 suos
1087 1623 1319 1694 noverit,
1344 1638 1546 1692 eosque
1576 1621 1942 1694 poenitentiae
1982 1636 2073 1694 ca-

483 1691 711 1749 nonicae
737 1693 968 1747 subdere
999 1707 1108 1747 non
1137 1693 1408 1763 neglegat,
1439 1691 1594 1748 iuxta
1627 1691 1771 1763 quod
1800 1693 1851 1748 in
1892 1693 2074 1748 conci-

481 1765 555 1820 lio
580 1763 915 1820 Caesariensi
940 1763 1094 1818 titulo
1122 1761 1295 1834 primo
1317 1761 1578 1834 scribitur
1606 1781 1619 1817 :
1652 1781 1670 1815 ι
1705 1761 1997 1834 Ρτθεὺίιριή,
2027 1764 2072 1821 si

486 1851 709 1891 uxorem
740 1834 1026 1904 acceperit,
1055 1836 1122 1889 ab
1153 1833 1342 1891 ordine
1370 1837 1700 1905 deponatur;
1731 1834 1776 1888 si
1807 1849 1937 1889 vero
1964 1833 2076 1889 for-

485 1908 696 1962 nicatus
724 1906 885 1961 fuerit
926 1915 1018 1960 aut
1047 1906 1371 1961 adulterium
1403 1905 1823 1977 perpetraverit,
1850 1905 2080 1977 amplius

482 1978 606 2049 pelli
633 1977 791 2033 debet
810 1985 863 2032 et
892 1977 992 2049 sub
1022 1977 1351 2049 poenitentia
1377 1976 1566 2049 redigi.
1599 1995 1618 2029 ι
1659 1976 1906 2030 Nonnulli
1932 1977 2076 2032 enim

483 2047 686 2104 amisso
709 2048 876 2119 gradu
904 2047 1039 2102 adeo
1072 2047 1164 2102 filii
1203 2049 1362 2104 Belial
1393 2047 1723 2109 efﬁciuntur.
1756 2056 1815 2102 ut
1843 2062 1944 2117 nec
1972 2055 2077 2119 pu-

483 2121 660 2184 blicis,
691 2121 814 2189 quia
847 2118 925 2173 fas
964 2133 1072 2173 non
1114 2129 1215 2181 est,
1247 2135 1348 2176 nec
1391 2120 1666 2175 canonicis
1694 2126 1915 2190 propter
1943 2118 2072 2187 quo-

483 2191 710 2246 rundam
739 2191 1119 2262 episcoporum
1147 2192 1430 2259 incuriam,
1465 2190 1670 2258 legibus
1699 2189 2080 2258 constringan-

487 2271 593 2317 llll‘.

553 2334 610 2389 9.
655 2332 724 2388 Ut
751 2332 923 2388 nullus
961 2332 1360 2404 presbiterorum
1391 2334 1600 2388 missam
1636 2332 1776 2388 solus
1821 2331 2080 2388 celebrare

481 2415 804 2474 praesumat.
834 2405 1014 2460 Visum
1062 2405 1222 2460 etiam
1268 2406 1422 2460 nobis
1455 2405 1552 2460 fuit
1596 2404 1723 2458 illud
1779 2405 1798 2434 ³
1829 2404 2079 2460 inhiben-

484 2477 636 2540 dum,
666 2488 723 2530 ιιι
744 2475 924 2532 nnlhis
950 2476 1372 2544 presbitcrornm
1397 2477 1544 2531 solus
1566 2474 1779 2530 missam
1805 2475 2082 2531 celebrare

486 2555 829 2617 praesumat;
860 2548 986 2615 quia
1027 2547 1098 2600 ita
1149 2561 1249 2601 nec
1297 2548 1459 2601 verba
1516 2546 1728 2600 Domini
1773 2546 2079 2614 salvatoris,

487 2618 681 2686 quibus
712 2619 964 2683 mysteria
995 2619 1239 2684 corporis
1265 2629 1320 2671 et
1366 2617 1642 2685 sanguinis
1682 2618 1764 2671 sui
1807 2617 2083 2686 discipulis

485 2703 598 2743 su:s
627 2687 948 2742 celebranda
981 2687 1342 2750 eontradidit,
1377 2703 1476 2743 nec
1509 2689 1742 2758 apostoli
1785 2687 1938 2742 Pauli
1981 2687 2072 2741 do-

484 2766 738 2814 cumenta
766 2757 1064 2820 declarant,
1094 2773 1195 2813 nec
1223 2759 1384 2814 etiam
1410 2760 1460 2813 in
1489 2757 1620 2828 ipsis
1651 2759 1786 2813 actis
1806 2759 2082 2828 apostolo-

489 2845 628 2892 rum,
675 2831 718 2883 si
752 2828 1074 2884 eiiucleatim
1108 2830 1386 2898 legantur,
1441 2832 1511 2884 ita
1562 2828 1677 2884 fieri
1722 2829 1922 2885 debere
1970 2830 2084 2886 ullo

486 2900 646 2954 modo
677 2899 969 2955 invenitur.
1003 2900 1159 2957 Unde
1187 2902 1611 2967 conveniendus,
1652 2901 1818 2955 immo
1847 2901 2085 2956 interro-

483 2969 689 3039 gandus
719 2972 877 3028 nobis
915 2971 1125 3027 videtur
1148 2972 1452 3027 huiusmodi
1484 2973 1732 3042 corporis
1761 2979 1817 3027 et
1860 2973 2084 3042 sangui-

485 3043 566 3097 nis
600 3043 808 3098 Domiui
840 3043 1112 3098 solitarius
1140 3051 1508 3106 censecrator,
1540 3041 1734 3113 quibus
1761 3043 1888 3099 dicit
1920 3061 1932 3097 :
1965 3041 2080 3097 Do-

481 3115 652 3186 minus
683 3116 974 3182 uobiscum,
1007 3123 1063 3169 et
1092 3130 1120 3168 a
1167 3129 1276 3186 quo
1321 3115 1394 3169 illi
1441 3117 1799 3186 respondetur
1834 3135 1846 3167 :
1874 3124 1924 3186 et
1965 3129 2079 3186 cum

2171 485 2336 555 Saepe
2380 486 2714 542 admonitum
2755 485 2842 550 sit,
2892 485 3049 542 nobis
3075 487 3095 517 ⁸
3139 486 3335 542 iterum
3383 485 3790 551 ineulcandum

2169 555 2491 627 pupillisque
2516 557 2939 612 denuntiandum
2962 573 3304 628 summopere
3339 559 3529 614 visum
3563 558 3696 622 fuit,
3739 569 3791 613 ut

2166 629 2456 683 missarum
2487 628 2883 684 celebrationes
2905 629 2958 682 in
2988 627 3121 684 locis
3144 627 3659 697 incongruentibus
3681 628 3790 684 ﬁeri

2171 698 2391 753 omnino
2421 713 2528 753 non
2558 699 2822 764 debeant;
2854 706 2907 754 et
2932 714 3153 754 necesse
3178 711 3281 766 est,
3306 710 3363 754 ut
3396 700 3789 769 unusquisque

2171 771 2552 839 episcoporum
2605 770 2977 826 huiuscemodi
3028 771 3371 826 temerariam
3419 772 3790 826 consuetudi-

2171 856 2293 895 nern
2326 856 2356 894 a
2399 841 2686 912 parrochia
2734 857 2828 896 sua
2873 841 3086 912 penitus
3129 850 3400 897 amoveat.
3453 839 3542 894 Et
3597 842 3789 912 siquis

2169 911 2596 982 presbiterorum
2648 913 2844 967 abhinc
2877 911 2904 982 l
2927 922 3155 982 excepto
3204 915 3425 982 quando
3480 913 3542 965 in
3601 911 3788 968 itinere

2175 983 2412 1050 pergitur
2441 994 2497 1036 et
2527 983 2677 1038 locus
2709 982 2961 1038 basilicae
2989 983 3174 1050 procul
3218 992 3301 1038 est
3325 991 3381 1037 et
3405 983 3464 1037 id
3500 982 3562 1035 in
3611 982 3789 1037 altari-

2170 1052 2272 1108 bus
2303 1054 2370 1108 ab
2400 1054 2655 1124 episcopo
2701 1053 3032 1108 consecratis
3064 1053 3177 1108 fieri
3209 1054 3521 1109 necessitas
3554 1055 3788 1123 compel-

2171 1124 2256 1192 lit,
2290 1140 2356 1178 ne
2405 1125 2638 1195 populus
2683 1125 2775 1179 Dei
2827 1125 2943 1180 sine
2991 1124 3270 1179 missarum
3320 1124 3714 1179 celebratione
3741 1136 3788 1180 et

2172 1197 2418 1264 corporis
2447 1205 2503 1251 et
2530 1196 2806 1264 sanguinis
2833 1196 3086 1250 dominici
3137 1195 3499 1265 perceptione
3545 1199 3786 1261 manest)

2171 1266 2456 1321 missarum
2486 1267 2881 1322 celebrationes
2923 1267 2974 1321 in
3015 1267 3325 1321 huiusmodi
3372 1265 3614 1320 inlicitis
3664 1265 3783 1320 locis

2172 1347 2297 1409 post
2321 1347 2399 1392 tot
2424 1347 2709 1408 tantasque
2731 1338 3125 1409 prohibitiones
3141 1338 3319 1393 facere
3334 1337 3780 1409 adtemptayerit,

2173 1405 2390 1476 dignum
2440 1417 2523 1464 est
2555 1405 2836 1477 ut'gra'dus
2863 1409 2942 1463 sui
2977 1409 3273 1479 periculum
3301 1405 3582 1463 incurrat.
3612 1405 3782 1462 Satius

2175 1479 2337 1548 igitur
2373 1487 2456 1534 est
2499 1480 2716 1534 missam
2767 1495 2871 1533 non
2923 1479 3130 1543 audire,
3171 1495 3329 1550 quam
3373 1494 3504 1533 eam
3542 1479 3636 1532 ubi
3688 1494 3779 1533 non

2175 1551 2301 1605 licet
2329 1565 2430 1606 nec
2455 1561 2672 1615 Oportet
2693 1551 2971 1605 celebrare
3002 1559 3096 1604 aut
3127 1551 3334 1606 audire.

2247 1620 2334 1675 15.
2371 1622 2521 1686 Quid
2544 1621 2810 1690 presbiteri
2849 1621 3157 1676 inconsultis
3186 1621 3443 1690 epist-onis
3490 1622 3684 1676 viduas
3707 1637 3777 1673 te-

2177 1693 2288 1746 lare
2316 1709 2419 1747 non
2467 1691 2704 1748 debeant.
2738 1693 2874 1760 Quia
2904 1706 3034 1761 ergo
3054 1730 3070 1755 ,
3102 1691 3246 1760 quod
3285 1707 3455 1761 saepe
3487 1693 3546 1744 in
3592 1693 3776 1747 nostris

2106 1789 2152 1848 Β
2181 1764 2422 1848 concidis
2451 1765 2778 1848 prohibitum
2808 1772 2910 1848 est,
2939 1763 3128 1848 viduas
3153 1762 3481 1848 inconsultis
3517 1764 3775 1844 episcopis

2182 1835 2352 1888 velari
2379 1850 2486 1891 non
2519 1835 2740 1902 debere,
2771 1844 2826 1890 et
2862 1833 3087 1889 eandem
3115 1834 3570 1888 constitutionem
3606 1849 3638 1887 a
3666 1834 3773 1902 qui-

2181 1906 2404 1960 busdam
2436 1906 2798 1976 praevaricari
2846 1921 2988 1960 nunc
3039 1905 3771 1976 cognovimus.gprorsusne

2179 1975 2616 2047 deinceps’fieret
2643 1977 3056 2041 interdiximus;
3090 1984 3147 2028 ut
3175 1975 3218 2029 si
3261 1975 3534 2046 quispiam
3580 1975 3768 2046 presbi-

2181 2055 2419 2103 terorum
2467 2048 2721 2117 deinceps
2764 2047 2924 2102 huius
2952 2047 3356 2102 constitutionis
3383 2048 3769 2101 contumaciter

2179 2125 2550 2184 t-ansgressor
2575 2119 2836 2183 extiterit,
2867 2117 3075 2173 scilicet
3103 2126 3161 2170 ut
3184 2117 3416 2184 aliquam
3446 2119 3672 2172 viduam
3705 2120 3771 2171 in-

2179 2190 2428 2244 consulto
2456 2191 2714 2262 episcopo
2742 2193 2926 2245 velare
2951 2197 3283 2260 praesumat,
3304 2186 3502 2257 gradus
3521 2190 3604 2243 sui
3638 2189 3771 2258 peri-

2180 2262 2361 2316 culum
2395 2263 2656 2316 incurrat.

2251 2333 2337 2386 14.
2382 2331 2462 2388 De
2489 2335 2676 2403 puellis
2699 2331 2978 2404 virginibus
3008 2347 3040 2404 α
3070 2330 3365 2403 presbiteris
3385 2348 3486 2387 non
3515 2333 3768 2389 eelandis.

2131 2417 2140 2426 '
2181 2403 2442 2475 Similiter
2472 2407 2619 2458 etde
2651 2403 2843 2475 puellis
2888 2403 3184 2475 virginibus
3227 2418 3282 2475 a7
3307 2405 3607 2472 presbiteris
3657 2419 3764 2458 non

2181 2474 2425 2530 velandis
2480 2473 2830 2538 inhibuimus.
2890 2473 2944 2528 in
2995 2489 3101 2544 qua
3161 2489 3220 2529 re
3271 2474 3512 2529 hactenus
3556 2475 3760 2527 multos

2181 2547 2604 2615 presbiterorum
2646 2547 2836 2615 partim
2861 2545 3186 2614 ignorantia,
3212 2544 3383 2615 partim
3423 2545 3743 2608 temeritate,

2183 2615 2476 2687 deliquisse
2505 2617 3019 2687 depraehendimus.

2256 2685 2342 2742 15.
2387 2686 2541 2753 Quod
2577 2685 2831 2757 quaedam
2863 2689 3090 2759 feminae
3117 2687 3215 2742 sibi
3260 2688 3407 2741 velant
3433 2687 3747 2759 absqueas-

2183 2774 2335 2813 sensu
2361 2759 2688 2814 sacerdotum
2714 2758 3008 2830 imponant.
3043 2759 3490 2830 Deprehendimns
3507 2767 3566 2830 et
3598 2758 3760 2810 aliam

2185 2831 2605 2900 neglegentimn,
2634 2847 2700 2884 eo
2730 2828 2874 2901 quod
2909 2832 3178 2901 quaedam
3225 2828 3450 2883 feminae
3475 2829 3592 2883 sine
3639 2843 3763 2881 cou-

2182 2899 2360 2955 sensu
2403 2902 2742 2956 sacerdotum
2796 2899 2973 2956 velum
3031 2901 3132 2956 sibi
3189 2900 3404 2956 incaute
3446 2901 3707 2971 inponant
3748 2914 3764 2952 :

2182 2972 2325 3040 quod
2353 2971 2601 3026 similiter
2622 2988 2690 3027 ne
2717 2972 2940 3026 ulterius
2967 2971 3119 3027 fieret
3147 2972 3488 3027 inhibuimus.

2257 3041 2344 3096 16.
2383 3041 2464 3097 De
2492 3044 2770 3097 abbatissis
2818 3051 2866 3097 et
2902 3042 3409 3108 sanctimonialibus,
3437 3059 3572 3110 quae
3599 3050 3763 3098 contra

2185 3129 2408 3168 canones
2435 3114 2599 3168 viduis
2627 3125 2673 3167 et
2697 3114 2880 3184 puellis
2909 3115 3073 3168 velum
3113 3118 3385 3182 inponunt.
3416 3113 3762 3170 Nihilominus

482 3165 507 3238 ὲ
540 3165 664 3238 ἶνὶιιι
690 3165 1060 3256 1...;‘tgj'sri.’
1086 3165 1282 3256 {puli—us
1321 3165 2080 3256 ξιὶρριἰῶἷιὶιὲἶ’ῧοιιιῖὴοιὴξ
2109 3165 2153 3228 C
2187 3165 3249 3256 ususiniustas.‘isag'nna.'..a
3293 3165 3760 3240 meai’.‘.'.s;'s.us

485 3263 568 3309 ter
606 3263 810 3322 cetera,
859 3254 1143 3322 Memento,
1175 3254 1418 3324 Domine,
1437 3254 1472 3288 ’³
1501 3268 1546 3312 et
1578 3257 1807 3313 omnium
1857 3257 2078 3309 circum-

481 3328 751 3386 stantium.
778 3343 899 3381 cum
925 3327 1102 3382 nullus
1127 3327 1456 3394 circumstet,
1480 3328 1646 3384 dicit?
1674 3328 1824 3394 Quae
1847 3341 2080 3382 consue-

485 3399 613 3452 tudo
661 3398 783 3466 quia
829 3398 1160 3467 apostolicae
1214 3408 1269 3452 et
1317 3398 1719 3454 ecclesiasticae
1767 3399 2078 3452 auctoritati

481 3468 782 3535 refragatur
829 3479 884 3522 et
914 3477 1065 3523 tanto
1108 3471 1368 3541 mysterio
1395 3470 1664 3538 quandam
1693 3469 2081 3541 dehonoratio-

483 3553 608 3592 nem
643 3541 882 3606 irrogare
910 3541 1143 3604 videtur,
1171 3540 1443 3595 omnibus
1490 3540 1647 3594 nobis
1690 3540 1741 3593 iu
1789 3553 2078 3596 commune

484 3609 658 3680 visum
690 3617 790 3680 est.
825 3617 882 3662 nt
915 3610 1168 3680 deinceps
1193 3610 1561 3666 huiuscemodi
1593 3627 1721 3667 usus
1747 3611 2074 3665 inhibeatur.

558 3677 646 3732 10.
691 3677 748 3752 ιζ
744 3689 759 3731 1
787 3680 843 3733 in
872 3677 1177 3752 unaquaque
1198 3682 1414 3736 ecclesia
1437 3685 1675 3751 proprius
1704 3681 1953 3752 presbiter
1979 3681 2076 3735 ha-

484 3749 684 3805 beatur.
717 3749 892 3820 Saepe
924 3749 1156 3821 namque
1193 3753 1246 3806 in
1286 3754 1407 3807 aliis
1438 3749 1712 3808 conciliis
1739 3763 1796 3807 et
1850 3768 1992 3805 nunc
2023 3752 2076 3806 in

483 3821 688 3881 nostris
717 3824 1075 3878 conventibus
1110 3824 1460 3878 constitutum
1489 3833 1564 3878 est
1589 3864 1604 3889 ,
1635 3832 1693 3877 ut
1722 3836 2079 3892 unaquaeque

483 3893 736 3966 ecclesia.
771 3894 816 3947 si
849 3895 1076 3951 facultas
1098 3895 1357 3964 suppetit,
1389 3894 1667 3966 proprium
1700 3894 1896 3947 habeat
1926 3909 2077 3966 pres-

481 3964 734 4027 hiterum,
781 3973 836 4019 et
881 3966 1248 4034 unusquisque
1287 3964 1554 4036 presbiter
1614 3981 1718 4020 una
1765 3973 1972 4018 tantum
2006 3965 2078 4021 sit

483 4043 770 4089 contentus
799 4037 1052 4091 ecclesia.
1135 4071 1138 4074 -

557 4107 642 4158 Η.
681 4105 749 4160 Ut
787 4107 840 4160 iu
872 4108 955 4160 die
985 4108 1245 4162 dominica
1274 4110 1450 4163 rurale
1487 4125 1614 4179 Opus
1646 4124 1745 4163 nan
1789 4106 1898 4179 ﬁat.
1932 4103 2080 4179 Inter

482 4184 664 4231 cetera
697 4191 825 4233 vero
857 4180 1241 4234 admonitionis
1289 4175 1527 4235 nostrae
1551 4180 1730 4234 ofﬁcia
1767 4178 1898 4236 satis
1947 4175 2077 4230 illud

483 4248 848 4301 necessarium
881 4249 1051 4302 visum
1083 4258 1185 4312 est,
1212 4257 1271 4304 ut
1303 4253 1517 4320 populis
1548 4251 1796 4304 fidelibus
1823 4247 2080 4302 terribili-

487 4328 568 4370 ter
610 4320 978 4385 denuntietur,
1011 4329 1069 4374 ut
1111 4320 1254 4374 diem
1283 4320 1632 4386 dominicum,
1664 4321 1717 4374 in
1749 4329 1870 4388 quo‘
1888 4326 2081 4372 auctor

485 4389 627 4441 vitae
660 4389 679 4418 ⁵
710 4391 1004 4444 resurrexit
1030 4406 1059 4444 a
1109 4394 1365 4458 mortuis,
1409 4390 1800 4447 honorabiliter
1827 4397 1882 4444 et
1912 4403 2078 4443 vene-

487 4459 731 4533 rabiliter
759 4461 960 4533 colant.
989 4461 1121 4515 Nam
1163 4464 1206 4516 si
1240 4464 1430 4533 pagani
1461 4467 1532 4517 ob
1558 4463 1874 4533 memoriam
1894 4469 2078 4533 _et_ref

2183 3255 2446 3310 stultitiae
2474 3259 2689 3325 plenum
2720 3264 2777 3309 et
2805 3255 3202 3312 ecclesiasticae
3229 3258 3542 3310 auctoritati
3567 3266 3760 3312 contra-

2181 3327 2344 3390 rium,
2378 3343 2444 3380 eo
2467 3327 2614 3397 quod
2647 3326 2897 3381 videlicet
2935 3327 3228 3382 nonnullae
3253 3327 3573 3383 abbatissae
3618 3327 3754 3397 etali-

2180 3411 2319 3466 quae
2347 3396 2944 3467 exrsanctiinonialibus
2982 3397 3156 3452 viduis
3183 3407 3237 3453 et
3266 3397 3461 3467 puellis
3485 3396 3746 3466 virginibus

2180 3476 2366 3522 contra
2415 3466 2496 3523 fas
2540 3469 2716 3523 velum
2771 3470 3032 3539 inponere
3080 3466 3447 3537 praesumant,
3504 3480 3568 3524 et
3596 3472 3615 3500 ⁷
3664 3470 3756 3522 ideo

2181 3539 2474 3599 nonnullae
2505 3540 2684 3594 taliter
2705 3542 2920 3594 velatae
2950 3547 3142 3610 putant
3181 3555 3240 3594 se
3269 3540 3496 3595 liberius
3527 3541 3644 3594 suis
3667 3553 3761 3593 car-

2181 3610 2394 3664 nalibus
2424 3610 2704 3666 desideriis
2759 3626 2917 3680 posse
2961 3625 3155 3666 vacare
3203 3621 3432 3666 et‘suas
3477 3613 3764 3665 voluntates

2179 3681 2421 3749 explere.
2456 3681 2797 3751 QuaprOpter
2826 3683 3136 3745 statuimus,
3185 3692 3246 3736 ut
3287 3683 3330 3735 si
3368 3690 3462 3736 aut
3512 3683 3766 3735 abbatissa

2181 3760 2276 3823 aut
2302 3752 2577 3822 quaelibet
2617 3753 3042 3807 sanctimonialis
3073 3763 3195 3823 post
3223 3755 3362 3808 hanc
3400 3752 3767 3807 dil'linitionen

2181 3822 2235 3876 in
2270 3832 2474 3894 tantam
2523 3823 2796 3877 audatiam
2834 3822 3161 3894 proruperit,
3207 3832 3265 3878 ut
3309 3833 3404 3876 aut
3448 3825 3670 3877 viduam
3693 3831 3770 3876 aut

2181 3893 2412 3962 puellam
2431 3895 2704 3964 ivirginem
2734 3893 2915 3950 velare
2936 3907 3266 3964 praesumat,
3290 3895 3488 3949 iudicio
3511 3895 3770 3949 canonico

2583 3982 2898 4020 ςιειοιιοῐιθιιι
2927 3982 3207 4020 διιοιιτιιιιν.

2179 3978 2352 4087 usque
2380 3963 2445 4017 ad
2475 3965 2899 4048 satisfactionem
2927 3963 3207 4020 subdatur.
3685 4040 3696 4050 .

2288 4034 2342 4088 7.
2385 4036 2462 4089 De
2490 4038 2697 4106 feminis
2742 4036 3016 4101 nobilibus,
3055 4054 3186 4107 quae
3215 4046 3329 4102 post
3372 4043 3594 4091 mortem
3646 4053 3774 4092 eire-

2179 4122 2295 4160 r-um
2322 4122 2531 4160 suorum
2557 4109 2727 4175 capita
2756 4111 2925 4163 velant
2963 4110 3160 4163 statim.
3197 4108 3270 4162 De
3306 4109 3582 4161 nobilibus
3615 4108 3771 4161 femi-

2181 4178 2286 4243 nis,
2317 4191 2456 4245 qnae
2483 4177 2693 4230 amissis
2719 4179 2842 4232 viris
2870 4187 3092 4247 repente
3119 4179 3364 4233 velantur
3382 4188 3437 4232 et
3464 4181 3517 4231 in
3547 4180 3774 4247 propriis

2180 4247 2431 4320 domibus
2481 4248 2724 4320 diversas
2769 4249 3121 4320 necessitates
3148 4261 3486 4320 opponentes
3537 4250 3775 4304 residere

2179 4318 2538 4384 delectantur,
2587 4318 2657 4373 de
2702 4320 2900 4389 quibus
2934 4319 2984 4373 in
3034 4319 3155 4375 aliis
3193 4318 3554 4374 censentibus
3593 4334 3775 4375 coram

2181 4390 2475 4443 serenitate
2505 4398 2682 4444 vestra
2714 4389 3024 4445 iamdudum
3059 4393 3370 4446 ventilatum
3407 4401 3466 4446 et
3491 4390 3772 4445 definitum

2183 4467 2288 4530 est,
2333 4460 2522 4514 maiori
2571 4461 2868 4530 solertique
2913 4460 3094 4516 studio
3139 4463 3506 4516 admonendas
3555 4477 3684 4517 esse
3730 4470 3780 4516 et

483 4530 783 4583 verentiam
832 4531 1056 4604 deorum
1111 4517 1337 4588 suor'mu
1377 4534 1494 4589 dies
1539 4517 1756 4599 colere:
1793 4541 1849 4586 et
1893 4530 2072 4584 Iudaei
2103 4517 2638 4604 Dinstruendasiab
2685 4517 2956 4604 episcopis
2984 4534 3310 4604 statuimus,
3347 4535 3618 4604 quatinus
3649 4547 3778 4588 suae

485 4614 636 4654 more
682 4602 882 4656 carnali
928 4605 1213 4659 sabbatum
1275 4604 1564 4659 carnaliter
1622 4604 1914 4657 (ιιιει-τνειιθ
1963 4610 2076 4655 sat-

481 4681 688 4738 agunt:
721 4681 926 4740 quanto
956 4676 1125 4744 magis
1163 4675 1487 4729 ebristianae
1534 4674 1811 4742 religionis
1861 4672 2077 4744 devotio

481 4746 551 4795 ob
579 4746 892 4799 memoriam
918 4742 1222 4800 dominicae
1245 4747 1659 4801 resurrectionis
1680 4744 1912 4799 eundem
1934 4742 2077 4796 diem

483 4815 865 4868 venerabiliter
887 4825 1051 4884 atque
1077 4816 1466 4872 honorabiliter
1486 4817 1668 4871 colere
1695 4818 1857 4870 debet
1881 4815 1893 4867 !
1924 4812 2079 4867 Multi

483 4898 721 4957 namque
739 4895 1047 4940 nostrorum
1076 4889 1214 4954 visu,
1246 4888 1396 4941 multi
1426 4887 1588 4942 etiam
1629 4884 1966 4957 quorundam
1994 4898 2080 4957 re-

481 4954 590 5009 latu
638 4956 957 5026 didicimus,
986 4959 1248 5026 quosdam
1280 4959 1330 5012 in
1378 4959 1484 5014 hoc
1533 4959 1622 5014 die
1650 4954 1828 5026 'opera
1878 4955 2079 5010 ruralia

479 5035 796 5082 exercentes
846 5025 1067 5083 fulmine
1121 5030 1500 5096 interemptos,
1552 5025 1812 5096 quosdam
1858 5034 2073 5080 artuum

479 5099 851 5170 contractione
895 5100 1174 5164 multatos,
1205 5101 1468 5170 quosdam
1517 5100 1680 5154 etiam
1727 5098 1920 5152 visibili
1953 5099 2076 5170 igne

482 5167 797 5238 absumptos
841 5169 1021 5224 subito
1073 5171 1122 5224 in
1171 5167 1408 5226 cinerem
1451 5170 1724 5226 resolutos
1771 5169 2075 5238 poenaliter

482 5240 820 5311 occubuisse.
852 5240 1082 5296 Proinde
1131 5257 1354 5298 necesse
1382 5249 1485 5305 est,
1535 5251 1592 5296 ut
1621 5242 1850 5311 primum
1891 5253 2075 5311 sacerg

481 5310 658 5384 dotes,
701 5324 855 5379 reges
883 5321 937 5366 et
967 5313 1236 5384 principes
1263 5315 1552 5384 cunctique
1595 5308 1801 5375 li’deles,
1825 5309 1946 5384 huic
1971 5308 2077 5384 diei

481 5380 726 5455 debitam
765 5380 1197 5455 observationem
1228 5393 1392 5455 atque
1430 5380 1789 5441 reverentiam
1834 5381 2075 5435 devotis-

479 5451 616 5506 sime
645 5454 956 5508 exhibeant.

557 5521 644 5579 12.
699 5523 776 5579 De
814 5525 1091 5581 missarum
1145 5526 1570 5584 celebrationibus
1612 5527 1668 5582 in
1720 5525 1848 5583 locis
1887 5523 2071 5578 incon-

2178 4601 2338 4674 saluti
2369 4603 2675 4674 consulant,
2707 4601 2798 4658 “ne
2826 4604 2846 4634 ⁸
2877 4602 2957 4657 sic
2981 4602 3267 4659 indiscrete
3307 4602 3538 4658 vivendo
3570 4614 3624 4658 et
3653 4618 3780 4674 pro-

2176 4673 2293 4743 pria
2323 4671 2594 4741 noxiaqne
2625 4675 2873 4729 libertate
2904 4674 3104 4728 utendo
3133 4684 3186 4729 et
3215 4689 3309 4742 per
3335 4675 3547 4728 diversa
3579 4671 3780 4743 vagan-

2177 4741 2247 4795 do
2277 4743 2570 4811 periculum
2615 4746 2915 4799 animarum
2952 4759 3171 4800 suarum
3219 4741 3518 4810 incurrant,
3562 4741 3780 4812 semper

2176 4811 2306 4867 illud
2357 4815 2714 4886 apostolicum
2763 4823 2890 4868 ante
2935 4819 3122 4870 oculos
3151 4816 3432 4876 habentes.
3464 4818 3612 4886 quod
3641 4811 3778 4871 dici-

2175 4891 2314 4958 tur_:_
2343 4883 2513 4958 Vidua
2561 4903 2695 4958 quae
2714 4887 2770 4940 in
2802 4886 3002 4940 deliciis
3030 4896 3137 4948 est,
3171 4888 3338 4941 vivens
3367 4883 3578 4941 marina
3605 4897 3706 4942 est.

2381 4954 2460 5008 De
2491 4953 2694 5011 inlicito
2731 4973 2951 5029 _accessu
3001 4959 3313 5029 feminarum
3368 4959 3437 5010 ad
3485 4959 3682 5012 altare.
3716 4956 3778 5012 Ut

2181 5025 2418 5082 inlicitus
2445 5042 2695 5082 accessus
2723 5025 3042 5083 feminarum
3073 5031 3136 5084 ad
3168 5030 3338 5084 altare
3369 5043 3478 5083 non
3512 5031 3624 5090 liat,
3659 5045 3778 5082 mo-

2181 5098 2263 5151 dis
2293 5098 2541 5153 omnibus
2567 5099 2912 5153 inhibuimus.
2949 5101 3081 5162 Quia
3117 5099 3461 5168 quorundam
3491 5106 3675 5155 relatu
3703 5101 3779 5154 di-

2180 5169 2408 5223 dicimus
2439 5171 2489 5222 in
2521 5171 2840 5238 quibusdam
2869 5169 3163 5238 provinciis
3205 5181 3398 5225 contra
3429 5174 3603 5240 legem
3643 5172 3776 5226 divi,

2180 5254 2306 5293 nam
2360 5244 2787 5310 canonicamque
2840 5240 3234 5295 institutionem
3293 5241 3522 5296 feminas
3579 5244 3780 5299 sanctis

2179 5311 2438 5366 altaribus
2465 5327 2526 5366 se
2556 5312 2698 5366 ultro
2727 5313 2972 5379 ingerere
2992 5323 3315 5381 sacrataque
3336 5327 3465 5366 vasa
3494 5314 3775 5382 impuden-

2182 5388 2265 5456 ter
2291 5385 2606 5456 contingere
2637 5392 2693 5438 et
2731 5383 3047 5456 indumenta
3075 5384 3433 5456 sacerdotalia
3462 5387 3779 5456 presbiteris

2177 5452 2574 5520 administrare,
2625 5463 2702 5518 et,
2720 5454 2871 5522 quod
2921 5454 3005 5509 his
3055 5453 3226 5522 magis
3270 5452 3609 5511 indecentius
3662 5457 3776 5510 ineo

2176 5524 2428 5594 ptiusque
2472 5534 2590 5594 est,
2632 5538 2830 5595 corpus
2857 5532 2915 5579 et
2955 5527 3272 5596 sanguinem
3306 5527 3516 5581 Domini
3559 5529 3778 5598 populis

1688 5661 2082 5724 VARIANTES
2117 5661 2521 5720 LECTIONES.

1185 5787 1255 5853 [ut
1299 5781 1367 5837 G.
1445 5781 1644 5853 {illum
1673 5781 1792 5838 Bal.

896 5854 915 5884 '
939 5853 1080 5909 deest
1111 5849 1204 5914 (ὲ.ι
1252 5853 1275 5885 ⁸
1305 5864 1409 5910 nec
1430 5849 1549 5907 Bal.

553 5779 569 5810 ¹
600 5779 864 5837 celebrari
916 5779 1066 5844 Βαι..
1113 5781 1132 5812 ⁸
1161 5787 1255 5837 aut
1299 5779 1367 5837 G.

445 5850 676 5922 ..αισα
700 5850 820 5908 Bal.

1869 5781 1892 5814 ⁵
1917 5784 1971 5840 d.
2026 5780 2352 5840 famulorum
2403 5780 2838 5852 famularumque
2879 5790 3095 5840 tuarum
3146 5791 3202 5842 et
3228 5782 3352 5843 Bal.

3452 5784 3475 5819 ⁸
3502 5785 3677 5841 victor
3711 5789 3754 5836 (.‘
