3974 6340
103 356 212 413 865

584 353 739 410 COD.
781 352 1053 411 DlPLOM.
1093 351 1564 410 JBENEDICTI
1600 352 2118 411 CAPITULARIUM
2156 352 2557 411 COLLECTIO.
2594 383 2664 392 -—
2700 351 2858 406 ADD.
2898 352 3012 407 l-ll.

3309 350 3414 408 866

100 469 452 542 porrigere,
480 477 535 522 et
563 467 962 542 aliaquaeque,
991 480 1151 542 quae
1187 465 1320 542 ipso
1357 464 1726 542 dictudurpia
1757 472 1806 532 Α
1830 465 1985 521 corde
2011 475 2116 527 tuo,
2149 467 2531 542 adpropinquat
2565 468 2812 538 septimus
2842 483 3023 542 annus
3071 465 3415 542 remissionis,

99 535 584 602 suntfexercere
625 535 955 592 inhibuimus
988 535 1042 602 ιζ
1060 553 1128 591 ne
1165 537 1390 592 ulterius
1419 535 1536 591 ﬁeri
1566 551 1728 605 prae-

99 619 377 668 sumatur
410 609 466 663 ².⁴
502 609 658 676 Quod
705 617 886 663 autem
905 608 1160 664 mulieres
1209 607 1414 674 ingredi
1465 606 1534 662 ad
1562 608 1732 662 altare

103 700 218 737 non
245 682 526 744 debeant,
556 681 613 734 in
627 679 858 734 concilio
883 678 1306 734 Chalcedonensi
1333 687 1389 734 et
1418 679 1472 732 in
1501 676 1732 734 decretis

105 753 326 811 Gelasii
365 767 547 821 papae
577 751 798 819 copiose
829 750 1122 804 invenitur.

180 825 277 879 19.
327 821 410 877 Ut
439 819 616 877 nullus
657 822 1024 876 canonicorum
1077 821 1154 874 vel
1197 820 1588 886 monachorum,
1627 819 1733 874 nisi

105 894 547 963 praedicationis
577 902 666 946 aut
691 892 712 922 ³
754 891 975 946 alicuius
1005 900 1174 963 certae
1201 889 1522 963 necessitatis
1547 906 1728 963 causa,

106 961 153 1020 et
186 967 292 1021 hoc
323 981 452 1018 cum
475 965 682 1018 licentia
710 964 934 1033 episcOpi
964 963 1041 1016 vel
1062 962 1169 1016 eius
1215 961 1301 1032 qui
1325 961 1388 1014 ab
1417 977 1476 1015 eo
1505 978 1598 1014 sua
1627 962 1736 1014 vice

108 1038 393 1107 fungitur,
431 1037 800 1107 monasterium
830 1033 1214 1107 monachorum
1245 1039 1335 1085 aut
1365 1033 1735 1107 canonicarum

106 1102 266 1161 adire
283 1115 626 1177 praesumi.
648 1105 780 1170 Quia
798 1104 961 1163 etiam
979 1103 1341 1177 comperimus
1373 1102 1633 1177 quosdam
1646 1117 1735 1157 ca-

108 1172 358 1234 nonicos
382 1187 444 1232 et
463 1177 756 1232 monachos
774 1174 1074 1244 postposito
1089 1173 1363 1243 religionis
1379 1187 1510 1228 suae
1533 1172 1737 1240 pudore

111 1249 475 1304 monasteria
505 1243 992 1302 sanctimonialium
1026 1253 1133 1299 tam
1164 1243 1550 1299 monacharum
1573 1258 1735 1309 quam

111 1321 529 1375 canonicarum
578 1318 882 1373 inconsulto
931 1314 1188 1386 episcopo
1241 1330 1342 1386 suo
1395 1313 1738 1383 impudenter

115 1400 289 1460 atque
336 1391 718 1460 inreverenter
765 1388 929 1460 adire,
970 1385 1080 1460 qui
1119 1385 1412 1460 obtendere
1449 1385 1626 1460 solent
1677 1399 1738 1460 se

118 1456 228 1517 nui)
259 1461 338 1516 ob
376 1460 524 1513 aliud
554 1459 679 1514 illuc
721 1456 1134 1514 accedere’nisi
1185 1467 1278 1511 aut
1323 1456 1739 1525 propinquitatis

119 1541 214 1586 aut
243 1531 646 1586 familiaritatis
674 1537 768 1584 aut
814 1537 961 1584 certe
1009 1528 1192 1583 nescio
1224 1527 1375 1582 cuius
1404 1525 1739 1581 conlocutio-

122 1605 206 1657 nis
239 1603 430 1672 gratia
457 1618 470 1665 ;
503 1600 645 1670 quod
675 1600 872 1655 factum
899 1598 1026 1668 quia
1055 1613 1156 1653 nec
1181 1597 1442 1672 canonico
1487 1611 1588 1672 nec
1619 1611 1738 1651 mo-

124 1669 348 1729 nastico
405 1669 655 1740 congruit
712 1672 1023 1741 proposito,
1068 1682 1292 1740 prorsus
1351 1669 1735 1741 interdicimus,

130 1746 232 1798 nisi
267 1745 423 1798 forte
454 1738 614 1797 causa
646 1738 1056 1811 praedicationis
1071 1738 1184 1811 aut
1227 1747 1390 1811 certe
1420 1738 1742 1811 inevitabilis

1828 547 1879 592 et
1915 547 2116 591 avertas
2146 535 2322 592 oculos
2349 549 2462 592 tuos
2503 556 2537 591 a
2573 535 2797 607 paupere
2826 539 2988 608 fratre
3019 545 3126 600 tuo,
3158 535 3341 591 nolens
3369 539 3418 592 ei

1830 617 2060 678 mutuum
2087 611 2222 678 quod
2258 609 2485 678 postulat
2513 609 2860 673 commodare,
2894 625 2958 662 ne
2998 608 3186 662 clamet
3237 616 3420 662 contra

1832 686 1882 732 te
1905 679 1974 732 ad
1995 677 2276 733 Dominum
2301 688 2350 733 et
2375 681 2468 749 ﬁat
2500 678 2591 732 tibi
2618 681 2670 733 in
2697 689 2992 748 peccatum;
3035 678 3125 733 sed
3148 747 3155 749 ξ
3175 678 3324 734 dabis
3375 694 3422 734 et

1832 765 1926 802 nec
1956 766 2080 820 ages
2108 747 2583 820 quippiamcatlide
2609 751 2661 804 in
2690 747 2802 804 eius
2841 747 3231 805 necessitatibus
3261 750 3417 804 suble-

1832 821 2036 885 vandis,
2065 830 2117 872 ut
2147 820 2415 873 benedicat
2449 821 2537 874 tibi
2567 821 2805 875 dominus
2835 822 2972 876 Deus
3017 829 3132 874 tuus
3175 822 3230 874 in
3278 821 3422 875 omni

1834 899 2062 960 tempore
2089 891 2144 944 in
2169 891 2386 955 cunctis,
2418 891 2483 943 ad
2529 907 2660 961 quae
2717 908 2928 946 manum
2980 893 3200 946 miseris.
3258 893 3423 946 Amos

1835 962 2097 1030 propheta
2125 963 2202 1015 ait
2230 980 2241 1013 :
2273 961 2461 1014 Audite
2489 962 2604 1028 hoc,
2638 964 2720 1023 qui
2749 964 3013 1017 conteritis
3051 979 3345 1032 pauierem.
3374 971 3423 1016 et

1834 1032 2052 1102 deﬁcere
2083 1033 2254 1102 facitis
2285 1048 2472 1101 egenos
2495 1040 2680 1102 terrae,
2695 1033 2917 1088 dicentes
2948 1048 2966 1086 :
3002 1033 3222 1100 Quando
3250 1043 3423 1088 trans-

1836 1101 1929 1156 ibit
1998 1101 2196 1165 messis,
2231 1112 2280 1156 et
2318 1101 2719 1157 venundabimus
2747 1121 2940 1159 merces
2964 1113 3014 1158 et
3054 1103 3345 1173 sabbatum,
3375 1113 3424 1158 et

1836 1175 2120 1243 aperiemus
2150 1175 2485 1244 frumentum,
2523 1181 2580 1226 ut
2616 1173 2978 1230 imminuamus
3021 1191 3319 1230 mensuram
3373 1185 3420 1228 et

1839 1260 2120 1312 augeamus
2173 1244 2353 1297 siclum
2399 1252 2454 1296 et
2492 1259 2842 1314 supponamus
2864 1255 3085 1300 stateras
3107 1245 3336 1312 dolosas,
3366 1253 3423 1300 ut

1837 1315 2194 1386 possideamus
2220 1319 2274 1368 in
2299 1323 2517 1386 argento
2539 1329 2726 1384 egenos
2757 1328 2803 1371 et
2831 1333 3081 1386 pauperes
3100 1334 3194 1384 pio
3237 1318 3424 1371 calcia-

1838 1385 2044 1460 mentis,
2064 1394 2115 1439 et
2153 1385 2748 1460 quisquiliasjrumenti
2792 1385 3111 1460 vendamus?
3160 1386 3423 1460 Hierony-

1841 1472 1959 1528 mus
2002 1458 2054 1510 in
2091 1455 2435 1526 expositione
2463 1455 2764 1513 Ezechielis
2792 1459 3090 1528 prophetae
3123 1476 3133 1510 :
3171 1477 3188 1510 ι
3228 1455 3425 1513 Putant

1839 1527 2054 1598 quidam
2086 1542 2299 1599 usuram
2331 1535 2538 1599 tantum
2570 1542 2690 1599 esse
2711 1528 2764 1583 in
2793 1527 3039 1599 pecunia.
3071 1528 3223 1596 Quod
3275 1544 3430 1595 prae-

1841 1599 2031 1671 videns
2054 1598 2321 1671 scriptura
2350 1598 2526 1671 omnis
2543 1598 2624 1655 rei
2653 1598 2830 1671 aufert
2850 1600 3423 1671 superabundantiam,

1842 1677 1901 1747 ut
1923 1669 2040 1740 plus
2070 1684 2178 1747 non
2209 1668 2464 1747 recipias,
2496 1685 2655 1747 quam
2694 1668 2930 1747 dedisti;
2963 1672 3154 1725 Solent
3177 1673 3244 1747 oin
3284 1670 3428 1739 agris

1842 1739 2101 1795 frumenti
2127 1748 2184 1794 et
2213 1739 2375 1805 milii,
2406 1740 2516 1795 vini
2547 1750 2602 1796 et
2655 1741 2761 1797 olei
2810 1739 3258 1811 caeterarumq'ue
3311 1755 3433 1808 Spe-

133 1816 446 1904 necessitas
472 1812 525 1896 id
557 1809 737 1894 facere
764 1813 941 1904 coegit
983 1811 1002 1840 ⁸
1032 1825 1045 1862 :
1073 1820 1130 1891 et
1158 1810 1264 1890 hoc
1291 1810 1595 1904 nullatenus
1617 1809 1741 1890 usine
1776 1846 1820 1904 Β
1848 1811 2054 1904 ciorum
2083 1825 2282 1904 csurce
2310 1811 2471 1891 exigi,
2503 1811 2708 1904 sivcnt
2733 1813 2984 1904 appellatL
2990 1809 3186 1893 sermo
3201 1812 3435 1880 divinus,

135 1887 366 1940 licentia
401 1884 660 1954 episcopi,
717 1891 810 1937 aut
857 1881 998 1938 illius
1025 1882 1114 1949 qui
1151 1881 1268 1936 vice
1293 1880 1436 1954 illius
1484 1879 1742 1954 iungitur,

137 1957 255 2012 lieri
292 1949 700 2028 praesumetur.
733 1953 957 2028 Quodsi
994 1967 1174 2006 sermo
1204 1951 1624 2028 praedicationis
1661 1949 1743 2028 la:

139 2019 373 2084 ciend'us
402 2035 514 2094 est,
544 2039 783 2094 congruo
810 2025 862 2078 in
892 2024 1013 2077 loco
1041 2019 1224 2077 coram
1270 2021 1658 2094 omnibusliat.
1688 2019 1746 2076 Si

143 2113 275 2154 vero
301 2093 724 2168 colloquendum
755 2093 1614 2168 cumaliquasanctimonialium
1661 2107 1749 2147 ra-

147 2171 223 2224 tio
247 2163 580 2238 expostulat,
615 2167 670 2238 id
707 2184 810 2222 non
847 2164 1026 2238 alibi8
1059 2164 1158 2238 nisi
1190 2164 1242 2218 in
1272 2163 1567 2238 constituto
1591 2164 1744 2238 loco,

149 2241 203 2294 id
231 2234 398 2296 est'in
431 2237 700 2292 auditorio
731 2238 829 2292 sub
874 2235 1186 2290 testimonio
1238 2236 1474 2290 virorum
1527 2234 1741 2302 religio-

157 2326 336 2366 serum
367 2319 420 2364 et
457 2308 833 2375 religiosorum
867 2306 1185 2360 feminarum
1218 2305 1330 2358 liat.
1365 2305 1590 2371 Quando
1618 2319 1746 2360 vero

165 2381 522 2436 sacerdotibus
572 2379 626 2433 in
682 2377 1025 2432 monasteriis
1078 2375 1408 2447 puellaribus
1464 2376 1746 2447 missarum

169 2453 552 2506 celebrationes
584 2449 867 2505 faciendae
901 2462 1046 2514 sunt,
1078 2446 1198 2502 cum
1231 2447 1490 2501 ministris
1528 2447 1628 2501 sibi
1655 2446 1748 2500 de-

166 2524 354 2592 putatis
371 2522 499 2577 illuc
547 2521 947 2590 ingrediantur.
981 2517 1185 2592 Quibus
1216 2518 1319 2592 rite
1347 2519 1602 2592 peractis,
1638 2531 1748 2592 non

158 2587 224 2647 ad
271 2604 502 2650 secretas
531 2587 945 2647 conlocutiones
983 2589 1473 2644 sanctimonialium
1529 2603 1588 2643 se
1639 2587 1749 2643 ullo

157 2665 318 2719 modo
345 2666 640 2725 divertaut,
684 2661 781 2718 sed
835 2676 954 2715 cum
987 2660 1243 2714 ministris
1273 2660 1384 2714 suis
1422 2659 1567 2714 illico
1595 2672 1750 2728 egre-

155 2735 389 2789 diantur.
416 2735 582 2790 Porro
606 2735 651 2788 si
676 2732 1048 2788 sacerdotibus
1068 2729 1504 2786 sanctimoniales
1523 2738 1749 2799 peccata

154 2820 259 2859 sua
290 2806 537 2860 conﬁteri
565 2805 852 2866 voluerint,
881 2802 932 2856 id
963 2819 1070 2856 non
1097 2801 1197 2856 nisi
1225 2801 1276 2854 in
1304 2801 1530 2856 ecclesia
1562 2815 1748 2855 coram

157 2884 354 2931 sancto
384 2875 538 2928 altari
583 2875 914 2929 adstantibus
967 2871 1113 2928 haud
1144 2873 1164 2902 °
1193 2873 1377 2942 procul
1422 2871 1643 2926 testibus
1670 2868 1750 2942 fa-

160 2947 336 3000 ciant.
377 2946 436 3000 Si
467 2956 647 3000 autem
676 2946 952 3009 inﬁrmitas
984 2941 1361 3014 praepedierit,
1395 2950 1456 2996 ut
1493 2942 1546 2996 in
1577 2941 1746 3014 eccle-

163 3017 248 3071 sia
293 3016 483 3071 eadem
528 3017 787 3072 confessio
816 3016 929 3071 lieni
961 3012 1228 3083 nequeat,
1255 3013 1306 3067 in
1337 3012 1750 3084 quacumqueli-

169 3088 264 3142 bet
289 3087 454 3143 domo
495 3086 730 3142 facienda
770 3097 872 3153 est,
908 3102 1016 3141 non
1050 3087 1069 3118 ⁷
1097 3086 1198 3139 nisi
1254 3083 1478 3140 testibus
1507 3083 1753 3138 similiter

173 3158 315 3212 haud
370 3158 392 3189 ⁸
420 3157 603 3228 procul
648 3157 981 3212 adstantibus
1023 3155 1131 3211 liat.
1164 3155 1319 3228 Nouo
1366 3155 1528 3228 modo
1554 3155 1753 3224 quippe

1851 1879 2462 1956 superhabundantiae:
2493 1881 2644 1956 verbi
2670 1879 2844 1952 gratia
2876 1891 2934 1938 ut
2957 1885 3166 1956 hyemis
3195 1879 3437 1956 tempore

1850 1957 2041 2026 demus
2066 1953 2252 2026 decem
2292 1953 2506 2026 modios
2524 1961 2580 2008 et
2607 1955 2658 2006 in
2686 1970 2861 2011 messe
2903 1953 3224 2026 recipiamus
3272 1953 3436 2026 quin-

1850 2024 2026 2083 decim
2059 2041 2072 2077 :
2106 2023 2210 2079 hoc
2238 2024 2576 2096 estramplius
2615 2035 2770 2094 parte
2816 2027 2991 2081 inedia
3018 2023 3038 2080 Ξ
3069 2025 3159 2096 qui
3207 2023 3437 2081 iustissi-

1849 2109 1992 2166 mum
2014 2109 2078 2166 se
2101 2095 2388 2164 putaverit,
2420 2105 2667 2163 quartam
2689 2097 2808 2164 plus
2832 2097 3063 2166 accipiet
3088 2095 3437 2165 portionem.

1851 2164 1916 2219 Et
1941 2165 2119 2221 solent
2144 2166 2517 2232 augumentari
2543 2181 2606 2221 ac
2625 2166 2836 2222 dicere:
2862 2164 2996 2222 Dedi
3014 2164 3175 2222 unum
3199 2166 3437 2220 modium

1849 2236 1942 2304 qui
1991 2243 2140 2290 satus
2170 2237 2210 2266 ιι
2243 2234 2372 2290 fecit
2397 2235 2586 2292 decem
2614 2237 2842 2293 modios.
2878 2237 3067 2293 Nonne
3097 2239 3294 2292 iustum
3326 2243 3429 2299 est,

1851 2315 1909 2360 ut
1936 2307 2447 2379 mediumwmodium
2473 2307 2540 2362 de
2566 2322 2689 2363 meo
2719 2308 2838 2377 plus
2866 2309 3149 2379 accipiam,
3176 2323 3296 2362 cum
3344 2306 3436 2379 ille

1854 2392 1975 2432 mea
2001 2377 2324 2432 liberalitate
2351 2392 2542 2432 novem
2594 2386 2650 2432 et
2703 2379 2866 2436 semis
2908 2377 3147 2435 demeo
3204 2377 3438 2432 habeat?

1850 2447 2028 2503 Nolite
2057 2463 2259 2512 errare,
2293 2447 2467 2516 inquit
2495 2448 2806 2518 Apostolus,
2841 2453 2981 2506 Deus
3021 2465 3129 2505 non
3157 2449 3434 2504 irridetur.

1854 2519 2199 2589 Respondeat
2219 2518 2361 2589 enim
2383 2518 2536 2573 nobis
2560 2519 2796 2574 breviter
2816 2520 3087 2577 fenerator
3109 2519 3438 2589 misericors,

1853 2588 2030 2672 utrum
2055 2589 2274 2672 habenti
2294 2588 2506 2672 dederit
2527 2604 2593 2672 an
2616 2591 2992 2672 ncubabenti:
3009 2590 3236 2672 Habenti
3256 2588 3372 2672 utiq
3386 2671 3390 2672 ί
3405 2604 3441 2672 e

1851 2661 1981 2716 dare
2011 2676 2119 2715 non
2151 2661 2447 2732 debuerat;
2492 2659 2592 2732 sed
2646 2661 2790 2716 dedit
2832 2663 2986 2732 quasi
3037 2678 3144 2719 non
3197 2659 3442 2732 habenti.
3539 2667 3542 2671 ‘

1855 2733 1995 2802 Ergo
2021 2745 2189 2800 quare
2215 2731 2335 2801 plus
2362 2731 2530 2800 exigit
2557 2732 2710 2800 quasi
2743 2732 2809 2788 ab
2845 2734 2884 2764 ¹²
2917 2734 3184 2788 habente?
3214 2731 3318 2786 Alii
3349 2746 3443 2802 pe:

1854 2801 2314 2858 cunial'oenerata
2344 2803 2521 2872 solent
2572 2804 2892 2859 munuscula
2945 2804 3192 2872 accipere
3241 2801 3442 2866 diversi

1853 2875 2086 2946 generis,
2119 2881 2179 2946 et
2216 2887 2324 2946 non
2375 2871 2694 2946 intellegunt
2723 2890 2940 2946 usuram
2973 2873 3232 2946 appellari
3263 2881 3317 2927 et
3349 2888 3444 2946 su-_

1865 2942 2386 3013 perhabundantiam
2438 2942 2692 3011 quicquid
2721 2944 2853 2999 illud
2883 2954 2985 3009 est,
3005 2942 3060 3001 si
3088 2945 3155 3000 ab
3183 2960 3272 3009 eo,
3300 2943 3445 3012 quod

1855 3014 2121 3078 dederint,
2149 3014 2269 3083 plus
2293 3015 2622 3083 acceperint.
2657 3034 2675 3066 ι
2704 3013 2778 3070 De
2807 3031 3182 3071 mensurarum
3215 3027 3445 3082 namque

1855 3084 2339 3166 inaequalitatem
2389 3083 2582 3166 modiis
2635 3085 2844 3166 iniustis
2897 3097 2952 3142 et
3005 3086 3274 3166 sestariis,
3304 3098 3444 3166 quae

1857 3155 2072 3209 Domini
2103 3155 2220 3224 lege
2247 3155 2448 3227 habere
2488 3155 2529 3185 ¹³
2555 3155 2930 3225 prohibentur,
2962 3158 3194 3227 qualiter
3242 3170 3330 3211 res
3377 3155 3443 3209 ad

170 3231 380 3307 videtur
407 3215 573 3307 uobis
591 3229 903 3307 convenire,
931 3237 991 3282 ut
1009 3227 1314 3307 monachus
1342 3226 1534 3306 relicto
1560 3215 1751 3307 mgna-
1780 3215 1827 3278 C
1859 3236 2067 3307 certam
2096 3215 2486 3307 correctionem
2519 3215 2736 3307 perduci
2757 3215 3089 3307 p‘ossit't'non
3127 3229 3443 3307 satis-pers-

161 3302 327 3356 sterio
348 3317 447 3355 suo
467 3300 674 3356 idcirco
701 3295 1190 3356 sanctimonialium
1214 3295 1543 3352 monasteria
1571 3296 1751 3362 adeat,

165 3380 223 3452 ut
258 3369 646 3452 conﬁtentibus
702 3379 924 3442 peccata
971 3385 1068 3426 sua
1119 3371 1338 3425 modum
1391 3367 1756 3438 poenitentiae

164 3451 401 3496 inponat.

221 3459 508 3586 W359“
539 3515 813 3586 pecuniaa
843 3528 1070 3586 paupere
1098 3527 1202 3586 non
1241 3512 1310 3565 sit
1348 3510 1606 3586 exigenda
1642 3525 1756 3563 cum

174 3599 342 3637 usura.
396 3581 545 3650 Quia
587 3599 718 3654 ergo
760 3585 815 3639 in
838 3581 1170 3654 multimodis
1188 3595 1469 3654 usurarum
1494 3581 1755 3636 adiuven-

177 3654 400 3708 tionibus
425 3651 692 3725 quosdam
724 3655 954 3711 clericos
983 3662 1038 3708 et
1087 3653 1256 3725 laicos
1309 3651 1504 3706 oblitos
1532 3665 1758 3719 praece-

168 3726 364 3794 ptionis
402 3724 726 3791 dominicae,
763 3741 868 3794 qua
898 3726 1096 3780 dicitur
1125 3741 1138 3776 :
1175 3724 1454 3777 Pecuniam
1482 3731 1623 3774 tuam
1652 3738 1756 3775 non

163 3793 312 3848 dabis
333 3797 401 3849 ad
421 3813 653 3860 usuram,
679 3805 728 3850 et
751 3793 954 3867 frugum
969 3794 1496 3850 superabundantiam
1517 3809 1618 3867 non
1641 3793 1755 3867 exi:

160 3883 406 3943 ges;_ego
428 3868 671 3943 dominus
704 3862 852 3943 [leue
886 3878 1079 3943 vester,
1105 3867 1157 3920 in
1210 3867 1426 3943 tantam
1464 3862 1756 3943 turpissimi

159 3933 295 4013 lucri
327 3933 531 4013 r'abietn
559 3939 827 4013 exarsisse
856 3939 1228 4005 cognovimus,
1279 3947 1337 4013 ut
1380 3934 1400 3964 ⁹
1442 3933 1754 4013 multiplici-

158 4010 260 4064 bus
290 4019 454 4078 atque
485 4010 779 4064 innumeris
808 4024 1088 4064 usurarum
1119 4007 1406 4076 generibus
1459 4019 1576 4078 sua
1602 4005 1757 4060 adin-

157 4075 418 4136 ventioue
448 4091 502 4134 et
532 4081 828 4150 cupiditate
858 4080 1087 4149 repertis
1130 4075 1410 4150 pauperes
1439 4075 1712 4150 adﬂigant
1739 4117 1754 4142 ,

157 4152 476 4221 opprimant
504 4159 558 4206 et
582 4148 935 4217 exhauriant,
959 4150 1096 4205 adeo
1124 4159 1182 4221 ut
1228 4149 1398 4221 multi
1432 4148 1755 4221 laine__con-

152 4215 287 4277 lecti
319 4232 567 4290 pereant,
599 4223 753 4276 multi
779 4215 940 4276 etiam
976 4220 1208 4291 propriis
1236 4218 1508 4291 derelictis
1550 4215 1758 4291 alienas

156 4286 336 4367 terras
391 4286 649 4367 expetant
682 4293 783 4367 :‘in
823 4286 1257 4367 quibuscumque
1303 4290 1436 4367 locis
1479 4289 1586 4342 hoc
1613 4286 1756 4367 dlieri

151 4363 470 4426 didicimus,
488 4379 554 4418 ne
577 4363 803 4419 ulterius
817 4363 1108 4418 ﬁeretcum
1133 4363 1334 4430 ingenti
1359 4363 1756 4430 protestatione

153 4433 334 4489 modis
385 4434 636 4489 omnibus
662 4434 1019 4500 inhibuimus,
1048 4428 1394 4487 attendentes
1424 4428 1581 4497 illud,
1609 4429 1754 4500 quod

153 4503 210 4558 in
242 4504 388 4559 libro
426 4505 584 4559 exodi
617 4503 876 4560 Dominus
923 4498 1018 4574 per
1061 4502 1428 4572 legislatorem
1481 4498 1755 4574 dicit‘:_.S_‘i

1856 3298 2015 3368 picue
2039 3297 2192 3369 nobis
2215 3304 2383 3369 patet,
2415 3312 2481 3351 eo
2511 3295 2655 3369 quod
2687 3295 3000 3369 in'dirersis
3029 3295 3320 3369 provinciis
3365 3295 3446 3369 di»

1857 3367 2047 3422 versae
2070 3367 2138 3422 ab
2159 3367 2409 3423 omnibus
2434 3383 2571 3438 pene
2595 3367 2916 3425 habeantur.
2930 3367 3047 3426 Ηοό
3069 3378 3250 3426 tamen
3274 3367 3448 3422 modis

1858 3439 2111 3495 omnibus
2135 3437 2178 3468 “
2219 3437 2470 3509 optamUs
2496 3447 2554 3494 et
2580 3440 2951 3505 admonemus,
2978 3449 3037 3495 ut
3061 3441 3241 3497 saltim
3273 3439 3449 3494 nullus

1856 3509 2098 3580 duplices
2118 3524 2399 3564 mensuras
2423 3509 2476 3563 in
2508 3527 2601 3565 sua
2623 3509 2991 3580 dominatione
3013 3522 3104 3564 aut
3127 3511 3328 3566 habeat
3353 3518 3447 3564 aut

1857 3577 2045 3636 haberi
2092 3581 2411 3650 permittat,
2445 3582 2697 3650 quoniam
2753 3577 2856 3638 hac
2901 3584 3191 3639 occasione
3245 3580 3447 3636 multos

1856 3665 2126 3724 pauperes
2149 3650 2312 3724 afﬂigi
2332 3651 2397 3724 in
2417 3652 2702 3724 plerisque
2731 3653 2864 3710 locis
2889 3655 3264 3724 cognovimus.

1929 3720 2016 3776 2i.
2049 3720 2129 3776 De
2155 3720 2366 3775 diversis
2394 3720 2911 3792 ﬂagitiis—malorum.
2945 3720 3082 3782 Sunt
3112 3740 3244 3780 sane
3274 3723 3449 3778 diver-

1856 3807 2039 3848 sorum
2063 3793 2324 3863 malorum
2356 3800 2681 3861 patratores,
2705 3811 2841 3863 quos
2865 3806 2920 3850 et
2965 3797 3055 3851 lex
3104 3795 3287 3850 divina
3339 3795 3442 3847 im-

1859 3863 2054 3934 probat
2084 3871 2139 3917 et
2179 3862 2522 3934 condemnat,
2573 3873 2671 3934 pro
2723 3862 2955 3934 quorum
3005 3867 3168 3922 etiam
3223 3863 3453 3920 diversis

1857 3933 2149 4012 Sceleribus
2175 3942 2230 3988 et
2257 3933 2473 4012 ll‘agitiis
2497 3933 2894 4012 pOpulusfame
2918 3945 2974 3991 et
3016 3935 3322 4005 pestilentia
3349 3935 3451 3987 lla-

1855 4005 2086 4074 gellatur
2112 4012 2167 4059 et
2188 4002 2450 4074 ecclesiae
2474 4002 2648 4074 status
2679 4006 2983 4060 inlirmatur
3011 4002 3066 4061 et
3095 4019 3319 4074 regnum
3349 4018 3449 4074 pe-

1856 4072 2142 4130 riclitatur.
2175 4072 2369 4127 Contra
2398 4089 2537 4144 quos
2562 4073 2665 4130 'nos
2692 4091 2880 4131 eorum
2934 4072 3192 4130 malitiam
3240 4072 3443 4140 exage-

1856 4155 2056 4210 rantes,
2083 4142 2426 4217 quamquam
2448 4145 2504 4198 in
2523 4142 2713 4200 ‘sacris
2741 4147 2971 4217 eloquiis
2992 4147 3124 4201 satis
3153 4145 3261 4200 sint
3288 4159 3448 4217 exse-

1856 4225 2029 4279 crata,
2063 4216 2426 4271 necessarium
2454 4217 2822 4284 praevidimus
2848 4215 3058 4272 'iterum
3112 4223 3296 4277 nostra
3352 4215 3448 4268 ad-

1856 4287 2155 4344 monitione
2181 4293 2236 4339 et
2256 4285 2638 4357 exhortatione
2663 4289 2974 4357 praecaveri
3022 4288 3246 4344 omnino
3274 4301 3447 4355 Opor-

1856 4367 1972 4414 tere
1991 4358 2173 4423 ;'sicut
2192 4365 2318 4413 sunt
2335 4356 2677 4429 diversarum
2709 4360 3072 4427 pollutionum
3120 4367 3447 4429 patratores,

1858 4444 1990 4499 quas
2010 4444 2129 4484 cum
2149 4427 2400 4482 masculis
2421 4437 2475 4483 et
2496 4429 2783 4498 pecoribus
2805 4433 3050 4487 nonnulli
3066 4427 3448 4487 diversissimis

1856 4501 2032 4556 modis
2057 4500 2368 4572 admittunt,
2399 4514 2538 4572 quae
2579 4500 3059 4572 incomparabilem
3109 4501 3447 4557 dulcedinem

151 4576 432 4643 pecuniam
459 4583 600 4630 tuam
625 4574 825 4628 dederis
851 4570 1040 4644 popqu
1059 4570 1172 4652 meo
1201 4574 1436 4643 pauperi,
1469 4571 1556 4643 qui
1601 4570 1750 4652 habi-
1780 4581 1832 4643 ι)
1858 4571 2084 4652 piissimi
2108 4571 2372 4652 creatoris
2385 4571 2452 4652 ad
2464 4570 2877 4652 amaritudiuem
2897 4581 3277 4644 provocantes,
3297 4579 3450 4652 tanto

153 4656 231 4699 tat
265 4657 454 4712 tecum,
477 4662 580 4700 non
621 4663 804 4716 urgeas
834 4661 950 4700 eum
979 4646 1127 4716 quasi
1171 4652 1386 4716 exartor
1414 4659 1526 4716 nec
1581 4646 1750 4694 usuris

151 4718 445 4786 opprimas.
494 4716 552 4770 lu
589 4715 726 4772 libro
754 4731 973 4786 quoque
994 4715 1207 4770 levitici
1238 4715 1278 4744 ¹⁰
1309 4733 1321 4768 :
1360 4715 1420 4768 Si
1453 4722 1751 4786 attenuatus

153 4784 314 4855 fuerit
361 4791 524 4856 frater
567 4797 682 4841 tuus
702 4795 751 4841 et
771 4784 1010 4855 inﬁrmus
1037 4802 1215 4850 ntanu,
1246 4795 1296 4839 et
1319 4784 1606 4852 susceperis
1634 4799 1752 4836 eum

153 4861 307 4926 quasi
348 4858 600 4912 advenam
629 4868 678 4912 et
727 4859 1057 4928 peregrinum
1100 4865 1148 4911 et
1201 4856 1385 4910 vixerit
1414 4864 1750 4928 itecum,_non

159 4923 394 4997 accipias
415 4929 479 4982 ab
505 4946 565 4983 eo
594 4923 822 4988 usuram.
841 4923 933 4982 uec
962 4929 1186 4996 amplius
1212 4943 1364 4996 quant
1386 4926 1590 4979 dedisti.
1610 4923 1754 4997 Time

159 4992 446 5054 Dominum
471 4999 637 5054 Deum
660 5009 820 5066 tuum,
838 5009 895 5053 ut
912 4992 1076 5054 vivere
1105 4992 1266 5068 possit
1297 5005 1458 5068 [rater
1480 5003 1595 5068 tuus
1615 4992 1754 5068 apud

159 5079 225 5122 te.
261 5068 331 5123 Et
357 5070 410 5124 in
434 5070 570 5125 libro
599 5065 995 5126 deuterOnomii
1032 5089 1043 5125 :
1075 5065 1139 5126 Si
1157 5065 1312 5136 unus,
1340 5068 1530 5137 inquit,
1560 5065 1622 5119 de
1641 5067 1756 5134 fra-

154 5139 324 5194 tribus
352 5142 474 5206 tuis,
503 5143 590 5211 qui
615 5153 886 5197 morantur
930 5143 1070 5196 intra
1106 5149 1286 5210 portas
1339 5137 1562 5211 civitatis
1601 5143 1756 5211 tuae,

158 5211 214 5264 in
249 5221 414 5277 terra,
441 5206 597 5283 quam
623 5213 866 5267 dominus
898 5212 1035 5267 Deus
1063 5206 1281 5265 daturus
1307 5219 1383 5263 est
1406 5208 1519 5276 tibi,
1542 5206 1610 5260 ad
1631 5222 1759 5276 pau-

156 5291 416 5350 pertatem
442 5283 659 5351 venerit,
683 5297 788 5338 non
815 5283 1092 5338 obdurabis
1114 5298 1204 5336 cor
1232 5289 1374 5334 tuum
1423 5294 1537 5351 nec
1555 5286 1758 5331 contra-

157 5348 251 5405 hes
290 5368 528 5422 manum,
553 5348 652 5408 sed
681 5357 884 5426 aperies
911 5370 1025 5408 eam
1076 5355 1291 5426 pauperi
1346 5359 1396 5404 et
1435 5348 1616 5426 _dabis_
1640 5363 1758 5400 mtt-

161 5431 306 5500 tuuiii
347 5441 444 5500 qua
469 5419 584 5479 eum
610 5419 842 5500 indigere
870 5419 1217 5500 perspcaieris.
1261 5420 1400 5500 item
1433 5422 1485 5474 in
1517 5419 1756 5500 eodem:

161 5493 300 5550 Cm
318 5491 386 5550 ne
413 5497 549 5567 forte
573 5491 817 5568 subrepat
859 5491 948 5551 tibi
975 5491 1138 5565 impia
1159 5493 1426 5564 cogitatio,
1456 5500 1506 5545 et
1531 5491 1678 5545 dicas
1703 5491 1762 5544 in

1855 4641 2073 4711 gravius
2096 4641 2436 4709 delinquunt,
2455 4651 2659 4710 quanto
2688 4655 2878 4699 contra
2898 4641 3146 4712 naturam
3170 4649 3398 4712 peccant
3432 4657 3445 4693 :

1856 4728 1957 4838 pro
1979 4729 2088 4784 quo
2116 4713 2281 4766 etiam
2309 4714 2518 4768 scelere
2546 4713 2668 4783 igne
2698 4715 2924 4770 coelesti
2953 4711 3317 4782 conﬂagratae
3362 4711 3447 4765 in-

1879 4785 2103 4838 erniaue
2132 4783 2280 4837 hiatu
2302 4784 2540 4838 auinaue
2590 4784 2634 4815 ”
2676 4785 2962 4838 absorptae
3009 4794 3134 4838 sunt
3177 4783 3446 4838 civitates.

1879 4783 2103 4856 'ernique
2132 4783 2280 4837 hiatu
2302 4784 2540 4856 quinque
2590 4784 2634 4815 ι’
2676 4785 2962 4856 absorptae
3009 4783 3446 4856 sunt__civitates,

1857 4851 2070 4926 necnon
2091 4861 2148 4926 et
2177 4851 2530 4922 quadraginta
2565 4865 2637 4926 Aet
2681 4870 2747 4910 eo
2795 4851 3026 4926 amplius
3067 4854 3234 4909 millia
3265 4851 3449 4926 sl_i_rpi5

1862 4923 2212 4980 Beniaminae
2255 4937 2513 4978 mucrone
2555 4922 2795 4982 fraterno
2827 4922 3074 4984 confossa
3123 4934 3267 4980 sunt.
3301 4922 3450 4978 Haec

1863 5010 2027 5066 porro
2057 4993 2254 5066 indicia
2283 5001 2338 5047 et
2365 4993 2642 5066 evidentes
2668 4996 2934 5050 vindictae
2963 4996 3257 5061 declarant,
3282 5008 3448 5063 quam

1864 5064 2185 5122 detestabile
2205 5072 2260 5119 et
2287 5064 2622 5121 exsecrabile
2647 5067 2788 5136 apud
2818 5066 3060 5135 divinam
3108 5068 3452 5136 maiestatem

1866 5137 1971 5208 hoc
1997 5136 2182 5190 vitium
2232 5143 2427 5208 exstet.
2485 5135 2695 5192 Extant
2741 5145 2796 5192 et
2844 5138 2948 5192 alia
2996 5135 3448 5208 perniciosassima

1865 5207 2030 5276 mala,
2052 5220 2193 5276 quae
2221 5220 2290 5261 ex
2317 5207 2424 5261 ritu
2448 5208 2724 5277 gentilium
2745 5205 3074 5265 remansisse
3095 5222 3203 5264 non
3225 5205 3448 5277 dubium

1867 5287 1985 5345 est;
2019 5286 2078 5333 ut
2117 5288 2244 5332 sunt
2284 5279 2426 5348 magi
2445 5276 2662 5348 ,arioli,
2688 5279 2951 5349 sortilegi,
2982 5278 3230 5344 venetlci,
3255 5276 3446 5349 divini,

1865 5345 2678 5420 incantatores,somniatorum
2707 5345 3076 5420 conjeetores,
3106 5365 3242 5420 quos
3266 5345 3449 5420 divina

1870 5419 2448 5493 lexinretractabiliter
2477 5420 2657 5493 puniri
2685 5418 2855 5477 iubet.
2909 5421 2985 5478 De
3024 5418 3222 5493 quibus
3246 5420 3301 5475 in
3319 5418 3451 5493 lege

1867 5491 2062 5548 dicitur
2086 5509 2100 5546 :
2132 5491 2325 5546 Anima
2350 5489 2838 5562 quae’deelinaverit
2855 5493 2929 5549 ad
2955 5489 3134 5567 ma'gos
3170 5498 3224 5548 et
3251 5489 3450 5546 oriolae

1401 5608 1790 5668 VARIANTES
1823 5607 2226 5666 LECTIONES.

239 5709 257 5740 ¹
285 5707 593 5765 inhibemus
622 5708 738 5763 Bal.
823 5713 843 5741 ³
870 5715 1182 5778 praesumat
1205 5705 1274 5763 G.

1353 5708 1373 5739 ³
1403 5722 1536 5778 quae
1564 5713 1862 5778 scquttntnr,
1884 5703 2078 5778 desunt
2098 5701 2166 5778 G_.

2245 5701 2268 5732 ⁸
2294 5701 2685 5773 οοφεθιιὶιοϐαι.
2783 5702 2807 5734 ⁸
2834 5701 2999 5773 aliubi
3024 5701 3094 5759 (ἆ.
3166 5771 3172 5773 _
3212 5701 3235 5733 ⁶
3261 5707 3358 5758 aut
3373 5697 3445 5758 ἃ.

163 5777 184 5813 ⁷
207 5780 304 5835 sed
328 5796 438 5835 non
613 5851 637 5852 η
659 5768 943 5852 “quid'G.
1019 5779 1041 5810 ⁹
1067 5780 1209 5836 utin
1230 5778 1348 5835 Bal.
1415 5768 1471 5808 ἰθ
1503 5768 1723 5834 levitico
1742 5776 1809 5834 ὓ.
1847 5768 1917 5808 ’¹¹
1946 5788 2099 5833 rasos
2122 5771 2192 5835 Ο.
2273 5773 2318 5838 ‘_'
2345 5768 2488 5829 deiet
2507 5773 2575 5831 ϐ.
2653 5773 2698 5808 ⁸³
2724 5773 2915 5852 haberi
2941 5772 3063 5834 Bal.
3138 5771 3184 5807 “
3205 5773 3266 5832 It.
3294 5778 3340 5830 ι.
3365 5783 3434 5838 ω,

163 5860 222 5910 ο.
246 5852 434 5908 desunt
461 5851 525 5906 (ἰ.
607 5851 650 5883 ¹⁸
671 5850 812 5908 deest
834 5851 954 5907 Bal.
