3974 6340
498 302 607 365 871

1427 304 1488 360 Β.
1514 301 1768 361 CAROLI
1804 302 2026 361 MAGNI
2061 300 2213 362 OPP.
2256 301 2437 360 PARS
2475 302 2516 357 l.
2562 300 2806 359 SECTIO
2842 303 2885 359 Ι.

3730 296 3838 356 872

498 422 950 493 stros_constituee
971 422 1048 493 Ain
1086 420 1319 493 omnibus
1370 423 1532 491 portis
1576 422 1697 486 tuis,
1746 438 1872 493 quat
1904 420 2081 476 Domi-
2110 426 2164 486 Α
2185 416 2285 493 tias
2312 427 2365 472 et
2392 420 2770 493 praetermittas
2801 426 3078 493 praecepta
3104 416 3203 471 Dei
3233 417 3416 493 nostri.
3436 415 3531 493 Δ1ιί
3556 416 3834 474 substan-

500 508 610 565 nus‘
633 491 773 546 Deus
794 501 911 565 tuus
942 491 1142 565 dederit
1170 492 1260 547 tibi
1290 509 1379 565 per
1401 493 1634 565 singulas
1666 491 1825 546 tribus
1854 503 1986 558 tuas,
2018 501 2074 545 ut

498 563 725 635 iudicent
758 564 1013 635 populum
1047 564 1181 635 iusto
1228 563 1415 619 iudicio
1439 563 1527 618 nec
1555 567 1606 617 in
1627 565 1855 635 aliquam
1877 572 2077 635 partem

499 629 772 687 declinent.
789 629 922 688 ηοω
946 634 1017 689 ibi
1038 652 1052 687 :
1073 633 1290 703 Diuique
1308 636 1447 688 voltis
1474 636 1531 689 in
1551 636 1643 689 illo
1668 629 1893 703 tempore
1918 652 1929 685 :
1951 629 2076 688 Non

502 720 705 768 possum
718 706 859 774 solus
891 705 1145 759 sustinere
1162 702 1525 774 vos,quoniam
1543 706 1795 759 Dominus
1826 702 1961 758 Dens
1994 721 2077 758 oe-

498 784 606 829 ster
626 773 983 844 multiplicauit
1018 792 1105 831 vos
1144 784 1194 830 et
1215 773 1331 830 es:is
1365 777 1380 806 ί
1406 777 1558 831 liodie
1589 778 1718 829 sicut
1748 774 1929 829 stellae
1947 774 2077 829 coeli

498 846 770 917 plurimae.
800 844 1054 901 Dominus
1076 844 1220 900 Deus
1255 856 1462 917 patrum
1507 854 1788 902 vestrorum
1818 845 1980 900 addat
2010 847 2078 899 ad

498 916 916 988 huncnumerum
936 918 1101 971 multa
1120 916 1284 971 milli":
1301 928 1351 973 et
1379 918 1537 988 faciat
1560 917 1699 971 vobis
1726 918 1855 971 sicut
1879 919 2079 971 locutus

496 995 601 1059 est.
625 985 745 1040 Non
780 986 923 1059 talea
943 989 1083 1042 solus
1104 996 1272 1059 vestra
1295 985 1500 1059 negotia
1533 989 1784 1043 sustinere
1804 996 1853 1042 et
1873 988 2078 1058 pondus

495 1065 546 1111 et
586 1058 777 1128 iurgia.
848 1055 984 1113 Date
1042 1075 1069 1113 e
1115 1057 1253 1113 vobis
1301 1055 1435 1130 viros
1477 1062 1758 1130 sapientes_
1783 1068 1833 1112 et
1873 1055 2079 1130 'gnaros

494 1133 545 1199 et
591 1144 810 1199 quorum
850 1131 1167 1185 conversatio
1209 1130 1275 1184 sit
1315 1128 1545 1194 probata
1568 1131 1626 1185 in
1673 1128 1836 1183 tribus
1874 1128 2075 1184 uestris.

496 1198 678 1271 sedet
710 1198 765 1253 in
787 1198 924 1271 libro
974 1201 1418 1271 paralipomenon
1464 1202 1538 1255 ita
1579 1201 1815 1271 legitur:
1870 1199 2079 1255 (.‘onsti-

497 1269 687 1340 tuitque
706 1285 797 1340 rec
820 1267 1071 1340 Iosapltat
1098 1267 1295 1327 iudices
1324 1282 1491 1326 terrae
1527 1272 1594 1340 in,
1623 1267 1819 1325 cunctis
1855 1271 2079 1325 civitati-

495 1337 752 1414 bus'luda
781 1337 992 1414 munitis
1021 1358 1113 1411 per
1137 1345 1342 1414 singula
1365 1345 1500 1414 loca.
1549 1339 1617 1395 Et
1646 1341 1967 1414 praecipiens
1993 1343 2080 1396 iu-

495 1409 711 1475 dicibus,
758 1413 944 1483 videte,
991 1409 1084 1478 (fit,
1134 1409 1257 1483 quid
1300 1413 1506 1482 facitis;
1536 1409 1656 1466 non'
1686 1409 1830 1465 enim.
1862 1411 2081 1468 hominis

493 1483 735 1555 exercetis
759 1481 1026 1555 iudicium,
1053 1481 1404 1555 sed—Domini,
1434 1492 1483 1537 et
1504 1482 1854 1555 quodcumque
1876 1483 2082 1555 iudica-

493 1552 687 1617 oeritis,
713 1552 770 1606 in
794 1569 884 1608 vos
910 1552 1238 1608 redundabit.
1269 1553 1353 1609 Sit
1383 1552 1536 1609 timor
1564 1553 1775 1609 Domini
1802 1554 2077 1614 vobiscum,

491 1628 545 1696 et
588 1638 702 1696 cum
749 1622 1017 1696 diligentia
1063 1634 1245 1679 cuncta
1297 1627 1485 1696 facite;
1530 1641 1633 1679 non
1661 1626 1797 1678 enim
1837 1632 1913 1679 est
1942 1624 2082 1694 apud

494 1692 760 1767 dominum
781 1692 943 1749 Deum
968 1703 1186 1750 vestrum
1219 1692 1461 1767 iniquitas
1492 1710 1582 1749 nec
1621 1710 1959 1766 personarum
1978 1692 2084 1748 Vac-

494 1764 657 1836 ceptio
678 1780 771 1817 nec
798 1767 981 1836 cupido
1022 1764 1316 1821 munerant.
1343 1764 1805 1835 Rogamus’etiam
1844 1774 2079 1819 vestram

493 1834 754 1907 pietatem
802 1834 1022 1907 propter
1064 1836 1298 1892 divinam
1356 1834 1777 1893 misericordiam
1819 1844 2079 1890 vestram-

493 1918 602 1978 que
615 1904 846 1961 salutem
861 1904 925 1961 ac
942 1908 1107 1963 totius
1128 1908 1313 1978 populi
1329 1907 1614 1962 utilitatem
1630 1921 1844 1978 necnon
1859 1915 1915 1978 et
1928 1908 2081 1976 regni

493 1973 757 2049 honorem
770 1984 934 2049 atque
948 1973 1183 2034 Stabilita
1191 1973 1320 2047 tem,
1340 1985 1400 2033 ut
1417 1987 1593 2032 vestra
1613 1977 1785 2049 pietas
1798 1973 2083 2049 solertissi-

494 2060 638 2117 mam
660 2046 986 2116 vigilantiam
1016 2046 1572 2117 adhibeat,quatinus
1603 2046 1895 2103 consiliarii
1922 2059 1977 2103 et
2002 2048 2082 2103 di-

494 2115 950 2185 gnitatis’vestrae
976 2120 1207 2175 ministri
1236 2115 1598 2187 cnsiodesque
1623 2118 1836 2174 animae
1872 2128 2083 2175 vestrae

496 2194 553 2241 et
574 2189 840 2260 corporis,
870 2190 960 2260 qui
985 2189 1184 2246 debent
1212 2205 1331 2245 esse
1360 2191 1498 2245 intra
1521 2203 1745 2258 regnum
1773 2190 1893 2245 aliis
1920 2193 2082 2245 decus

492 2264 550 2313 et
576 2258 835 2331 bonitatis
859 2258 1169 2331 exemplum
1190 2270 1246 2317 et
1273 2262 1327 2316 in
1352 2261 1554 2316 exteris
1576 2260 1885 2316 nationibus
1903 2261 2083 2316 bonae

494 2329 767 2397 opinionis
814 2329 1240 2397 condimentum,
1289 2332 1611 2394 caritatem,
1665 2346 1875 2401 pacem,
1917 2341 2083 2401 atque

492 2400 839 2472 concordiam
865 2402 1013 2458 omni
1044 2403 1391 2458 simulatione
1437 2410 1494 2458 et
1536 2400 1830 2457 calliditate
1860 2400 2083 2472 postpo-

490 2468 597 2525 sita
625 2472 693 2525 ad
719 2472 951 2527 invicem
982 2473 1255 2537 habeant,
1288 2482 1347 2529 ut
1388 2473 1680 2529 secundum
1714 2472 1805 2526 Dei
1837 2468 2083 2528 volunta-

494 2552 604 2614 tem
634 2550 691 2597 et
720 2551 959 2598 vestram
980 2546 1316 2600 honestatem
1340 2554 1503 2614 atque
1552 2544 1717 2599 totius
1761 2543 1911 2612 regni
1956 2559 2083 2612 pro-

492 2608 692 2666 fectum
711 2615 1073 2670 communiter
1091 2616 1391 2677 decertent,
1413 2608 1491 2669 'et
1532 2614 1643 2667 veri
1692 2608 1848 2668 vobis
1873 2608 2082 2669 adi'utoo

492 2695 583 2736 res
612 2682 665 2737 in
705 2684 959 2740 omnibus
1003 2685 1345 2740 concorditer
1382 2685 1638 2740 existant.
1675 2681 1830 2738 Tunc
1877 2686 2082 2740 etenim

492 2753 950 2826 veri‘consiliarii
1008 2756 1232 2826 verique
1279 2755 1554 2811 adiutores
1594 2755 1763 2809 vestri
1806 2764 1862 2809 et
1911 2756 2082 2811 totius

492 2822 644 2897 regni
673 2822 981 2897 salubriter
1010 2822 1435 2897 esse'poterunt,
1484 2826 1531 2880 si
1576 2826 1860 2897 unanimes
1887 2828 2084 2897 extite-

493 2892 605 2946 rint
650 2902 708 2948 et
762 2894 817 2948 in
875 2895 1106 2951 invicem
1160 2892 1510 2952 dilectionem
1542 2896 1850 2952 habuerint.
1916 2896 2085 2952 Decet

491 2963 690 3035 quippe
717 2972 959 3037 utisacra
982 2967 1173 3023 domus
1198 2977 1377 3022 vestra
1405 2968 1614 3024 cunctis
1653 2967 1959 3036 spectabilis
1988 2983 2084 3037 ap-

493 3045 685 3107 pareat
709 3043 765 3107 et
784 3036 1062 3091 imitabilis
1091 3039 1307 3103 existat,
1344 3047 1399 3093 et
1426 3038 1569 3093 fama
1594 3051 1725 3094 suae
1755 3038 1931 3092 bonae
1957 3036 2082 3107 epi-

493 3103 671 3161 nionis
716 3106 831 3162 sive
863 3107 1022 3180 ‘alios
1068 3110 1086 3138 ’
1135 3109 1346 3180 imperii
1397 3110 1563 3165 veStri
1605 3108 1880 3180 subiectos
1910 3109 1929 3139 ³
1970 3103 2085 3180 sive

491 3182 710 3233 exteras
763 3177 1012 3235 nationes
1068 3177 1564 3236 habundantissime

493 3245 659 3315 igitur
690 3263 880 3304 omnes
906 3250 1272 3307 dissensiones
1314 3258 1371 3307 et
1416 3245 1720 3307 discordiae
1749 3251 2084 3308 dirimendae

494 3325 550 3372 et
591 3320 768 3392 omnis
804 3320 1008 3375 malitia
1037 3321 1301 3392 imperiali
1357 3321 1681 3392 auctoritate
1719 3330 1802 3376 est
1849 3323 2085 3392 comprio

495 3387 730 3461 menda,
758 3404 985 3446 necesse
1010 3387 1132 3457 est;
1150 3400 1210 3447 ut
1236 3393 1381 3461 quod
1422 3392 1477 3446 in
1507 3391 1628 3448 aliis
1656 3394 1933 3461 corrigere
1977 3387 2084 3449 'de-

496 3458 692 3533 cernit,
710 3460 775 3533 in
797 3474 861 3516 ea
887 3462 1117 3533 minime
1134 3458 1494 3533 repperiatur.
1516 3461 1652 3517 Nam
1686 3471 1742 3517 et
1767 3458 1875 3518 hoc
1903 3463 2082 3518 humi-

425 3556 437 3571 ι
498 3527 624 3584 liter
673 3530 1012 3587 obsecrando
1061 3527 1433 3598 admonemus,
1489 3542 1549 3588 ut
1596 3533 1795 3588 liberos
1850 3543 2080 3599 vestros,

497 3614 634 3723 gnos
689 3602 842 3656 vobis
868 3603 1047 3657 divina
1099 3604 1273 3673 pietas
1317 3603 1501 3671 largiri
1535 3603 1724 3670 voluit,
1781 3605 1838 3659 in
1892 3605 2086 3660 timore

543 3669 594 3723 ei
636 3670 832 3723 iuttiter
856 3671 1247 3723 diliuenteraue
1273 3673 1554 3723 erudiatis-
1607 3674 1771 3723 sicuti
1799 3684 1856 3723 et
1884 3675 2081 3723 facitis-

543 3669 594 3724 ei
636 3670 832 3742 iugiter
856 3669 1247 3742 diligenterque
1273 3669 1555 3742 erudiatis,
1607 3669 1771 3729 sicuti
1799 3684 1856 3730 et
1883 3675 2082 3742 facitis,

498 3750 550 3794 et
580 3747 636 3793 ut
666 3740 721 3794 in
763 3740 983 3797 mutuae
1028 3740 1336 3800 dilectionis
1363 3740 1590 3800 caritate
1644 3754 1700 3799 et
1728 3740 2086 3803 fraternitatis

499 3825 686 3866 amore
714 3819 877 3882 atque
906 3815 1275 3871 unanimitatis
1302 3817 1592 3872 concordia
1643 3816 1878 3872 vicissim
1906 3817 2084 3872 consi-

500 3883 880 3956 stan_t,_sedula
931 3893 1263 3956 paternaque
1304 3887 1675 3943 admonitione
1700 3888 1959 3942 insistatis
1984 3904 2000 3954 ;
2028 3897 2085 3943 et

500 3966 569 4007 ne
618 3952 835 4033 inlicitis
862 3952 1075 4033 aclibus
1096 3952 1358 4033 creatoris
1378 3958 1460 4033 sui
1489 3956 1752 4033 oﬁensam
1776 3952 2079 4033 incurrant,

501 4023 728 4104 provida
756 4025 1053 4104 solertique
1081 4028 1568 4104 circumspectione
1604 4029 1970 4104 nihilominus
1998 4023 2085 4084 in;

499 4095 1117 4166 vigiletis,attendentes
1159 4095 1346 4155 batum
1363 4097 1481 4166 Iob,
1531 4100 1687 4156 cuius
1737 4099 1992 4166 studium,
2023 4108 2086 4156 ut

499 4164 694 4245 beatus
743 4165 1034 4245 Gregorius
1062 4168 1116 4245 i_n
1147 4168 1442 4245 moralibus
1468 4164 1624 4226 libris
1652 4170 1891 4245 scripsit,
1938 4164 2082 4226 circa

500 4234 639 4307 ﬁlios
667 4234 994 4307 erudiendos
1022 4239 1132 4293 tale
1149 4241 1350 4307 extitit,
1378 4248 1568 4297 utnon
1595 4234 1783 4296 solum'
1803 4234 1898 4296 eos
1928 4251 2084 4296 exte-

502 4305 615 4379 rius
672 4305 941 4376 perfectos
984 4324 1151 4379 opere
1178 4319 1234 4366 et
1274 4305 1528 4367 sermone
1581 4309 1842 4377 efﬁceret,
1896 4326 2081 4366 verum

501 4377 665 4431 etiam
719 4391 909 4433 eorum
958 4377 1124 4436 corda
1174 4380 1420 4438 sacriﬁcii
1449 4382 1724 4438 oblatione
1771 4381 2077 4438 mundaret.

503 4446 793 4502 Adtendite
835 4449 997 4504 etiam
1059 4462 1111 4506 et
1150 4450 1172 4481 ⁸
1222 4452 1389 4508 David
1427 4452 1781 4508 instruentem
1834 4452 2082 4508 Salomo-

504 4532 628 4592 nem
667 4517 835 4592 lilium
871 4534 1045 4592 suum,
1077 4522 1147 4577 de
1172 4538 1282 4592 quo
1305 4523 1360 4577 in
1404 4523 1577 4592 primo
1607 4523 1742 4576 libro
1794 4521 2080 4577 Malacbim

503 4587 698 4663 legitur
723 4607 736 4641 :
764 4587 899 4662 Ego,
933 4587 1128 4661 inquit,
1153 4587 1421 4663 ingredior
1441 4594 1577 4647 uiam
1596 4593 1864 4646 uniuersae
1885 4599 2078 4647 terrae.

502 4656 1277 4735 qonfortare'etesto'virvforiis
1299 4674 1349 4719 et
1374 4664 1583 4718 observa
1604 4663 1866 4735 custodias
1888 4664 2088 4718 domini

502 4727 625 4783 Dei'
656 4731 751 4799 tui,
778 4741 834 4786 ut
872 4734 1101 4787 ambules
1127 4727 1185 4786 in
1211 4736 1306 4788 viis
1330 4735 1434 4789 eius
1473 4744 1522 4786 et
1549 4734 1813 4786 custodias
1862 4749 2089 4789 ceremo-

504 4801 619 4875 nias
639 4802 747 4857 eius
771 4811 822 4857 et
844 4805 1038 4859 iudicia
1066 4807 1173 4858 eius
1198 4813 1247 4875 et
1260 4815 1533 4875 praecepta
1557 4818 1603 4858 et
1624 4805 1933 4871 testimonia,
1958 4804 2090 4859 sicut

503 4871 751 4942 scriptum
800 4883 877 4947 est
929 4877 985 4929 in
1034 4875 1145 4947 lege
1189 4871 1383 4947 bloysi.
1428 4874 1498 4929 Et
1526 4876 1581 4930 in
1635 4877 1772 4930 libro
1823 4878 2094 4947 paralipo-

505 4954 703 5017 menon
731 4960 767 5017 εν
800 4944 873 4998 Tu
929 4944 1119 5013 autem,
1179 4944 1426 5001 Salomon
1469 4946 1550 5017 ﬁli
1578 4946 1693 5012 'mi,
1741 4944 1871 5001 scito
1928 4944 2092 5002 Deum

506 5015 672 5090 patrio
696 5016 795 5090 tui,
821 5024 872 5090 et
899 5018 1030 5090 servi
1058 5019 1103 5071 ei
1128 5017 1281 5090 corde
1310 5015 1534 5090 perfecto
1561 5026 1612 5072 et
1651 5018 1827 5074 animo
1855 5018 2090 5073 uolunta-

506 5083 608 5158 r_'io.
637 5082 927 5142 Adtendite
952 5087 1115 5143 etiam
1142 5086 1277 5142 Tobi
1302 5082 1321 5155 ζ
1349 5082 1416 5144 de
1442 5103 1549 5157 quo
1572 5090 1764 5158 legitur
1793 5090 1938 5158 quod
1966 5104 2089 5145 cum

508 5151 681 5210 factus
708 5164 852 5229 esset
878 5158 980 5222 vir,
1011 5159 1219 5229 accepit
1239 5151 1694 5215 uxorem'Anna'm
1719 5174 1788 5214 ex
1809 5151 1952 5216 iribu
1970 5176 2090 5229 sua,

510 5231 567 5277 et
609 5227 801 5299 genuit
829 5242 898 5283 ex
941 5244 1005 5283 ea
1037 5227 1224 5293 lilium,
1274 5244 1470 5286 nomen
1509 5244 1668 5285 suum
1700 5233 1982 5299 imponens
2017 5227 2087 5297 ei,

510 5307 672 5363 quem
699 5301 766 5354 ab
792 5298 1016 5354 infantia
1046 5300 1234 5356 timere
1256 5299 1421 5356 Deum
1439 5300 1622 5357 docuit
1647 5309 1704 5356 et
1733 5298 2005 5356 abstinere
2025 5305 2092 5357 ab

510 5367 660 5421 omni
706 5377 966 5443 peccato.
996 5369 1130 5427 Item
1161 5372 1303 5427 idem
1340 5372 1619 5443 alloquens
1666 5374 1901 5428 eundem
1925 5372 2094 5443 tilium

510 5449 670 5513 s_uum
718 5457 738 5513 _:
790 5439 1060 5508 Omnibus,
1112 5442 1306 5513 inquit,
1361 5439 1538 5499 dieb'us
1572 5443 1702 5496 vitae
1743 5452 1862 5496 tuae
1911 5442 2095 5498 habeto

511 5504 682 5566 Deum
708 5511 767 5567 in
790 5521 981 5581 ruente,
999 5504 1056 5567 et
1076 5504 1219 5580 cavi,
1244 5504 1309 5569 ne
1331 5514 1611 5584 aliquando
1638 5522 1846 5584 peccato
1876 5528 2096 5567 consen-

2182 490 2257 543 tia
2279 499 2366 542 tua
2396 491 2481 559 fac
2504 489 2856 553 elemosinam,
2889 498 2939 543 et
2960 488 3067 543 noli
3095 498 3322 542 avertere
3344 490 3544 558 faciem
3577 500 3742 542 tuam
3766 500 3827 544 ab

2174 560 2281 614 ullo
2310 576 2537 629 paupere
2561 574 2579 612 :
2608 560 2684 613 ita
2712 562 2846 614 enim
2864 560 2975 629 ﬁet,
2999 569 3055 613 ut
3079 576 3171 614 nec
3191 576 3224 612 a
3250 567 3299 613 te
3326 567 3618 613 avertatur
3650 562 3825 629 facies

2179 628 2701 702 Domini.'Quomodo
2728 628 2977 702 potueris.
3006 633 3080 685 ita
3102 640 3209 702 esto
3231 630 3562 702 misericors.
3610 628 3689 682 Et
3719 650 3749 683 c
3771 656 3825 680 εκ-

2179 709 2312 767 tera.
2344 698 2477 755 Item
2506 703 2665 770 paulo
2693 698 2814 771 post
2845 720 2858 754 :
2888 702 2970 755 Ad
2990 703 3120 757 ende
3141 701 3254 767 tibi,
3276 701 3377 770 Iili,
3409 702 3477 755 ab
3511 703 3681 755 omni
3718 706 3826 769 {or-

2177 772 2457 838 nicatione,
2480 782 2530 826 et
2544 772 2763 842 'praeter
2789 788 3004 827 uxorem
3032 783 3175 827 tuam
3204 788 3538 842 nequaquam
3574 773 3819 841 patiaris

2177 843 2369 915 crimen
2396 841 2563 897 scire.
2582 841 2892 915 superbiam
2919 841 3286 915 nunquamiin'
3320 850 3407 896 tuo
3430 859 3612 895 sensu
3646 853 3746 896 aut
3772 845 3823 896 in

2177 914 2331 966 corde
2386 914 2646 967 dominari
2695 917 2965 983 permittas
3016 914 3050 969 :7
3092 916 3147 967 in
3193 914 3213 943 ⁵
3250 915 3368 984 ipsa
3410 915 3567 967 enim
3608 914 3823 968 initium

2176 985 2394 1053 sumpsit
2446 985 2613 1038 omnis
2649 984 2890 1053 perditio.
2939 986 3004 1039 Et
3044 983 3187 1040 idem
3238 983 3347 1038 non
3395 993 3533 1053 post
3597 985 3818 1040 multa:

2178 1051 2464 1127 Consilium
2505 1051 2707 1122 semper
2746 1057 3044 1127 asapiente
3070 1056 3325 1126 perquire,
3360 1051 3528 1127 νόωηὶ
3582 1068 3821 1127 tempore

2180 1126 2389 1179 benedic
2411 1124 2523 1180 Deo
2551 1137 2598 1179 et
2622 1135 2733 1195 pete
2752 1125 2814 1178 ab
2836 1144 2920 1191 co,
2952 1134 3009 1179 ut
3030 1124 3135 1179 vias
3167 1124 3283 1179 tuas
3312 1126 3516 1197 dirigat
3547 1136 3609 1179 et
3640 1124 3816 1181 omnia

2180 1197 2400 1250 consilia
2429 1204 2520 1251 tua
2552 1197 2607 1248 in
2624 1194 2745 1266 ipso
2786 1206 3152 1267 permaneant.
3201 1197 3331 1250 Item
3361 1194 3514 1267 idem
3549 1215 3564 1249 :
3626 1194 3839 1253 Auditi

2179 1283 2324 1337 ergo,
2344 1266 2445 1337 filii
2472 1268 2593 1332 mei,
2622 1264 2823 1337 patrem
2851 1278 3107 1330 oestrum;
3136 1269 3320 1321 servile
3365 1264 3617 1322 Domino
3668 1270 3726 1321 in
3756 1272 3817 1323 ti-

2182 1353 2323 1409 more
2352 1339 2395 1407 ⁸,
2422 1347 2470 1391 et
2500 1339 2757 1408 inquirite,
2782 1346 2836 1390 ut
2859 1339 3069 1408 faciatis
3091 1354 3223 1409 quae
3244 1344 3364 1391 sunt
3385 1338 3602 1407 placita
3624 1340 3709 1393 illi
3728 1358 3746 1399 :
3768 1349 3817 1395 et

2182 1408 2306 1475 ﬁliis
2333 1410 2511 1462 vestris
2538 1409 2800 1479 mandate,
2832 1416 2890 1462 ut
2920 1408 3120 1479 [aciant
3152 1409 3376 1463 iustitias
3407 1419 3461 1462 et
3485 1409 3816 1464 elemosius

2181 1485 2307 1531 etut
2329 1479 2435 1532 sint
2459 1494 2706 1532 memores
2732 1477 2826 1533 Dei
2853 1487 2902 1533 et
2922 1477 3236 1534 'benedicant
3264 1494 3379 1533 eum
3400 1480 3459 1532 in
3491 1481 3669 1534 omni
3687 1488 3809 1535 tern-

2182 1564 2303 1622 pore
2321 1549 2376 1622 in
2403 1550 2613 1622 veritate
2639 1558 2689 1603 et
2712 1550 2769 1602 in
2785 1558 2894 1622 tota
2916 1552 3102 1622 virtute
3118 1566 3235 1605 sua.
3257 1549 3349 1605 llis
3360 1550 3642 1606 omnibus
3660 1566 3805 1622 prae-

2185 1619 2384 1691 libatis,
2398 1621 2727 1675 notescimus
2744 1620 2916 1687 vobis,
2930 1621 3076 1689 quod
3099 1636 3183 1687 ea,
3202 1635 3342 1691 quae
3357 1622 3413 1675 in
3428 1619 3708 1690 capitulis
3727 1638 3809 1677 ve-

2183 1690 2312 1745 stris
2340 1691 2495 1746 nobis
2512 1692 2790 1745 tractanda
2810 1691 3178 1753 commisistis,
3204 1690 3414 1746 scilicet
3433 1692 3575 1760 quid
3608 1709 3642 1746 a
3674 1692 3805 1760 prin-

2186 1761 2395 1830 cipibus
2421 1769 2477 1815 et
2514 1762 2725 1831 reliquo
2755 1761 2955 1831 populo
2984 1762 3070 1817 vel
3099 1762 3172 1816 ita
3199 1770 3255 1816 ut
3282 1762 3468 1815 divina
3501 1764 3801 1820 anetcritas

2113 1818 2160 1879 Β
2184 1818 2676 1895 doceat,autalitér
2693 1818 2962 1900 teneatur,
2978 1831 3058 1887 vel
3074 1833 3203 1902 quid
3218 1830 3344 1902 inde
3355 1848 3429 1886 ex
3451 1818 3801 1902 parteautex

2188 1910 2301 1955 toto
2326 1902 2608 1973 dimissum
2628 1902 2700 1958 sit
2717 1911 2775 1957 ut
2807 1918 2913 1958 non
2937 1899 3210 1971 teneatur,
3236 1899 3473 1957 fatemur
3494 1905 3633 1973 quia
3658 1904 3800 1961 iubis

2184 1972 2452 2042 capitulis,
2467 1987 2611 2045 quae
2630 1974 2879 2043 superius
2901 1973 3269 2045 continentur,
3293 1972 3598 2045 necnon’et
3616 1975 3677 2030 in
3701 1976 3799 2045 hu,

2185 2058 2325 2116 quae
2348 2044 2617 2113 praesenti
2639 2058 2782 2099 anno
2798 2043 3068 2116 conscribi
3089 2052 3147 2116 et
3163 2059 3258 2114 per
3275 2044 3474 2099 missos
3494 2043 3796 2116 vester

2185 2115 2317 2168 vitia
2345 2116 2752 2184 comprimenda
2779 2129 2875 2184 per
2908 2114 3194 2184 imperium
3222 2123 3464 2169 vestrum
3496 2114 3793 2181 direxistis,

2183 2189 2354 2239 multa
2374 2185 2738 2240 demonstrata
2754 2194 2899 2248 sunt,
2914 2199 3055 2253 quae
3066 2200 3097 2238 a
3116 2185 3424 2253 pastoribus
3436 2186 3795 2242 ecclesiarum

2184 2264 2241 2309 et
2270 2273 2299 2309 a
2326 2255 2656 2325 principibus
2676 2264 2733 2310 et
2754 2271 2785 2309 a
2807 2256 3017 2324 reliquo
3033 2255 3231 2327 populo
3255 2256 3521 2310 hactenus
3541 2260 3794 2327 neglecta

2185 2326 2502 2390 extiterunt,
2533 2336 2589 2381 et
2616 2327 2792 2391 aliter,
2837 2340 3002 2393 quam
3042 2326 3227 2379 divina
3274 2327 3574 2383 auctoritas
3596 2326 3666 2383 se
3699 2331 3793 2384 ba-

2185 2396 2331 2461 beat,
2364 2397 2419 2451 in
2445 2397 2528 2451 his
2554 2410 2650 2451 eos
2671 2398 2847 2466 egisse
2876 2405 2931 2449 et
2959 2408 3123 2464 agere
3153 2396 3418 2466 novimus.
3442 2396 3550 2453 Sed
3575 2400 3625 2453 si
3648 2398 3790 2455 haec

2184 2476 2370 2523 nostra
2398 2464 2749 2531 sacerdotalis
2769 2467 3069 2521 admonitio
3094 2464 3345 2538 eliectnm
3372 2467 3483 2522 Deo
3510 2479 3786 2538 operante

2187 2553 2282 2608 per
2315 2547 2555 2593 vestrum
2584 2540 2786 2593 bonum
2827 2538 3067 2592 studium
3093 2537 3292 2592 abhinc
3325 2537 3626 2607 Optinnerit,
3656 2555 3785 2596 cre-

2185 2610 2359 2664 dimus
2386 2609 2531 2677 quod
2560 2610 2747 2670 multa,
2780 2622 2922 2677 quae
2949 2622 2983 2661 a
3006 2608 3193 2665 multis
3211 2608 3372 2672 aliter,
3396 2623 3547 2675 quam
3575 2610 3768 2664 divina

2185 2681 2482 2735 auctoritas
2521 2695 2583 2735 se
2611 2679 2830 2751 habeat,
2878 2677 3098 2751 dimissa
3130 2690 3272 2751 sunt,
3300 2692 3422 2751 quae
3456 2693 3562 2751 non
3589 2688 3756 2734 tene-

2184 2752 2339 2815 bant,
2370 2751 2732 2818 corrigentur.
2782 2748 2914 2803 Nam
2946 2748 3164 2804 et'illud
3194 2750 3331 2817 quod
3352 2750 3404 2803 in
3437 2748 3637 2803 eisdem
3664 2765 3762 2805 ca-

2185 2822 2373 2890 pitulis
2399 2824 2729 2883 continetur,
2756 2828 2813 2875 ut
2839 2819 3186 2875 manifestum
3220 2823 3385 2886 tieret,
3412 2832 3547 2890 quae
3564 2833 3775 2876 causae

2184 2893 2241 2949 id
2259 2892 2555 2959 elfecerint,
2574 2902 2634 2946 ut
2648 2892 2957 2946 sacerdotes
2976 2901 3031 2945 et
3052 2891 3325 2960 principes
3341 2904 3373 2944 δ
3392 2897 3537 2945 recto
3560 2894 3783 2946 tramite

2185 2965 2514 3028 deviassent,
2552 2963 2803 3031 exceptis
2833 2962 3146 3032 praemissis
3169 2961 3438 3031 capitulis,
3459 2962 3516 3015 in
3554 2961 3779 3031 quibus,

2184 3036 2325 3090 sicut
2348 3035 2603 3099 diximus,
2634 3034 2801 3087 multa
2829 3032 3258 3101 negligebantur,
3278 3033 3585 3100 specialiter
3602 3043 3785 3088 tamen

2186 3121 2352 3161 unum
2402 3106 2743 3160 obstaculum
2769 3118 2837 3158 ex
2866 3106 3037 3158 multo
3065 3112 3311 3174 tempore
3350 3103 3454 3157 iam
3482 3103 3781 3160 inoleviste

1651 3178 1922 3235 eriundat.
1982 3178 2084 3236 Ubi
2113 3182 2159 3245 C
2187 3176 2576 3246 cognovimus;
2607 3175 2661 3231 id
2683 3184 2769 3229 est
2796 3176 2814 3206 ⁷
2842 3175 2968 3243 quia
2996 3188 3050 3246 et
3090 3175 3403 3243 principalis
3423 3183 3675 3244 potestas
3700 3177 3775 3229 di-

2188 3245 2358 3304 versis
2387 3246 2762 3302 occasionibus
2788 3245 3293 3316 intervenientibus,
3320 3260 3479 3301 secus
3508 3260 3679 3316 quam
3698 3260 3783 3300 an-

2187 3321 2410 3375 ctoritas
2453 3318 2633 3373 divina
2680 3331 2742 3373 se
2783 3316 3002 3383 habeat,
3053 3315 3109 3370 in
3155 3329 3346 3371 causas
3390 3315 3781 3372 ecclesiasticas

2188 3388 2511 3460 prosilierit,
2559 3398 2616 3443 et
2642 3388 2955 3460 sacerdotes
2983 3387 3177 3460 partim
3209 3388 3567 3460 negligentia,
3603 3388 3773 3458 parti:

2186 3457 2510 3530 ignorantia,
2558 3460 2613 3514 in
2659 3457 2976 3530 cupiditate,
3022 3458 3082 3530 in
3108 3459 3442 3513 secularibus
3467 3457 3766 3528 negetieet

2186 3528 2637 3588 sollicitudinibus
2681 3529 2819 3584 ultra
2861 3543 3024 3598 quam
3054 3528 3353 3600 debuerant
3379 3545 3440 3584 se
3482 3543 3772 3600 oceupave-

2186 3604 2317 3666 rint,
2348 3613 2405 3657 et
2442 3601 2545 3655 hac
2570 3600 2863 3655 occasione
2888 3601 3046 3655 aliter
3066 3614 3230 3670 quam
3271 3599 3453 3655 divina
3490 3599 3779 3655 auctoritas

2186 3672 2397 3739 doceat,
2429 3672 2483 3726 in
2504 3682 2733 3740 utraque
2756 3679 2910 3740 parte
2938 3681 3119 3725 actum
3149 3671 3392 3725 extitis~e
3420 3671 3659 3726 dubium
3688 3684 3780 3725 non

2188 3753 2290 3798 est.
2319 3744 2424 3798 Sed
2445 3746 2573 3813 quia
2604 3742 2716 3797 Deo
2736 3742 3031 3813 miserante
3051 3756 3083 3795 a
3103 3742 3544 3812 progenitoribus
3563 3752 3621 3795 et
3653 3742 3783 3811 geti-

2192 3823 2310 3869 tore
2337 3811 2517 3870 vestro
2546 3823 2603 3867 et
2642 3828 2676 3867 a
2712 3813 2866 3866 vobis
2894 3811 3062 3867 multa
3082 3811 3330 3867 correcta
3355 3814 3718 3882 gratulamur,
3744 3813 3786 3866 si

2187 3900 2274 3953 ea,
2303 3900 2445 3955 quae
2466 3884 2850 3955 admonemus,
2884 3897 3204 3955 prosperum
3234 3898 3547 3938 successum
3579 3884 3785 3938 habue-

2186 3952 2624 4025 rint,'credimns
2655 3952 2804 4024 quod
2861 3955 2945 4025 ad,
2976 3952 3323 4025 perfecsionis
3365 3962 3568 4008 statum
3611 3966 3789 4011 vestra

2186 4028 2417 4084 intentio
2448 4033 2744 4094 nostraque
2771 4024 2990 4080 «levatio
3013 4024 3123 4078 Deo
3148 4033 3474 4093 coeperante
3498 4028 3791 4095 pervenire

2184 4102 2381 4172 possit.
2435 4095 2820 4172 Yerumuttien
2883 4096 3012 4165 quia
3069 4096 3312 4150 novimus
3358 4104 3562 4172 statum
3626 4097 3793 4172 huius

2184 4166 2339 4239 regni
2364 4168 2466 4224 sub
2488 4168 2596 4234 .tali
2615 4166 2925 4239 conditione
2948 4175 3015 4239 et
3030 4173 3220 4239 tenore
3242 4167 3475 4239 crevisse
3504 4174 3685 4236 atque
3713 4170 3789 4222 (ιι-

2185 4236 2413 4296 latatum
2443 4253 2583 4302 esse,
2615 4245 2671 4291 et
2695 4254 2727 4292 a
2769 4236 3198 4307 prudentissimis
3223 4238 3533 4307 snnctisqnc
3556 4241 3790 4307 praeda

2185 4310 2486 4367 cessoribus
2515 4308 2718 4363 nostris
2753 4308 2796 4371 ⁸,
2830 4307 2947 4363 sive
2976 4307 3187 4363 scilicet
3214 4307 3282 4363 ab
3312 4308 3583 4379 episcopis
3605 4311 3735 4363 sive
3764 4326 3795 4364 ι

2185 4382 2539 4452 principibus,
2590 4380 2735 4435 hanc
2783 4394 3003 4433 causam
3055 4394 3123 4433 ex
3163 4387 3282 4435 toto
3323 4389 3634 4435 correctam
3689 4396 3795 4435 mn

2186 4451 2354 4509 fuisse
2397 4460 2621 4523 propter
2646 4453 2783 4506 haec
2809 4464 2951 4523 quae
2989 4465 3090 4523 suo
3134 4459 3379 4520 tempore
3394 4451 3504 4523 dici
3536 4461 3795 4520 possunt,

2114 4547 2161 4605 ο
2185 4532 2242 4605 et
2288 4520 2511 4594 pondus
2553 4530 2736 4605 tantae
2763 4520 3210 4605 considerationis
3256 4521 3537 4605 parvitatis
3569 4531 3798 4605 nostra

2189 4592 2332 4650 vires
2364 4593 2616 4658 excessit,
2647 4593 2904 4661 quoniam
2928 4606 3030 4646 nec
3055 4592 3229 4645 otium
3260 4606 3363 4646 nec
3390 4593 3632 4662 Spatium
3662 4602 3799 4649 tein-

2190 4668 2337 4738 poris
2382 4679 2483 4738 nec
2520 4663 2905 4738 plenitudinem
2949 4663 3400 4738 consacerdotum
3433 4674 3799 4738 nostrorum,

2190 4734 2331 4792 sicut
2379 4737 2495 4807 ipsa
2547 4734 2841 4807 necessitas
2882 4736 3232 4807 exposcebant,
3282 4735 3615 4807 habuimus:
3676 4736 3801 4791 ideo

2193 4808 2331 4862 haec
2354 4804 2759 4876 congruentiori
2787 4812 2845 4859 et
2871 4806 3069 4874 aptiori
3099 4805 3329 4876 tempori
3358 4806 3466 4859 vita
3495 4807 3733 4876 comite,
3756 4808 3800 4863 si

2195 4878 2338 4933 Deus
2366 4879 2441 4931 ita
2471 4875 2740 4941 annuerit,
2769 4876 3045 4929 tractanda
3073 4891 3138 4930 ac
3165 4875 3561 4931 consideranda
3582 4877 3800 4933 distuli-

2196 4964 2335 5012 mus,
2371 4949 2625 5015 quoniam
2658 4955 2843 5000 tantae
2878 4945 3329 5001 considerationis
3357 4946 3623 5016 perfectio
3657 4949 3800 5003 indi-

2197 5030 2290 5090 get
2317 5019 2551 5073 adsensu
2592 5026 2648 5072 et
2678 5018 2945 5071 adiutorio
2974 5020 3301 5090 principum,
3344 5028 3401 5073 et
3444 5019 3801 5075 multitudine

2196 5088 2361 5159 atque
2411 5090 2701 5143 devotione
2750 5104 2960 5142 necnon
3009 5098 3066 5142 et
3110 5088 3292 5159 studio
3348 5091 3702 5146 sacerdoutm
3746 5100 3803 5145 et

2196 5157 2556 5227 oboedientiaJ
2578 5159 2663 5214 vel
2690 5159 2980 5228 concordia
3008 5157 3191 5228 pepuli
3220 5159 3661 5228 et,congruentia
3692 5161 3804 5216 loci

2196 5226 2568 5302 temporisque
2605 5231 2802 5299 spatio.
2854 5226 3024 5283 Porro
3062 5226 3132 5284 de
3176 5226 3469 5302 episcopali
3497 5230 3803 5302 libertate,

2199 5299 2361 5372 quam
2392 5299 2503 5356 Deo
2559 5309 2833 5354 annuente
2856 5307 3167 5372 vestroque
3220 5300 3550 5372 adminiculo
3602 5299 3806 5356 satira-

2200 5369 2364 5443 gante
2388 5373 2615 5442 adipisci
2652 5373 2721 5425 ad
2770 5371 2869 5425 Dei
2920 5370 3197 5443 servitium
3241 5369 3607 5441 peragendum
3635 5376 3802 5442 cupi-

2203 5441 2323 5498 mus
2345 5482 2361 5509 ,
2407 5441 2507 5498 suo
2538 5445 2592 5497 in
2620 5452 2864 5513 tempore
2893 5442 3045 5497 vobis
3073 5441 3297 5513 dicenda
3325 5452 3492 5512 atque
3513 5441 3804 5500 vobiscum

2202 5514 2528 5570 conferenda
2550 5512 2961 5581 reservavimus,
2991 5522 3260 5584 quatenus
3285 5512 3362 5569 ita
3385 5514 3479 5583 sit,
3509 5522 3571 5570 ut
3594 5521 3655 5569 et
3698 5529 3806 5571 no-

1743 5645 2132 5703 VARIANTES
2168 5646 2568 5705 LECTIONES.

587 5735 604 5767 ¹
647 5744 706 5793 οι
731 5737 1124 5867 guperscripto)
1145 5746 1205 5793 ut
1220 5739 1340 5797 sitis
1368 5739 1435 5797 G.
1546 5742 1567 5772 ³
1591 5740 1712 5800 aliis
1732 5739 1803 5799 G.

587 5806 711 5865 lout
786 5844 804 5867 .
880 5810 903 5843 ⁸
934 5819 1124 5867 vestris
1150 5806 1273 5867 Bal.

506 5805 537 5886 f'
566 5806 711 5865 deest
734 5805 828 5867 Β(
880 5810 903 5843 ⁸
934 5805 1124 5869 vestris
1150 5806 1273 5867 Bal.

1916 5741 1937 5774 ³
1964 5742 2235 5801 subiectas
2256 5743 2327 5800 G.
2355 5760 2422 5800 ea:
2449 5759 2587 5800 corr.

2702 5742 2907 5804 ‘adG.
2987 5747 3009 5778 ⁵
3058 5745 3278 5803 exBal.
3345 5745 3618 5803 ‘veritate
3672 5746 3790 5805 Bai
