3974 6340
551 292 656 350 879

554 490 656 532 nae
679 470 1349 540 cuiuslibetacceptioneni
1375 471 1479 533 his,
1505 484 1638 539 quos
1667 484 1855 540 sanare
1875 470 2117 540 cupiunt,

555 547 797 602 cauterio
843 550 936 594 aut
965 537 1231 594 ferro'aut
1259 541 1403 593 duris
1451 537 1566 592 aliis
1613 538 1935 607 quibuslibet
1966 537 2124 591 rebus

555 621 819 686 pari-unt;
850 610 1018 691 muth
1042 611 1210 691 magis
1233 611 1310 663 his
1340 608 1733 691 observandum
1757 617 1864 691 est.
1893 607 1981 691 qqi
2015 623 2122 661 non

551 677 838 751 corporum
867 719 882 744 ,
931 680 1021 736 sed
1072 677 1367 734 animarum
1417 678 1605 751 medici
1639 677 2126 751 existunt._l\'eqne

555 747 827 822 pensanda
871 758 954 804 est
991 751 1316 822 poenitentia
1357 749 1654 822 quantitate
1700 748 1987 822 temporis,
2030 747 2123 801 sed

555 817 746 878 ardore
768 822 962 875 mentis
991 817 1045 873 et
1074 821 1482 874 mortilicatione
1513 817 1769 886 eorporis.
1806 827 1910 872 ι,οτ
1939 827 2121 870 autem

556 892 845 948 contritum
870 898 925 943 et
953 889 1282 943 humiliatum
1310 889 1450 942 Deus
1479 903 1583 941 non
1613 886 1833 956 spernit.

629 961 715 1016 59.
758 960 838 1014 De
857 960 1120 1013 monachis
1149 969 1196 1012 et
1219 955 1712 1012 sanctimoniali'Ms.
1746 956 1913 1010 Nemo
1933 955 2129 1010 audeat

556 1031 878 1088 monachum
909 1030 991 1082 vel
1037 1028 1467 1084 sanctimonialcs
1503 1026 1722 1080 feminas
1766 1025 1831 1079 ad
1865 1024 2021 1080 civile
2047 1027 2129 1078 iu-

557 1103 752 1157 dicium
784 1114 1035 1154 accusare
1054 1138 1070 1162 ,
1096 1097 1187 1153 sed
1217 1097 1284 1150 ad
1330 1098 1671 1166 episcOpum;
1703 1104 1756 1150 et
1781 1096 1892 1164 ipse
1920 1110 1985 1149 ex
2011 1095 2129 1165 lege

497 1203 504 1235 ρ
560 1175 643 1226 vel
689 1169 981 1224 canonibus
1024 1175 1438 1223 consentaneam
1504 1167 1822 1220 sententiam
1871 1166 2128 1235 proferat.

485 1231 500 1324 ξ
553 1240 703 1324 Haec
745 1254 934 1322 omnes
963 1239 1200 1307 episcOpi
1229 1238 1532 1324 custqdiant
1557 1246 1611 1290 et
1632 1249 1819 1316 omnes
1869 1231 2129 1305 praefecti

460 1305 497 1370 λ’
553 1311 783 1365 Romani
811 1317 866 1364 et
895 1305 1169 1378 p'aetorcs
1222 1307 1399 1375 populi
1445 1315 1508 1378 et
1544 1305 1933 1377 provinciarum
1979 1320 2132 1378 prae-

550 1383 722 1443 sides,
772 1389 831 1432 ut
870 1376 1058 1432 curent
1099 1377 1257 1432 citius
1305 1376 1689 1430 monaehOrum
1738 1383 1794 1429 et
1835 1376 2128 1428 sanctimo-

562 1451 778 1504 nialium
805 1448 927 1502 lites
970 1448 1239 1500 dirimere.
1285 1447 1341 1500 Si
1373 1447 1492 1514 quis
1521 1446 1657 1514 hanc
1693 1445 2131 1500 constitutionem

561 1520 874 1583 violaverit,
929 1518 982 1570 in
1011 1535 1040 1570 ιι
1065 1518 1318 1584 agistratu
1366 1513 1570 1584 positus
1597 1513 1782 1569 decem
1823 1515 1837 1544 ¹
1876 1515 2130 1568 librarum

553 1591 676 1645 auri
715 1602 886 1659 poena
932 1587 1264 1659 multabitur.
1293 1587 1346 1641 Si
1389 1593 1790 1659 exsecutorest,
1838 1584 1888 1637 in
1932 1585 2134 1659 catenis

561 1652 910 1716 ecclesiarum
949 1657 1256 1712 recludatur
1284 1671 1484 1726 poenas
1518 1655 1764 1720 luiturus,
1816 1662 1869 1708 et
1897 1652 2133 1708 ofﬁiium

555 1731 769 1800 perdat.

1477 287 1538 339 Β.
1570 283 1815 340 CAROLI
1858 283 2066 339 MAGNI
2109 285 2256 339 OPP.
2301 286 2474 341 PARS
2507 287 2524 340 l
2565 287 2806 342 SECTIO
2845 285 2888 342 l.

551 407 725 462 cinam
749 399 950 477 inferre
978 407 1237 477 conantur
1260 441 1274 466 ,
1323 414 1656 477 nequaquam
1688 406 1905 466 propter
1936 413 2118 477 perso-
2148 403 2198 460 Α

3721 289 3811 347 880

2295 396 2381 448 64.
2425 396 2572 461 Quod
2611 399 2822 464 quidam
2865 399 3155 467 presbiteris
3194 398 3381 466 absque
3409 414 3691 455 consensu
3717 412 3811 469 epi-

2224 484 2503 540 scoporum
2537 468 2929 540 ecclesiasdent
2973 472 3048 521 ret
3075 470 3332 533 auferunt.
3363 469 3671 531 Inventum
3722 468 3807 540 eli,

2225 541 2368 606 quol
2401 537 2548 608 multi
2597 539 2800 591 arbitrii
2835 539 2918 590 sui
2959 547 3260 591 temeritate
3290 548 3364 602 et,
3396 542 3558 608 quod
3595 554 3676 594 le
3706 537 3809 607 gis;

2227 608 2375 671 vius,
2409 607 2552 660 dui-ti
2581 608 2873 676 cupiditate
2903 607 3212 678 presbiteris
3243 607 3591 677 quibuSIibet
3619 614 3688 666 ab
3718 632 3806 677 que

2227 691 2490 748 consensu
2520 678 2891 748 episcoporum
2943 679 3198 748 ecclesias
3227 679 3355 732 dant
3401 681 3493 732 vel
3549 681 3803 737 auferunt.

2231 746 2380 800 Unde
2435 755 2669 815 oportet,
2707 746 2786 800 'ut
2835 747 3094 800 canonica
3124 749 3306 815 regula
3338 762 3590 813 servata,
3639 768 3716 804 nu
3744 764 3806 807 uss

2226 817 2430 884 absque
2459 831 2722 870 consensu
2761 817 2994 884 episcopi
3044 817 3265 870 cuilibet
3295 820 3619 881 presbitero
3647 824 3802 874 cccle-

2230 887 2364 939 siam
2389 887 2496 939 det.
2531 886 2700 952 Quam
2733 889 2776 940 si
2809 887 3003 940 iniuste
3045 887 3268 955 adeptus
3300 891 3492 952 luerit,
3529 890 3674 944 hanc
3717 910 3802 945 non

2228 957 2346 1010 sine
2371 956 2529 1024 culpa
2571 970 2668 1011 sua
2697 973 2878 1011 coram
2911 958 3167 1025 episcopo
3201 959 3473 1012 canonica
3525 975 3625 1012 sev
3661 964 3806 1017 ritate

2233 1027 2466 1078 amittat.

2300 1091 2388 1148 65.
2435 1095 2508 1166 De
2536 1094 2746 1158 Scottis,
2776 1096 2860 1165 qui
2891 1112 2946 1166 se
2965 1095 3226 1162 episc0pos
3246 1112 3355 1149 esse
3374 1097 3569 1150 dicunt
3599 1108 3650 1150 et
3670 1117 3802 1166 quoi-

2230 1165 2352 1235 dam
2393 1164 2580 1235 absque
2640 1164 2853 1235 licentia
2900 1165 3224 1235 dominorum
3274 1183 3494 1220 suorum
3556 1164 3801 1226 ordinant.

2229 1234 2367 1290 Sunt
2397 1236 2448 1287 in
2477 1233 2792 1304 quibusdam
2833 1233 2974 1308 locis
2998 1234 3199 1308 Scntti,
3245 1237 3335 1302 qui
3380 1252 3442 1308 se
3493 1237 3688 1290 dicunt
3713 1245 3802 1308 epi-

2231 1320 2427 1372 scopos
2455 1318 2594 1371 esse,
2649 1313 2705 1358 et
2741 1304 2936 1358 multos
2966 1305 3306 1373 neglegentes
3351 1307 3569 1374 absque
3611 1304 3798 1364 licentia

2231 1375 2568 1428 dominorum
2597 1390 2814 1429 suorum
2844 1376 2958 1428 sive
3000 1378 3373 1442 magistrotum
3406 1378 3740 1441 presbiteros
3760 1391 3802 1433 et

2233 1443 2783 1520 diaconosordinaut.
2823 1443 3060 1520 Quorum
3083 1445 3519 1520 Δοιςιιίιιιιιὶοιιιξιιι,
3559 1449 3681 1515 quia
3710 1452 3800 1520 pie.

2233 1529 2457 1584 rumque
2488 1513 2540 1567 in
2593 1515 3175 1584 simoniacamﬂincidit
3221 1515 3475 1570 heresem
3536 1513 3595 1572 et
3643 1513 3794 1574 titulus

2235 1583 2508 1638 erroribus
2554 1583 2818 1649 subiacet,
2852 1583 3022 1637 modis
3048 1584 3294 1638 omnibus
3335 1586 3558 1640 irritam
3587 1587 3695 1642 ﬁeri
3719 1591 3794 1643 de-

2236 1653 2384 1714 bere,
2415 1669 2602 1707 omnes
2634 1670 2739 1707 uno
2787 1668 3050 1708 consensu
3079 1653 3434 1710 decrevimus.

2308 1723 2394 1777 66.
2440 1722 2515 1776 De
2535 1724 2801 1778 monac/iis
2831 1722 2994 1777 laicis.
3030 1723 3087 1778 Si
3125 1725 3419 1778 monachus
3449 1725 3626 1781 laicus
3653 1727 3790 1792 factus

939 1796 1105 1850 multi
1125 1797 1184 1874 in
1207 1795 1519 1874 poenitentia
1570 1794 1766 1874 deliciis
1810 1793 2130 1874 indulgeant.
2168 1777 2212 1837 Β
2239 1791 2432 1873 fuerit,
2449 1795 2657 1874 honore
2683 1793 2979 1874 etcing‘ulo
3013 1794 3417 1874 expolieturnet
3442 1777 3790 1874 rosei-nstitit;

563 1869 738 1934 Multi,
766 1867 910 1937 quod
948 1880 1054 1920 non
1096 1868 1211 1920 sine
1247 1865 1742 1937 doloreuicendum
1773 1873 1855 1918 est
1878 1904 1894 1929 ,
1922 1865 1972 1917 iu
1999 1879 2132 1933 poe-

563 1936 796 1994 nitentia
815 1953 918 1992 non
953 1945 1058 1990 tam
1089 1936 1292 2004 peccati
1322 1936 1713 2001 remissionem,
1743 1949 1901 2001 quam
1927 1943 2136 2002 tempo-

562 2008 637 2074 ris
664 2007 938 2086 constituti
975 2015 1276 2086 expectant
1297 2005 1688 2086 expletionem;
1713 2012 1774 2086 et
1802 2005 1846 2058 si
1895 2006 2135 2086 carnium

542 2087 619 2134 et
649 2079 754 2132 vini
787 2093 910 2132 usus
941 2077 1018 2132 eis
1062 2074 1376 2131 interdictus
1403 2085 1506 2142 est,
1559 2082 1762 2128 mutata
1804 2090 1909 2128 non
1945 2074 2134 2127 volun-

563 2157 696 2212 tate,
719 2147 811 2202 sed
835 2147 1070 2202 eiusdem
1093 2147 1196 2201 cibi
1220 2155 1311 2199 aut
1327 2153 1484 2214 potus
1496 2145 1840 2213 perceptione
1865 2145 1914 2197 in
1932 2155 2136 2198 tantum

561 2218 766 2272 deliciis
794 2218 904 2272 suis
952 2216 1244 2284 indulgent,
1299 2223 1354 2269 ut
1400 2214 1696 2270 delitiosius
1740 2214 2139 2269 hisiuterilictis

563 2288 790 2342 aliorum
838 2287 1076 2342 ciborum
1103 2286 1186 2341 vel
1243 2286 1517 2356 potionum
1543 2285 1788 2356 appetitu
1845 2287 2021 2338 vivere
2048 2299 2139 2356 co-

562 2369 909 2427 gnoscantur.
961 2353 1447 2427 Spiritalis'autem
1504 2353 1846 2427 abstinentia,
1899 2371 2036 2420 quae
2086 2354 2138 2408 in

563 2423 963 2497 poenitentibus
993 2423 1327 2496 potissimum
1358 2426 1535 2494 vigere
1573 2423 1769 2485 debet,
1803 2433 1858 2497 et
1897 2438 2138 2497 quorun-

563 2493 685 2552 dam
708 2500 947 2552 ciborum
971 2493 1034 2550 ac
1049 2497 1325 2563 potionum
1340 2497 1709 2565 perceptiones
1739 2507 1791 2546 et
1813 2493 2140 2565 desiderium

567 2567 751 2636 fugere
781 2569 956 2620 debet.
995 2565 1116 2631 Ille,
1151 2564 1402 2636 inquam,
1433 2564 1527 2636 ille
1575 2565 1736 2632 magis
1783 2564 2142 2636 parsimoniae

565 2634 768 2691 servire
789 2636 1196 2703 censendusest,
1226 2634 1317 2703 qui
1346 2634 1446 2689 sibi
1476 2649 1581 2687 non
1604 2640 1772 2686 solum
1805 2635 2140 2703 quarundam

567 2721 746 2760 rerum
777 2701 1192 2773 perceptiones,
1223 2701 1318 2760 sed
1346 2704 1734 2760 delectationes
1780 2705 2021 2772 corporis
2049 2701 2142 2772 'pe-

570 2775 714 2830 nitus
743 2775 1034 2828 interdicit.

637 2846 724 2897 6t.
771 2845 844 2896 De
890 2843 985 2908 Itis,
1011 2845 1094 2913 qui
1124 2860 1188 2898 ex
1234 2843 1486 2898 industria
1516 2852 1744 2912 peccant.
1781 2844 1884 2898 Sel
1914 2859 2009 2913 nec
2040 2842 2141 2898 hoc

568 2912 1030 2986 praetereundum
1077 2924 1356 2986 putamus.
1404 2913 1546 2982 quod
1604 2915 1820 2986 quidam
1885 2912 2140 2968 industria

568 2984 856 3055 peccantes
887 2993 1106 3054 propter
1152 2985 1554 3039 elimosinarum
1605 2984 1935 3051 largitionem
1966 3000 2143 3055 quan-

567 3053 692 3109 dam
745 3055 843 3108 sibi
877 3053 1193 3124 promittunt
1238 3056 1612 3124 inpunitatem.
1668 3055 1950 3108 Elimosina
2000 3053 2142 3106 enim

2236 1864 2471 1918 nasterio
2522 1863 2842 1918 adiciantur.
2876 1863 3027 1928 Quod
3057 1863 3100 1917 si
3131 1864 3484 1918 monasticam
3544 1870 3700 1920 vitam
3725 1885 3787 1922 re-

2236 1933 2475 2001 liquerit,
2506 1948 2723 2002 praeses
2751 1936 3055 2002 provinciae
3078 1950 3197 1987 eum
3238 1943 3454 1999 teneat,
3490 1945 3547 1990 et
3579 1947 3786 1992 taleolas

2237 2007 2320 2058 vel
2350 2005 2532 2058 curiae
2560 2019 2690 2056 suae
2721 2013 3091 2058 connumeret.

2309 2073 2395 2126 67.
2442 2073 2638 2142 Deliis,
2663 2073 2747 2142 qui
2802 2075 2855 2126 in
2887 2089 3046 2126 coena
3078 2072 3284 2127 Domini
3324 2075 3689 2130 eucharistiam
3715 2095 3781 2132 rte-

2237 2145 2464 2217 glegunt.
2512 2141 2574 2217 Διιι
2614 2141 2782 2217 coena
2819 2143 3044 2217 Domini
3093 2158 3122 2196 a
3166 2145 3485 2217 quibusdam
3542 2151 3785 2217 perceptio

2239 2213 2594 2268 eucharistiae
2626 2213 2942 2280 neglegitur.
2973 2220 3122 2278 Quae
3156 2215 3416 2280 quoniam
3445 2220 3492 2270 in
3515 2213 3786 2270 eadem‘die

2241 2285 2307 2355 ab
2331 2282 2874 2355 οιιιι-ιῙὺ-υξίὶιιυιιιιυς,
2903 2285 3144 2352 exceptis
3169 2285 3268 2348 his,
3296 2286 3490 2352 quibus
3515 2304 3608 2355 pro
3628 2291 3784 2354 gravi-

2239 2353 2340 2407 bus
2371 2353 2684 2406 criminilms
2742 2354 3023 2407 inhibitum
3067 2362 3169 2414 est,
3226 2353 3560 2423 percipienda
3591 2353 3674 2420 sit.
3701 2374 3781 2411 ec-

2240 2423 2570 2495 clesiasticus
2602 2439 2726 2495 usus
2777 2423 3140 2495 demonstrat;
3187 2440 3309 2478 cum
3333 2427 3488 2479 etiam
3512 2428 3778 2495 poeniten-

2241 2501 2322 2547 tes
2353 2493 2537 2546 radem
2570 2494 2654 2547 die
2695 2499 2758 2547 ad
2789 2494 3131 2563 percipienda
3181 2497 3413 2563 corporis
3441 2505 3487 2549 et
3513 2493 3776 2563 Sanguinis

2241 2563 2495 2617 dominici
2520 2575 2852 2616 sacramenta
2878 2563 3295 2617 reconcilientur
3314 2567 3347 2618 ³.

2312 2633 2407 2704 68,
2445 2632 2594 2695 Quod
2630 2634 2823 2704 inﬁrmi
2862 2645 2909 2687 et
2942 2635 3138 2704 aegroti
3185 2636 3288 2688 o’eo
3314 2635 3544 2687 benedicta
3586 2650 3757 2701 perun-

2241 2703 2430 2774 guendi
2470 2705 2591 2756 sint.
2627 2703 2942 2774 Secundum
2983 2703 3120 2756 beati
3153 2703 3328 2758 I'Jt'Obl
3367 2705 3576 2771 apostoli
3612 2707 3764 2774 dou-

2244 2773 2504 2836 ineutmn,
2554 2773 2637 2828 cui
2671 2774 2830 2826 etiam
2861 2775 3075 2827 decreta
3105 2784 3314 2841 patrum
3356 2781 3662 2835 consonant,
3698 2773 3772 2825 in-

2246 2845 2405 2896 lirmi‘
2429 2844 2569 2903 oleo.
2601 2846 2740 2910 quod
2767 2844 2832 2897 ab
2864 2859 2909 2910 e,
2933 2844 3128 2912 iscopis
3168 2843 3509 2908 benedicitur,
3537 2859 3566 2896 a
3590 2843 3775 2912 presbi-

2247 2913 2374 2966 teris
2400 2913 2522 2979 ungi
2570 2914 2786 2967 debent.
2821 2915 2908 2968 Sic
2953 2914 3093 2967 enim
3141 2913 3213 2965 ait
3245 2931 3256 2964 :
3295 2912 3589 2982 Iuﬁrntatur
3616 2915 3776 2983 aliquis

2244 2985 2297 3036 in
2327 2983 2508 3036 vobis?
2539 2983 2746 3036 inducat
2775 2983 3079 3049 presbiterts
3109 2983 3322 3036 ecclesia
3345 3007 3350 3016 ν
3374 3023 3391 3048 ,
3428 2993 3475 3036 et
3503 2993 3637 3038 orent
3657 3001 3777 3051 super

2249 3070 2363 3106 eum
2385 3061 2666 3122 tinguentes
2693 3069 2804 3105 eum
2833 3055 2941 3107 oleo
2965 3057 3014 3106 in
3040 3055 3244 3107 nomine
3275 3053 3512 3114 Domini;
3555 3067 3600 3108 et
3641 3055 3777 3108 oratio

569 3125 832 3193 extinguit
863 3118 1097 3193 pectata,
1131 3125 1272 3178 iuxta
1297 3118 1423 3178 illud
1453 3143 1462 3176 :
1498 3122 1562 3194 lg
1583 3125 1956 3177 emat-dentem
1979 3125 2145 3177 extin-
2175 3118 2218 3181 C
2252 3124 2372 3192 ﬁdei
2398 3118 2614 3176 saivabit
2639 3123 2924 3194 inﬁrmum,
2964 3134 3011 3176 et
3055 3124 3293 3194 allevabit
3323 3141 3438 3176 eum
3471 3127 3720 3184 Dominus;
3743 3133 3778 3176 ct

570 3197 679 3267 quit
704 3211 858 3266 aqua,
885 3205 932 3267 et
961 3194 1227 3248 elimoi'iua
1243 3195 1493 3264 extinguit
1523 3205 1754 3267 ,eccata,
1783 3194 1986 3267 seduea.
2009 3208 2148 3267 quae

570 3263 667 3320 aut
697 3263 1015 3319 necessitate
1053 3273 1148 3319 aut
1176 3280 1314 3334 quae
1344 3263 1470 3334 casu
1502 3273 1594 3316 aut
1615 3263 1850 3334 qualibet
1878 3263 2009 3334 liunt
2039 3266 2145 3334 l'ra-

567 3337 796 3404 gilitate.
831 3337 901 3387 Ea
933 3349 1083 3404 vero,
1113 3333 1249 3404 quae
1275 3348 1341 3387 ex
1371 3333 2028 3404 industriaadcuiushbet
2082 3333 2146 3404 li-

573 3401 813 3460 bidinem
834 3401 1157 3472 esplcndam
1186 3403 1386 3459 idcirco
1417 3402 1569 3465 fiunt,
1603 3411 1660 3455 ut
1689 3401 1984 3457 climosinis
2006 3402 2147 3455 redi-

567 3481 792 3528 mantur
816 3513 832 3539 ,
862 3487 1201 3542 nequaquam
1251 3474 1328 3528 eis
1375 3472 1565 3528 redimi
1595 3481 1853 3542 possunt;
1907 3472 2031 3542 quia
2059 3472 2150 3540 qui

575 3543 682 3598 hoc
713 3551 1023 3612 perpetrant
1049 3585 1062 3604 ,
1093 3543 1338 3597 videntur
1369 3543 1798 3612 Deummcrcede
1826 3543 2150 3607 conducere,

573 3620 638 3682 ut
658 3611 736 3666 eis
766 3614 984 3682 impune
1029 3628 1255 3681 peccare
1297 3613 1474 3668 liceat.
1509 3611 1621 3666 Non
1647 3627 1773 3682 ergo
1804 3613 2001 3682 idcirco
2030 3614 2151 3682 quis

575 3681 804 3752 peccare
846 3681 1036 3748 debet,
1069 3692 1126 3736 ut
1172 3682 1503 3737 elimnsinain
1535 3681 1731 3746 faciat,
1761 3682 1852 3738 sed
1905 3681 2026 3736 ideo
2051 3681 2153 3736 eli-

575 3752 840 3806 rnosinam
873 3753 1047 3806 facere
1075 3755 1250 3818 debet,
1283 3755 1406 3822 quia
1439 3752 1678 3821 peccavit
1711 3769 1724 3804 :
1756 3761 1987 3806 mentem
2009 3753 2152 3806 enim

575 3831 635 3878 et
661 3837 858 3891 corpus
878 3862 892 3886 ,
921 3837 1061 3889 quae
1092 3823 1254 3876 libido
1289 3821 1450 3877 traxit
1479 3821 1814 3892 adculpam,
1847 3822 2074 3876 allliccio
2098 3831 2154 3878 et

559 3893 832 3948 contritio
859 3893 1019 3946 debet
1057 3893 1313 3946 reducere
1351 3895 1416 3947 ad
1445 3891 1678 3946 veniam.

651 3962 738 4016 62.
781 3963 856 4016 De
877 3963 1124 4015 monacho
1167 3963 1254 4032 qui
1283 3962 1647 4016 monasterium
1688 3978 1836 4016 suum
1881 3961 2151 4016 dimiserit.

580 4031 638 4088 Si
670 4035 967 4086 monachus
1015 4031 1394 4086 monasterium
1431 4048 1582 4086 suum
1629 4032 1926 4097 dimiserit,
1972 4033 2154 4086 onmia

579 4104 724 4157 bona
758 4103 922 4170 ipsius
945 4111 999 4154 et
1027 4117 1165 4169 quae
1188 4103 1238 4155 in
1271 4102 1596 4156 monasterio
1627 4101 1640 4155 i
1685 4103 1922 4156 troduxit
1944 4111 1997 4154 et
2017 4116 2156 4169 quae

583 4188 692 4227 non
722 4171 1016 4226 introduxit
1037 4211 1052 4235 ,
1097 4171 1334 4225 dominio
1364 4173 1672 4225 monasterii
1704 4173 1826 4236 sint,
1860 4183 1912 4226 et
1937 4173 2050 4238 i,.se
2077 4173 2155 4223 of-

581 4240 709 4297 ﬁcio
761 4241 1018 4308 praesidis
1070 4243 1270 4294 servire
1296 4251 1535 4308 cogatur.
1595 4244 1650 4295 Si
1695 4259 1821 4297 vero
1867 4243 2158 4298 monachus

578 4311 656 4366 ad
683 4311 844 4364 a‘lium
889 4311 1271 4364 monasterium
1298 4311 1633 4377 migraverit,
1664 4313 2015 4366 substantiam
2040 4316 2158 4366 eius

586 4380 734 4464 prius
762 4381 1144 4464 monasterium
1195 4381 1493 4448 possideat,
1528 4392 1584 4434 et
1611 4384 1663 4435 in
1694 4384 1799 4436 alio
1829 4383 2158 4436 monasterio

2250 3195 2297 3268 si
2322 3194 2373 3246 iu
2403 3195 2624 3268 peccatis
2646 3195 2712 3268 sit
2735 3233 2749 3256 ,
2778 3193 3189 3268 diniiltenturei.
3227 3193 3344 3247 Non
3381 3196 3663 3268 estitaque
3683 3208 3777 3268 par-

2251 3264 2582 3332 vipeudenda
2611 3263 2858 3317 huiusmo
2899 3263 3210 3329 iincdicina,
3232 3279 3368 3332 quae
3395 3265 3610 3320 animae
3634 3263 3774 3332 carpo.

2251 3335 2433 3402 risque
2462 3333 2702 3402 medetur
2730 3333 3090 3401 languoribus.

2321 3401 2409 3456 6⁷9.
2454 3401 2531 3455 De
2579 3419 2767 3476 sponso
2806 3406 2880 3455 vel
2917 3419 3107 3476 sponsa
3140 3403 3192 3476 iu
3229 3406 3546 3476 monasterio
3576 3406 3758 3476 iitng

2251 3471 2308 3526 Si
2339 3487 2566 3541 sponsus
2596 3471 2677 3525 vel
2706 3489 2900 3541 sponsa
2933 3471 3210 3527 intraverit
3239 3474 3290 3526 in
3323 3471 3710 3538 monaswrium,
3731 3473 3766 3523 iit

2252 3543 2394 3614 quod
2425 3557 2664 3596 arrarum
2695 3543 2912 3598 nomine
2942 3543 3123 3596 datum
3146 3553 3247 3609 est,
3273 3546 3322 3598 in
3342 3545 3596 3614 simplum
3624 3553 3775 3598 tantum

2255 3613 2532 3668 reddatur.

2321 3683 2412 3754 70.
2457 3681 2532 3735 De
2561 3682 2686 3754 locis
2714 3682 2766 3736 in
2798 3683 2976 3754 quibus
3007 3684 3192 3737 missae
3226 3685 3571 3739 celebrandae
3605 3695 3719 3738 sunt.
3742 3682 3779 3736 ln

2253 3753 2448 3820 quibus
2473 3753 2603 3806 locis
2629 3764 2682 3806 et
2711 3753 2818 3822 quo
2849 3763 3108 3822 apparatu
3141 3755 3424 3808 missarum
3459 3757 3782 3810 solemnitates

2255 3822 2740 3891 exceptisbasilicis
2767 3824 3026 3878 celebrari
3058 3825 3287 3877 debeant
3308 3840 3361 3879 et
3391 3835 3576 3880 utrum
3603 3825 3785 3880 celebra-

2255 3895 2298 3952 ri
2338 3894 2571 3946 deb-ant
2599 3893 2639 3955 ³,
2683 3893 2735 3946 in
2784 3895 3014 3947 concilio
3063 3893 3379 3948 Laodireltsi
3410 3899 3480 3950 ita
3541 3899 3784 3950 scribitur:

2256 3962 2406 4027 Quod
2420 3979 2520 4016 non
2551 3972 2781 4030 oporteat
2819 3965 2872 4015 in
2911 3963 3143 4018 domibus
3176 3965 3456 4018 oblationes
3487 3964 3722 4019 celebrari
3745 3964 3788 4012 ab

2255 4033 2501 4102 episcopis
2530 4033 2604 4086 vel
2626 4034 2940 4102 presbiteris.

2327 4103 2412 4154 Ἠ.
2447 4101 2524 4155 De
2561 4101 2659 4166 his,
2687 4119 2813 4168 quae
2843 4103 2910 4155 ad
2953 4120 3154 4156 annum
3188 4111 3235 4156 et
3272 4107 3536 4158 oculorum
3582 4105 3794 4170 pertinent

2257 4171 2702 4244 oblectamentum,
2718 4189 2941 4244 quaeque
2957 4174 3246 4227 sacerdotes
3265 4178 3421 4228 vitare
3432 4176 3640 4230 debent.
3663 4178 3795 4238 Qute'

2258 4258 2485 4310 cumque
2512 4243 2575 4294 ad
2600 4245 2807 4296 aurium
2839 4243 2891 4295 et
2917 4260 2949 4296 ο
2989 4247 3192 4297 olorum
3215 4248 3482 4312 pertinent
3511 4247 3794 4304 inlecebras,

2260 4313 2400 4366 unde
2426 4312 2578 4380 vigor
2604 4314 2766 4366 animi
2801 4314 3028 4366 emolliri
3067 4329 3221 4381 posse
3242 4318 3511 4380 credatur,
3547 4327 3606 4369 ut
3647 4319 3705 4368 de
3725 4315 3798 4364 ali-

2259 4383 2451 4450 quibus
2473 4383 2758 4450 generibus
2781 4383 3105 4436 musicorum
3137 4384 3360 4451 aliisque
3384 4387 3658 4439 nonnullis
3677 4385 3798 4437 rebus

586 4449 1267 4544 ipse"at.f3°i.tii=it*:t:.
1299 4519 1569 4544 ..ω
2187 4485 2235 4544 n
2260 4449 2654 4544 eicivitate}
2678 4455 2799 4544 :33:
2823 4453 3195 4544 ῗ¹1¹Ξ¹ίῙΫΞΡΞί
3212 4449 3625 4544 ,εἱςξοῃτέφξεξηεε
3645 4453 3798 4544 έιὲξξξέ·

653 4520 743 4590 63.
780 4514 940 4590 Quod,
958 4514 1267 4588 poenitentia
1293 4519 1572 4580 secundum
1587 4536 1840 4574 canonum
1861 4529 2051 4575 statuta
2069 4521 2156 4590 agi

584 4589 785 4644 debeat.
829 4589 1014 4644 Modus
1041 4599 1217 4645 autem
1255 4590 1616 4658 poenitentiae
1647 4600 1864 4659 peccata
1896 4607 1988 4643 sua
2021 4589 2154 4643 eon—

585 4660 857 4714 litentibus
903 4668 995 4712 aut
1043 4674 1134 4726 per
1163 4661 1502 4726 antiquorum
1552 4675 1820 4714 canonum
1868 4661 2157 4715 institutio-

568 4745 729 4794 nem,
760 4738 854 4783 aut
883 4743 980 4797 per
1007 4738 1312 4783 sanctarum
1343 4731 1726 4796 scripturarum
1760 4731 2152 4795 auctoritatem,

585 4807 679 4854 aut
707 4813 804 4868 per
845 4796 1260 4854 ecclesiasticam
1291 4801 1730 4853 consuetudinem
1758 4838 1772 4862 ,
1805 4803 1942 4854 sicut
1994 4815 2157 4867 supe-

584 4869 700 4923 rius
726 4869 1062 4938 dictumest,
1094 4869 1294 4937 imponi
1324 4868 1512 4932 debet,
1542 4868 1833 4935 repudiatis
1854 4886 1915 4922 ac
1948 4874 2159 4938 penitus

585 4939 875 4992 eliminatis
905 4937 1125 5003 libellis,
1169 4953 1305 5006 quos
1336 4939 1661 5005 poenitentia
1687 4952 1744 4992 es
1771 4937 1983 5002 vocant,
2025 4954 2161 5007 quo-

571 5023 702 5062 rum
731 5019 856 5078 sunt
896 5008 1029 5062 certi
1079 5022 1312 5078 errores,
1344 5008 1530 5078 incerti
1559 5018 1834 5071 auctores;
1880 5009 1948 5062 de
1974 5010 2167 5078 quibus

586 5079 687 5132 rite
707 5077 809 5130 dici
844 5085 1020 5146 potest
1049 5093 1061 5129 :
1093 5075 1480 5146 Mortiﬁcabant
1507 5080 1725 5138 animai,
1768 5095 1896 5146 quae
1919 5075 2020 5131 non
2060 5096 2168 5132 nio-

586 5146 886 5211 riebantur,
925 5156 975 5199 et
1013 5147 1336 5215 viviﬁcabant
1373 5149 1574 5199 animas
1615 5163 1743 5212 quae
1784 5165 1884 5201 non
1915 5149 2164 5203 vivebant.

588 5217 689 5282 Qui
713 5215 837 5270 dum
881 5215 1114 5284 peccatis
1140 5217 1388 5282 gravibus
1416 5217 1558 5269 leves
1580 5217 1838 5283 quosdam
1862 5229 1913 5271 et
1944 5219 2166 5270 inusita-

513 5277 530 5300 ⁵
591 5277 676 5339 tos
712 5277 972 5354 inponunt
993 5277 1356 5354 poenitentae
1379 5287 1564 5338 modos
1581 5277 1881 5351 {consumit
1921 5287 2167 5352 pulvillos

592 5357 890 5408 secundum
937 5355 1306 5424 propheticum
1349 5371 1652 5411 sermonem
1681 5361 1779 5409 sub
1801 5358 1944 5410 omni
1987 5359 2169 5413 cubito

596 5440 819 5488 manus,
851 5432 904 5479 et
949 5426 1146 5495 faciunt
1181 5426 1460 5478 cervicalia
1502 5428 1600 5480 sub
1655 5426 1832 5495 capite
1889 5429 2170 5484 universae

597 5496 788 5548 aetatis
810 5495 874 5548 ad
905 5493 1190 5564 capiendas
1230 5501 1452 5548 animas.

2263 4537 2391 4593 nere
2417 4521 2643 4593 debent;
2681 4523 2804 4589 quia
2835 4537 2944 4593 per
2969 4523 3176 4576 aurium
3207 4525 3603 4593 oculorumque
3644 4526 3800 4593 inlece-

2263 4592 2384 4645 bras
2413 4591 2663 4645 vitiorum
2689 4593 2840 4645 turba
2885 4591 2950 4644 ad
2998 4603 3231 4646 animum
3280 4591 3803 4661 ingredi‘soletJJis:

2263 4663 2494 4715 trionum
2524 4675 2738 4729 quoque
2771 4662 3023 4730 turpium.
3059 4671 3114 4716 et
3142 4666 3495 4718 obscenorum
3523 4664 3802 4718 insolentias

2263 4731 2591 4805 iocorumet
2623 4731 2723 4805 ipsi
2751 4733 2938 4805 animo
2978 4733 3212 4801 etingere
3239 4735 3544 4805 ceterisque
3585 4735 3802 4790 sacerdo-

2267 4801 2408 4871 tibus
2436 4801 2732 4869 ell'ugienda
2762 4802 3069 4871 praedicare
3098 4805 3311 4856 debent.

2338 4869 2422 4923 72.
2461 4871 2532 4922 0c
2550 4869 2778 4926 ecclesia
2799 4871 3145 4934 aediﬁcanda.
3172 4871 3336 4927 Nemo
3361 4873 3643 4928 ecclesiam
3660 4869 3806 4924 acditi-

2271 4940 2380 5011 cet,
2413 4949 2700 5009 antequam
2745 4941 2976 5011 civitatis
3016 4943 3298 5011 episcopus
3341 4945 3518 4996 veniat
3558 4953 3612 4996 et
3644 4943 3804 4996 ibidem

2271 5008 2486 5064 crucem
2516 5008 2638 5079 ligat
2679 5012 2908 5080 publice.
2943 5010 3004 5063 Et
3051 5008 3065 5058 ’;
3090 5022 3180 5065 nte
3203 5008 3512 5079 praetiniat,
3535 5015 3628 5079 qui
3656 5017 3806 5064 πλαιν

2273 5095 2400 5134 care
2424 5083 2536 5134 vult
2558 5119 2573 5144 ,
2619 5083 2745 5150 quid
2779 5080 2799 5110 ’⁵
2831 5082 2896 5134 ad
2929 5082 3208 5134 luminaria
3239 5091 3293 5150 et
3334 5088 3400 5134 a-l
3445 5086 3735 5136 casto-liam
3769 5088 3806 5128 ri

2271 5150 2530 5218 Stipendia
2572 5149 2852 5205 custodum
2885 5158 3133 5205 sultiiaat.
3165 5153 3229 5205 Lt
3257 5149 3397 5206 facta
3430 5153 3714 5207 donatione
3749 5163 3808 5199 su:

2270 5219 2487 5272 domum
2515 5219 2778 5274 aeJilicet.

2349 5289 2430 5344 )3.
2476 5289 2543 5344 Ut
2588 5294 2875 5344 sacerdotes
2917 5309 2943 5341 η
2995 5291 3126 5344 ludis
3172 5292 3484 5346 secutoribus
3523 5309 3576 5346 se
3610 5297 3809 5344 careant-

2277 5359 2656 5414 Sacerdotibus
2701 5377 2805 5414 non
2853 5361 3069 5428 exin-dit
3117 5363 3447 5417 secularihus
3501 5375 3554 5418 et
3603 5366 3812 5428 turpdius

2276 5430 2886 5501 quibuslibetinteresse
2926 5447 3073 5484 locis.
3114 5431 3663 5501 Venationesquoque
3700 5434 3811 5483 lera-

2277 5515 2394 5552 rum
2423 5501 2504 5552 vel
2535 5500 2712 5553 avium
2734 5502 2952 5554 minime
2983 5512 3272 5556 sictentur.

1825 5607 1860 5662 ν
1873 5617 1906 5664 Α
1921 5610 1982 5663 Rl
1995 5611 2216 5668 ANTES
2256 5613 2648 5669 LECTIUNES.

679 5719 694 5747 ⁸
727 5715 816 5770 XII
845 5716 913 5772 (ἰ.
987 5719 1006 5746 ²
1033 5719 1338 5773 reconciliat
1374 5719 1488 5774 Bal.

1566 5723 1583 5751 ³
1615 5731 1668 5776 et
1812 5723 2042 5777 debeant
2071 5722 2249 5776 deterit
2289 5723 2351 5776 (ἱ.

2428 5726 2448 5753 ⁸
2482 5734 2737 5792 quantum
2771 5724 2834 5779 (ἰ.
