3974 6340
131 340 224 397 881

564 330 720 390 COD.
763 331 1037 390 DIPLOM.
1081 361 1152 376 —
1190 331 1555 391 BENEDICTI
1595 334 2116 396 CAPH‘ULARlUM
2159 336 2564 396 COLLECTIO.
2608 368 2676 382 —
2716 339 2875 398 ADD.
2919 340 3010 400 ΙΙΙ.

3303 345 3411 400 δεῖ

194 453 282 510 τι.
325 451 405 507 De
456 449 846 523 presbiterisiet
885 449 1185 523 diaconibus
1210 491 1226 516 ,
1273 459 1328 504 ut
1371 450 1727 523 episcoporum
1759 454 1802 511 A
1831 449 1912 508 bis
1942 452 2130 508 ultimo
2157 451 2418 523 supplicio
2447 433 2764 508 subiciatur.
2813 454 2912 521 Qui
2947 469 3075 510 vero
3106 457 3268 510 talem
3314 472 3412 512 co-

125 541 329 585 rvorum
357 525 409 576 in
444 524 598 576 bonis
625 519 862 584 operibus
890 520 1103 590 vestigia
1123 519 1407 575 sectentur.
1427 519 1716 578 Presbiteri

126 610 336 666 quoque
358 603 424 666 et
448 593 669 666 diaclini
692 591 749 666 in
781 591 1034 666 omnibus
1064 591 1326 666 bonorum
1357 606 1582 666 operum
1615 608 1714 666 ex-

126 660 477 722 bibitionibus
505 662 597 718 sui
621 661 859 731 episcopi
887 660 1113 729 vestigia
1141 669 1434 726 sectentur,
1452 670 1506 716 et
1535 663 1587 716 in
1618 665 1715 718 bo-

127 752 312 793 norum
344 748 569 789 morum
601 731 872 802 probitate
900 745 1041 802 quae
1093 731 1350 801 episcopo
1377 733 1713 790 observanda

126 816 262 864 sunt.
295 804 490 860 eadem
520 812 580 858 et
604 800 708 856 sibi
735 800 1069 856 observanda
1096 815 1213 856 esse
1236 800 1584 869 cognmcant.

190 876 278 931 75.
322 874 401 928 De
419 890 502 936 eo,
537 874 627 944 qui
650 873 704 925 in
720 872 882 944 idomo
913 887 1007 944 sua
1054 873 1348 944 oratorium
1370 873 1581 944 fecerit.
1612 875 1714 941 Qui

128 950 175 1004 in
202 947 363 1004 domo
393 960 493 1000 sua
524 941 824 1014 oratorium
859 941 1129 1007 habuerit,
1161 958 1319 998 orare
1366 941 1439 997 ibi
1490 954 1710 1014 potest;

125 1027 299 1074 tamen
330 1031 441 1070 non
474 1013 679 1068 audeat
709 1013 761 1066 in
792 1026 858 1066 eo
887 1027 1073 1066 sacras
1121 1016 1298 1067 tacere
1355 1013 1546 1070 missas
1595 1018 1712 1071 sine

127 1087 381 1160 permissu
404 1082 655 1160 episcopi
684 1081 972 1160 loci_i_l_lius.
998 1081 1154 1160 Quod
1185 1083 1447 1160 si_fecerit
1471 1127 1488 1153 ,
1519 1085 1713 1160 domus

127 1151 262 1214 illius
314 1151 691 1211 tisci'iuribus
737 1153 1062 1225 addicatur.“
1091 1151 1401 1208 Praefectus
1455 1151 1713 1225 praetorii

126 1231 208 1298 qui
229 1230 332 1283 hoc
353 1224 620 1295 cognovit
648 1231 704 1279 et
754 1239 860 1280 non
893 1223 1190 1294 prohibuit,
1222 1225 1360 1280 libra
1387 1225 1402 1256 ¹
1437 1223 1554 1282 auri
1576 1228 1712 1283 mul-

131 1299 335 1355 labitur.

191 1369 276 1424 76.
317 1369 585 1436 Quantam
609 1381 785 1421 atram
805 1364 1030 1437 episcopi
1058 1365 1196 1417 circa
1225 1365 1432 1437 indigns
1461 1366 1706 1426 habeant.

129 1435 369 1509 Episcopi
419 1438 647 1509 quidem
718 1435 1009 1509 maximam
1054 1450 1237 1490 curam
1285 1435 1353 1490 et‘
1387 1438 1709 1509 sollicitudi-

131 1505 404 1570 némciica
436 1505 711 1578 pauperes
756 1505 1028 1578 habeant,
1082 1515 1136 1558 et
1178 1520 1265 1562 res
1311 1507 1708 1578 ecclesiasticas

129 1581 355 1635 ecclesiis
385 1576 624 1635 collatas
651 1584 813 1634 cauta
855 1576 1361 1649 circumspectione
1391 1577 1709 1649 dispensent

131 1652 270 1719 quasi
295 1650 387 1704 Dei
415 1649 673 1712 ministri,
706 1663 813 1702 non
849 1647 1004 1714 quasi
1036 1647 1204 1716 turpis
1232 1646 1368 1702 lucri
1415 1646 1587 1718 gratia
1615 1665 1706 1706 se-

133 1730 369 1778 ctatores.
400 1720 516 1775 Illis
545 1721 732 1788 itaque
771 1724 991 1789 utantur
1015 1732 1123 1789 non
1155 1725 1212 1771 ut
1233 1719 1487 1789 propriis,
1517 1721 1612 1777 sed
1643 1729 1702 1778 ut

132 1793 221 1846 sibi
250 1790 314 1845 ad
333 1789 769 1861 dispensandum
799 1787 1117 1861 commissis.

196 1862 278 1915 77.
317 1860 395 1915 De
418 1857 732 1933 erogatione
755 1859 982 1933 episcopi
1004 1859 1062 1933 in
1090 1857 1397 1933 pauperibus
1424 1870 1473 1915 et
1500 1863 1706 1933 fantilia

135 1933 377 1986 ecrlesiae.
404 1927 565 1998 Quod
594 1931 754 2002 liceat
780 1927 1066 2002 episcopis,
1101 1930 1470 2002 praesentibus
1495 1927 1704 2002 presbi-

138 2005 253 2058 teris
275 2011 326 2062 et
345 1997 692 2068 iliacnnibus,
717 1999 782 2054 de
821 1998 1072 2053 thesauro
1101 1997 1361 2054 ecclesiae
1389 1997 1622 2059 familiae
1651 2013 1707 2061 et

138 2074 441 2144 pauperibus
470 2071 718 2144 eiusdem
751 2069 1012 2144 ecclesiae
1054 2069 1353 2144 secundum
1382 2077 1704 2131 canonicam

143 2138 513 2198 institutionem
545 2142 697 2196 iuxta
728 2138 1233 2210 quodiindiguerint
1260 2153 1508 2210 erogare.

203 2213 282 2268 78.
319 2214 394 2268 De
424 2208 837 2282 diaconissa._Si
868 2208 1166 2282 diaconissa
1187 2208 1504 2282 "nupserit,
1529 2213 1706 2282 gladio

150 2284 310 2339 ultoris
334 2293 632 2344 sternatur,
666 2289 723 2334 et
750 2279 976 2333 facultas
1006 2279 1122 2333 eius
1151 2279 1436 2347 ecclesiae,
1464 2279 1553 2339 tibi
1580 2300 1708 2340 ser-

153 2355 290 2416 vivit,
331 2354 630 2411 addicatur.
682 2350 1040 2426 Corruptores
1073 2364 1274 2426 _eain_n
1316 2351 1563 2426 similiter
1610 2371 1708 2426 pu-

154 2426 336 2478 niantur
362 2444 372 2478 ;
402 2425 544 2480 bona
593 2437 726 2477 vero
756 2418 944 2475 eorum
977 2418 1087 2474 fisci
1120 2420 1324 2475 iuribus
1349 2418 1702 2482 vindicent-ur.

213 2494 283 2547 79.
327 2495 403 2566 De
438 2495 724 2566 presbitero
772 2489 1386 2566 non__ord_inando_ante
1425 2493 1708 2564 legitimum

147 2573 336 2631 tempus.
381 2559 744 2620 Presbiterum
794 2559 1033 2617 ordinari
1063 2575 1172 2616 non
1222 2561 1424 2618 debere
1451 2559 1578 2621 a'nte
1626 2569 1707 2623 le-

143 2635 364 2701 gitimum
393 2635 758 2705 tempus,ihoc
782 2639 866 2687 est
893 2631 1226 2700 trigesimum
1258 2636 1452 2705 aetatis
1483 2650 1704 2692 annum.

144 2706 240 2758 Sed
259 2703 554 2776 priusquam
578 2703 648 2759 ad
678 2703 1586 2776 consecrationem__presbiteratus
1613 2723 1705 2763 ac-

144 2773 318 2839 cedat,
347 2773 551 2830 maneat
571 2775 622 2829 in
649 2773 924 2842 episcopio
954 2773 1195 2827 discendi
1252 2775 1421 2844 gratia
1471 2775 1709 2833 cilicium

144 2860 296 2898 suum
327 2847 538 2908 tamdiu,
565 2846 734 2904 donec
772 2844 980 2914 possint
1023 2854 1079 2897 et
1100 2859 1279 2914 mores
1307 2851 1362 2898 et
1390 2853 1542 2900 actus
1593 2850 1710 2904 eius

147 2915 503 2969 animadverti.
528 2901 599 2968 'Et
619 2901 740 2970 tunc
763 2901 809 2969 si
858 2901 1049 2983 digitus
1084 2913 1286 2982 fuerit,
1346 2916 1412 2969 ari
1453 2901 1710 2976 sacerdo:

149 2987 277 3038 tium
305 2994 687 3054 promoicatur.

220 3052 319 3109 8οζ
347 3055 419 3109 De
441 3059 699 3133 episcopis:
727 3052 949 3128 qualiter
989 3054 1310 3133 parrochias
1339 3073 1458 3112 suas
1486 3060 1708 3133 diligen-

158 3135 228 3178 ter
249 3125 749 3202 perscrutenturLUt'
774 3125 1139 3195 unusquisque
1171 3127 1549 3202 episcoporum
1583 3125 1706 3202 par-

151 3198 372 3267 rochiam
416 3213 558 3252 suam
590 3199 876 3267 diligenter
925 3198 1248 3267 perscrutari
1309 3199 1547 3267 μίμων-ς
1583 3198 1706 3259 ἠθο

149 3265 327 3338 aliquis
355 3270 603 3336 presbiter
633 3265 707 3323 ab
727 3265 950 3323 alterius
980 3267 1259 3338 parrochia
1286 3268 1338 3322 in
1370 3265 1707 3338 suamcom-

147 3337 362 3405 migrans
384 3338 614 3394 oflirium
649 3338 931 3394 ci-lebrare
983 3337 1294 3408 praesumat
1345 3337 1460 3396 siiic
1516 3343 1710 3399 litteris

150 3409 612 3474 commendatitiis,
665 3411 807 3464 sicut
852 3408 980 3464 olim
1012 3409 1196 3464 multis
1258 3409 1313 3464 in
1365 3411 1498 3467 locis
1524 3424 1708 3469 actum

154 3487 257 3530 esse
280 3492 536 3535 repertum
568 3491 672 3535 est.

218 3544 399 3623 _8I.__1_)e
416 3553 663 3622 religiosa
711 3552 923 3607 muliere
953 3551 1184 3623 decepta.
1211 3549 1267 3605 Si
1296 3551 1439 3623 quis
1469 3556 1710 3623 rapuerit

158 3615 231 3692 γει
254 3615 608 3692 sollicitaverit
628 3627 713 3676 vel
744 3623 1049 3692 corruperit
1077 3615 1385 3690 religiosam
1418 3615 1670 3680 feminam
1689 3665 1704 3690 ,

152 3682 275 3761 bona
299 3690 574 3746 amborum
601 3693 831 3748 ecclesia
863 3682 1120 3759 vindicet,
1151 3682 1206 3745 iii
1234 3707 1340 3761 qua
1366 3693 1488 3747 talis
1514 3682 1710 3751 mulier

149 3752 406 3841 babiiavii;
434 3763 538 3831 ipsi
568 3770 747 3841 tamen
797 3762 1040 3833 periculo
1088 3752 1305 3841 capitali
1351 3764 1708 3841 subiciantur.

148 3824 278 3890 Quod
301 3830 342 3884 si
367 3824 503 3887 haec
531 3833 724 3888 mulier
769 3824 878 3889 n'on
911 3824 1211 3899 consensit,
1240 3849 1361 3886 cum
1391 3835 1506 3888 suis
1530 3838 1709 3892 .rebus

147 3903 428 3975 monasterii
457 3904 698 3959 cautioni
739 3908 999 3958 tradatur.
1033 3902 1088 3975 Si
1121 3917 1250 3959 vero
1283 3904 1482 3958 liberos
1503 3905 1707 3975 habet,

146 3981 253 4032 pars
281 3970 515 4040 legitima
557 3975 636 4029 eis
680 3983 1006 4030 reservetur.
1041 3973 1193 4039 Quod
1246 3975 1290 4028 si
1325 3976 1461 4028 intra
1509 3970 1708 4032 annum

147 4046 252 4115 ppst
277 4045 546 4110 cognitum
579 4045 682 4100 tale
711 4047 891 4102 scelus
929 4061 960 4099 a
994 4045 1261 4113 religiosis
1284 4045 1434 4100 laicis
1465 4061 1570 4101 non
1595 4049 1708 4101 vin-

147 4108 360 4185 dicetur,—
395 4129 584 4170 eomes
632 4118 964 4185 privatarum
998 4116 1017 4146 ³
1041 4108 1147 4170 hoc
1175 4124 1362 4170 n0stro
1395 4115 1523 4170 lisco
1553 4118 1708 4172 addi-

142 4188 232 4254 cat.
255 4178 307 4235 Si
331 4178 460 4241 vero
481 4178 699 4254 praes-es
715 4187 1025 4255 provinciae
1050 4185 1344 4240 vindictam
1379 4187 1472 4240 tali
1496 4187 1708 4243 crimini

143 4261 376 4328 Inppnere
400 4257 729 4328 neglexerit,
752 4257 1179 4328 cingulorcareat
1207 4266 1262 4312 et
1282 4256 1520 4327 quinque
1544 4257 1709 4314 libras

138 4322 364 4393 aurilisci
392 4322 600 4379 viribus
621 4322 750 4382 dare
794 4322 1153 4393 conpellatur.

195 4387 260 4442 82
285 4390 325 4447 ⁵.
356 4393 453 4447 Ne
479 4395 688 4467 quilibet
714 4387 961 4467 presbiter
983 4400 1046 4452 de
1061 4397 1207 4452 titulo
1232 4398 1430 4453 minore
1450 4398 1520 4454 ad
1539 4399 1706 4454 maio-

135 4470 510 4539 reriitranseat.
544 4465 620 4520 De
651 4465 806 4539 titulo
852 4470 1046 4523 minori
1077 4467 1146 4523 ad
1167 4469 1424 4525 maiorem
1475 4471 1706 4539 migrare

1827 534 2094 590 gnoscens
2118 539 2224 577 non
2264 523 2726 590 manifestaverit,
2769 525 3017 583 similiter
3067 535 3406 582 coerceatur.

1818 589 1878 668 Si
1900 595 2215 668 praefectus
2256 594 2406 648 urbis
2457 589 2830 668 baecpunire
2884 597 3228 663 neglexerit,
3287 609 3413 668 post

1818 661 1914 716 Dei
1930 663 2198 732 iudicium
2225 673 2462 718 nostram
2503 661 2928 732 indignationem
2960 661 3224 721 incurrat.

1887 731 1976 788 85.
2022 733 2096 787 De
2122 735 2284 788 viduis
2311 731 2673 802 iuvenibus,ne
2694 736 2796 790 cito
2817 736 2896 790 vel
2926 745 3068 791 ntur.
3092 735 3160 792 Ut
3186 737 3410 796 iuvenes

1817 803 2010 878 viduae
2039 805 2146 858 cito
2179 819 2514 878 nequaquam
2545 807 2812 878 velentur.
2846 822 3018 876 usque
3043 807 3171 862 dum
3199 809 3398 878 probe-

1817 881 1905 928 tur
1925 874 2134 929 illarum
2168 874 2354 944 religio
2385 882 2440 929 et
2462 875 2603 930 bona
2646 877 2713 932 ab
2742 877 2821 932 eis
2849 874 2976 932 noia
3005 878 3077 932 sit
3121 874 3410 935 conversa.

1816 944 1923 1019 tio;
1958 959 2025 998 ne
2076 947 2217 1002 forte
2272 947 2369 1019 de“
2396 945 2596 1019 eisdem
2643 946 2747 1019 dici
2790 949 2960 1017 possit
2986 947 3054 1002 ab
3109 950 3358 1019 apostolo
3395 969 3406 1004 :

1817 1011 1963 1078 Quae
1994 1027 2163 1070 autem
2188 1019 2240 1070 in
2267 1015 2467 1070 deliciis
2491 1025 2611 1069 sunt
2647 1011 2867 1072 vioenies
2896 1011 3296 1074 mortuae'snnt'.

1885 1085 1971 1158 86.
2019 1087 2088 1142 Ut
2109 1088 2316 1142 comites
2339 1095 2389 1158 et
2425 1087 2622 1141 iudices
2649 1088 2898 1158 episcopis
2925 1089 3034 1143 suis
3080 1091 3409 1144 consentiant

1812 1155 2012 1228 ipsique
2038 1174 2123 1213 eos
2157 1157 2444 1228 honoriﬁce
2464 1158 2738 1227 recipiant;
2793 1155 3113 1225 Comitibus,
3138 1160 3408 1215 iudicibus

1814 1227 2369 1300 reliquoque-populo
2405 1229 2623 1300 expedit
2651 1268 2666 1294 ,
2711 1236 2768 1283 ut
2823 1230 2934 1283 suis
2979 1230 3095 1300 sint
3136 1230 3408 1300 episcopis

1813 1297 2213 1368 consentientes
2233 1297 2290 1352 et
2323 1297 2676 1354 oboedientes
2730 1308 2950 1368 propter
3007 1299 3101 1354 Dei
3154 1297 3404 1356 amorem

1813 1367 2002 1438 suique
2027 1370 2224 1437 gradus
2244 1369 2532 1436 honorem,
2554 1377 2608 1422 et
2626 1367 2844 1439 semper
2866 1371 2932 1423 ab
2964 1370 3043 1426 eis
3073 1371 3203 1426 utile
3230 1384 3404 1438 quae-

1813 1450 1935 1510 rant
1955 1439 2183 1510 consiliu
2209 1458 2235 1490 ιι
2265 1439 2589 1510 illorumque
2615 1440 2854 1495 salubria
2878 1455 2986 1495 non
3007 1450 3267 1510 spernant
3286 1455 3406 1495 mo-

1811 1507 1945 1574 nita,
1977 1509 2072 1564 sed
2111 1511 2316 1564 intenta
2344 1507 2521 1564 cordis
2551 1525 2680 1564 aure
2704 1510 2947 1565 audiant.
2976 1507 3239 1566 Similiter
3267 1525 3402 1566 vero

1812 1587 1868 1651 et
1891 1580 2130 1651 episc0pi
2175 1578 2476 1650 praedictas
2505 1595 2769 1650 personas
2797 1581 3072 1635 humiliter
3103 1580 3406 1651 suscipiant

1811 1647 2219 1721 honoriﬁcisque
2273 1662 2399 1718 erga
2424 1647 2522 1721 eas
2552 1651 2607 1704 in
2645 1651 2894 1706 omnibus
2935 1659 3119 1721 agant,
3147 1659 3203 1708 et
3238 1647 3320 1708 sic
3344 1666 3408 1707 se

1810 1720 2011 1776 mutuis
2040 1723 2292 1775 studeant
2330 1719 2616 1775 sublevare
2661 1719 3142 1778 consolationibus.

1880 1788 1969 1863 87.
2017 1792 2091 1846 De
2117 1792 2322 1858 herede,
2344 1790 2390 1844 si
2409 1791 2673 1861 quippiam
2703 1792 3044 1862 dispositione
3074 1808 3178 1848 non
3201 1792 3402 1863 implet.

1809 1860 1868 1916 Si
1891 1862 2117 1925 heredes
2148 1863 2288 1916 iussa
2332 1863 2604 1917 testatoris
2633 1878 2739 1918 non
2787 1860 3154 1928 impIBVcriltl,
3187 1864 3255 1918 ab
3275 1860 3406 1930 epi-

1808 1945 1977 2002 scopo
2007 1932 2108 1988 loci
2140 1932 2282 1988 illius
2308 1931 2484 2002 omnis
2530 1947 2633 1995 res,
2663 1947 2803 2002 quae
2852 1932 2936 1988 his
2957 1933 3146 1988 relicta
3170 1942 3280 2000 est,
3310 1947 3408 1988 au~

1808 1999 2014 2056 feratur
2034 2018 2155 2056 cum
2189 2000 2448 2056 fructibus
2476 2009 2531 2056 et
2578 1999 2807 2058 caeieris
2863 1999 3288 2071 emolumentis,
3350 2012 3410 2059 ut

1808 2079 1932 2127 vota
1954 2071 2190 2126 defuncti
2215 2071 2556 2138 impleantur.
3129 2073 3131 2075 ’

1879 2139 1971 2197 88.
2017 2142 2086 2197 Ut
2110 2144 2320 2196 comites
2350 2151 2398 2194 et
2421 2141 2615 2212 iudices
2650 2144 2773 2197 vites
2798 2159 3050 2212 personas
3080 2159 3185 2198 non
3213 2143 3406 2198 admit-

1811 2222 1922 2267 tant
1967 2215 2039 2267 ad
2083 2214 2448 2267 testimonium.
2489 2210 2847 2282 Siuumnpere
2901 2213 3228 2269 admonendi
3274 2222 3415 2271 sunt.

1807 2282 2034 2344 comites
2059 2293 2114 2338 et
2139 2283 2364 2346 iudices,
2395 2295 2464 2336 ne
2487 2283 2620 2353 viles
2643 2291 2698 2338 et
2728 2282 2975 2352 indignas
3006 2298 3268 2353 personas
3307 2298 3406 2340 c.0-

1808 2369 1924 2408 ram
1975 2368 2036 2408 se
2065 2354 2380 2424 permittant
2418 2352 2503 2424 ad
2545 2354 2911 2424 testimonium
2941 2352 3222 2424 accedere,
3263 2368 3404 2424 quo-

1809 2424 1952 2479 niam
1980 2421 2132 2481 multi
2158 2431 2307 2491 sunt,
2339 2421 2431 2492 qui
2487 2423 2766 2493 periurare
2797 2439 2900 2492 pro
2943 2423 3110 2479 nihilo
3157 2421 3360 2478 ducunt
3386 2442 3416 2490 ;.

1809 2493 1865 2549 in
1892 2503 2120 2560 tantum,
2152 2503 2212 2548 ut
2239 2509 2334 2562 pro
2362 2492 2520 2548 unius
2548 2493 2654 2548 diei
2687 2494 2949 2550 sacietate
2977 2501 3070 2548 aut
3097 2510 3193 2564 pro
3223 2492 3402 2564 quoli-

1809 2565 1903 2619 bet
1929 2581 2102 2635 parvo
2153 2565 2329 2633 pretio
2376 2563 2443 2635 ad
2475 2564 2837 2620 iuramentum
2889 2563 3118 2620 conduci
3151 2563 3404 2635 possint,

1810 2633 2124 2704 animasque
2151 2650 2278 2689 suas
2295 2634 2528 2704 periurio
2550 2635 2775 2704 perdere
2801 2635 3022 2691 minimc
3046 2633 3337 2690 formident
3358 2633 3401 2704 9.

1809 2705 1980 2773 Quam
2035 2703 2104 2762 ab
2144 2720 2256 2760 rem
2287 2705 2422 2758 tales
2467 2703 2807 2775 nequaquam
2833 2705 2899 2758 ad
2945 2705 3229 2775 quodlibet
3253 2703 3408 2775 testi:

1811 2772 2051 2832 monium
2083 2775 2401 2830 adinittendi
2431 2772 2576 2829 sunt}
2627 2772 2693 2829 Εἰ
2715 2775 2821 2830 hoc
2871 2772 3213 2841 notandum,
3258 2772 3410 2843 quod

1811 2862 1919 2902 non
1949 2846 2122 2904 solum
2149 2845 2244 2908 illi.
2271 2847 2360 2916 qui
2385 2847 2680 2916 periuram,
2711 2844 2804 2900 sed
2827 2847 2994 2916 etiam
3015 2849 3107 2916 qui
3132 2844 3405 2914 periuris'

1809 2918 2173 2980 consentiunt,
2206 2913 2366 2970 simili
2388 2913 2668 2986 plectendi
2703 2925 2832 2970 sunt
2862 2913 3271 2986 dampnatione.

1881 2987 1969 3058 89.
2015 2986 2083 3041 Ut
2107 2987 2278 3040 nullus
2307 2985 2626 3058 christianus
2655 3001 2872 3040 munera
2897 2989 3074 3058 exigat
3104 3002 3204 3057 pro
3232 2985 3406 3058 quoii.-

1812 3057 1893 3113 bet
1915 3057 2126 3127 placito.
2174 3057 2360 3127 Nullus
2385 3057 2709 3112 christianos
2764 3071 2862 3126 pro
2911 3057 3156 3126 qualibet
3205 3057 3416 3123 placito

1813 3129 1897 3183 vel
1916 3126 2113 3183 iuditio
2143 3143 2172 3182 a
2201 3126 2438 3197 qualibet
2487 3141 2718 3197 persona
2765 3127 3253 3197 munerarexigere
3309 3134 3408 3197 aut

1735 3174 1778 3236 C
1811 3174 3408 3268 aEEi'JEr'é'Itébé'fiﬂéﬁja'in'7671iiiii—{'éEriﬁiuii'ﬁiuiiis

1809 3270 1865 3325 in
1896 3266 2026 3325 locis
2049 3282 2238 3337 magna
2290 3266 2565 3322 interdicit
2604 3267 2927 3322 auctoritate
2971 3275 3206 3322 testante
3233 3266 3407 3335 scrip-

1811 3351 1930 3395 tura
1962 3355 2100 3409 quae
2122 3341 2196 3393 ait
2219 3355 2234 3390 :
2267 3337 2489 3409 Munera
2517 3347 2795 3393 excaecant
2816 3338 2991 3393 oculos
3019 3337 3335 3408 sapientium
3355 3342 3408 3392 et

1808 3408 2108 3466 subvertant
2130 3409 2282 3464 verba
2312 3408 2585 3464 iustorum.

1882 3479 1969 3534 90.
2015 3481 2088 3534 De
2111 3480 2282 3545 rebus,
2313 3495 2442 3550 quae
2487 3479 2709 3550 paganis
2753 3495 2857 3534 non
2885 3476 3260 3534 conceduntur.
3283 3475 3437 3550 Non.-

1809 3551 1977 3626 iiceat
2014 3547 2335 3606 cliristianis'
2369 3547 2689 3626 Iudaeorum
2721 3564 2902 3626 neque
2934 3563 3276 3626 paganorum
3316 3547 3410 3626 vel

1808 3623 2176 3678 hereticorum
2224 3636 2312 3676 res
2358 3618 2905 3689 emphitheoseosVel
2933 3618 3310 3675 conductionis
3341 3618 3410 3670 ti-

1811 3692 1925 3748 tulo
1952 3692 2156 3749 habere
2181 3705 2360 3763 neque
2399 3705 2624 3748 suorum
2671 3690 2921 3746 similiter
2971 3690 3051 3745 eis
3104 3701 3424 3746 accommo.

1813 3766 1964 3820 dare.

1880 3832 1970 3888 9i.
2012 3831 2090 3887 De
2109 3829 2680 3903 placitissecnlaribus,
2696 3831 2839 3903 nenia
2864 3829 3083 3903 ecclesia
3105 3829 3263 3903 ﬁant.
3285 3826 3377 3903 Pia
3401 3856 3408 3868 -

1810 3904 1918 3976 cita
1947 3897 2454 3976 quidemsecularia
2495 3899 2815 3976 inecclesiis
2846 3902 2930 3954 vel
2961 3901 3015 3953 in
3042 3897 3195 3976 atriis
3225 3897 3404 3976 eccle-

1809 3967 2010 4030 siarum
2035 3989 2066 4028 a
2087 3973 2376 4028 comitibus
2397 3972 2722 4042 vicariisque
2749 3984 2919 4042 usque
2945 3971 3109 4022 modo
3141 3967 3324 4020 multis
3348 3967 3403 4019 in

1809 4043 1946 4100 locis
1976 4045 2159 4099 habita
2187 4057 2255 4097 ne
2309 4043 2444 4095 ultra
2485 4039 3100 4096 liant‘intcrdiccnsum
3149 4047 3233 4091 cst
3280 4051 3441 4090 cum»

1811 4116 2133 4186 auctoritate
2175 4112 2467 4186 dominica,
2496 4110 2954 4186 quiexpulsisde
2995 4106 3404 4186 te_I_uplo_nego-

1812 4185 2113 4249 liatoribus.
2143 4182 2374 4238 asseruit
2418 4175 2480 4249 ⁸⁷,
2512 4175 2728 4238 ’άεὺθτὸ
2776 4180 2994 4235 domum
3040 4177 3136 4232 Dei
3180 4175 3401 4232 domum

1811 4270 1930 4312 esse
1958 4255 2239 4311 orationis.

1880 4325 1972 4382 92.
2019 4326 2095 4379 De
2124 4323 2448 4390 incestuosis,
2505 4321 2780 4391 parricidis
2811 4336 2962 4392 a'qne
2987 4315 3404 4392 Itomicidis._ln-

1813 4397 2070 4462 cestuosi,
2104 4387 2443 4466 parricidae,
2458 4387 2784 4466 homicidae,
2805 4387 2954 4466 inulti
2986 4390 3140 4466 apud
3155 4403 3275 4456 nos,
3297 4387 3404 4443 heu

1812 4469 1950 4536 proh
1979 4461 2164 4522 dolor!
2201 4466 2602 4536 repperiuntur.
2645 4464 2750 4519 Sed
2775 4465 2939 4533 aliqui
2992 4479 3059 4517 ex
3089 4461 3195 4515 illis
3222 4475 3405 4536 sacer-

137 4529 249 4610 nulli
277 4535 583 4610 presbitcro
627 4538 832 4594 licitum
865 4540 974 4610 Asit,
1004 4540 1099 4594 sed
1142 4539 1197 4592 iu
1237 4554 1304 4594 eo
1353 4529 1701 4610 permaneat,
1737 4537 1782 4595 D
1811 4529 1996 4594 dolum
2029 4538 2218 4610 nolunt
2244 4529 2921 4610 adinonicionibus‘aurein
2963 4530 3402 4592 accommodare,

136 4598 192 4676 ξιιί
220 4598 370 4664 quem
400 4605 678 4662 ordinatus
699 4618 802 4665 est.
852 4598 1007 4676 Quod
1037 4610 1084 4665 si
1112 4598 1369 4666 inventus
1389 4609 1549 4665 fuerit
1573 4598 1706 4666 con:-

138 4673 207 4751 tra
230 4679 430 4751 statuta
461 4675 511 4729 id
540 4678 736 4751 facere,
769 4673 959 4735 eadem
982 4679 1208 4751 feriatur
1236 4681 1505 4736 sententia
1527 4719 1543 4748 ,
1595 4696 1698 4750 qua

135 4746 516 4868 gitepisc‘qpus,
539 4749 631 4816 qui
653 4748 718 4803 de
742 4751 940 4805 minori
969 4750 1037 4805 ad
1064 4751 1323 4806 maiorem
1354 4746 1704 4820 transmigra-

183 4824 192 4839 ι
225 4827 234 4860 ι
286 4829 342 4868 se
383 4832 490 4870 em.

198 4879 392 4971 t
440 4887 687 4971 definias.
705 4907 902 4961 semper
925 4891 1163 4971 consulto.
1201 4891 1558 4971 episcoporum
1597 4893 1707 4946 dis-

137 4962 422 5036 pensentur.
476 4956 545 5011 Ut
573 4956 995 5036 decimamquae
1048 4956 1272 5028 singulis
1323 4956 1592 5036 dab-untur
1620 4979 1708 5036 ecf

139 5032 320 5088 Ciesus,
348 5042 449 5100 per
479 5036 724 5100 consulta
777 5033 1155 5100 episcoporum
1208 5045 1242 5085 a
1295 5033 1608 5099 presbiteris
1639 5034 1707 5088 ad

139 5097 578 5217 Elgmilirecclesiae
593 5108 648 5155 et
667 5097 1183 5171 pauperuirfsuniiua
1202 5097 1474 5170 diligentia
1495 5105 1712 5174 dispen-

327 5235 550 5318 Deblas.
570 5240 745 5320 [ternio
774 5243 826 5296 in
855 5243 1034 5320 Deum.
1055 5242 1111 5295 Si
1140 5242 1261 5320 quis
1289 5242 1529 5320 quolibet
1549 5242 1713 5307 “modo

141 5295 519 5373 blasphemiam
544 5299 621 5365 “in
652 5311 823 5366 Deum
857 5313 876 5343 ⁸
907 5295 1215 5377 iactaverit,
1250 5329 1278 5366 a
1308 5295 1712 5382 praefectum:

1813 4611 2059 4664 volentes
2081 4609 2132 4662 iu
2159 4609 2396 4678 pristinis
2421 4605 2990 4678 durarecrimiuibus;
3024 4616 3162 4671 quos
3185 4609 3403 4669 oportet

1813 4696 1910 4748 per
1953 4675 2244 4734 saecula—ris
2290 4675 2949 4748 potentiaeidiscipl'nam
2997 4688 3026 4724 a
3079 4680 3188 4725 tam
3228 4683 3441 4748 prava.

1812 4741 2201 4807 consuetudine
2220 4741 2483 4822 coerceri,
2510 4747 2600 4822 qui
2635 4761 2730 4816 per
2749 4741 3029 4822 salutifera
3052 4741 3404 4821 sacerdotum

1813 4824 2020 4874 monita
2045 4821 2320 4873 noluerint
2338 4819 2579 4889 revocari
2603 4831 2890 4889 ;_._quorum
2930 4831 2958 4889 a
2984 4819 3139 4889 iquos
3166 4819 3273 4865 iam
3305 4823 3404 4888 eit-

1813 4889 2356 4953 commuuieavimus;
2398 4885 2494 4941 sed
2550 4885 2622 4939 illi
2650 4882 2752 4941 lioc
2811 4882 3301 4954 parvipendentes,
3349 4882 3404 4931 in

1814 4959 2014 5015 eisdem
2038 4960 2396 5029 perdurarunt
2439 4954 3088 5029 criminibus.‘Quam__pb
3146 4965 3260 5029 rem
3310 4963 3404 5002 .vc-

1814 5039 1926 5085 stra
1948 5020 2204 5084 decernat
2229 5026 2588 5083 mansuetudo
2611 5064 2627 5091 ,
2677 5025 2804 5096 quid
2833 5027 2899 5080 de
2922 5023 3118 5078 talibus
3145 5020 3410 5087 deinceps

1817 5101 2078 5170 agendum
2101 5103 2188 5154 sit.

1887 5170 1975 5224 95.
2017 5169 2095 5222 De
2115 5169 2330 5240 magicis
2359 5166 2556 5240 artibus
2596 5175 2645 5221 et
2686 5162 3142 5240 incantationibus.
3179 5160 3403 5238 Ampio»

1817 5250 1983 5296 neant
2003 5235 2315 5313 sacerdotes
2341 5238 2523 5292 fideles
2545 5251 2687 5313 popu
2714 5252 2796 5313 os,
2813 5243 2925 5313 ut_n
2942 5235 3149 5313 lis-crint
3164 5235 3426 5313 magicas.

1820 5321 1962 5366 artes
1990 5310 2493 5377 incantationesque
2516 5299 2846 5376 quibuslibet
2879 5302 3280 5360 inlirmitatibus
3301 5299 3401 5354 ho:-

1354 5494 1741 5552 \'Alil.\NTES
1782 5492 2155 5549 LECTIONES

222 5666 233 5693 ¹
264 5664 460 5721 librarii
488 5683 626 5722 corr.
655 5666 788 5722 libra
821 5665 886 5723 ϐ.
909 5666 1166 5722 librarum
1198 5683 1248 5722 a.
1274 5668 1542 5724 solutione
1570 5667 1687 5722 Bal.

155 5751 284 5791 man.
317 5754 415 5791 sic.
495 5739 513 5770 ³
555 5737 890 5794 nrimitarum
936 5738 998 5794 (ἱ.

161 5804 302 5862 ὐιεο
335 5808 397 5863 G.
476 5809 495 5840 ⁶
552 5804 841 5867 formidant
868 5809 933 5866 li.
1007 5811 1025 5839 "
1056 5809 1301 5880 periuriis
1344 5804 1415 5866 ’6.

1767 5670 1786 5698 ²
1811 5667 2146 5722 diaconissae
2176 5669 2518 5738 nupserint.
2548 5676 2928 5726 sternantur...
2956 5683 3141 5724 earum
3167 5667 3391 5726 chorr.

1088 5739 1105 5768 ³
1136 5739 1230 5792 hoc
1283 5750 1434 5809 caput
1473 5740 1526 5792 in
1576 5738 1785 5792 Baluzio
1828 5739 2052 5809 sequenti
2107 5741 2448 5810 postponitur.
2496 5739 2788 5812 chendunt
2821 5751 2896 5798 cst
2946 5739 3139 5794 Tui‘on.
3187 5739 3389 5808 ηίίε.

1088 5809 1301 5865 eriuriis
1353 5809 1415 5865 (ὲ.
1523 5808 1901 5865 “alscritBat.

1603 5828 1762 5866 1150f".
1785 5828 1901 5862 υιιι.
