3974 6340
572 324 680 382 885

574 507 1462 580 languentibus—clatulit-antibusve
1486 507 1501 537 ¹
1528 507 1607 559 vel
1626 508 1785 560 etiam
1802 507 2132 580 moribundis

573 575 857 650 quicquam
881 580 1084 650 mederi
1100 579 1125 650 ξ
1149 596 1162 650 :_
1199 593 1306 631 non
1329 575 1581 650 ligaturas
1597 591 1813 650 ossuum
1837 576 1920 630 vel
1946 577 2138 650 herba-

482 663 486 667 '
573 665 688 703 rum
710 645 956 717 cuiquam
986 647 1252 701 adhibitas
1274 645 1561 714 prodi-sse;
1606 646 1703 717 sed
1734 645 1866 717 haec
1916 660 2034 700 esse
2062 647 2138 700 la-

570 733 739 786 queos
759 714 1055 774 et’insidias
1080 717 1281 785 antiqui
1313 717 1500 786 hostis,
1526 715 1717 783 quibus
1768 714 1856 769 ille
1903 717 2139 786 perlidus

569 783 737 856 geuus
764 788 1052 856 humanum
1079 783 1326 854 decipere
1354 783 1556 840 nititur.

639 855 728 911 94.
768 854 854 911 Ne
880 873 1060 912 nomen
1089 852 1284 910 Dei‘in
1332 871 1515 909 vanum
1557 852 1778 908 iurando
1822 864 2134 911 assumatur.

568 926 764 983 Omnes
793 926 1037 983 homines
1064 926 1415 979 admouemus
1445 962 1463 989 ,
1518 938 1587 978 ne
1623 938 1719 991 per
1742 925 1948 993 singula
1976 927 2136 980 verba

606 996 722 1053 nasi
770 996 837 1050 ad
888 995 1349 1052 conlirmationem
1399 1008 1525 1048 suae
1574 993 1885 1047 assertimiis
1938 1007 2135 1049 nomen

614 1066 790 1120 omini
811 1065 862 1119 in
902 1081 1094 1120 vanum
1142 1064 1461 1128 adsumant;
1520 1062 1662 1133 quod
1719 1063 1831 1130 ipse
1881 1064 2137 1118 Dominus

564 1133 841 1191 interdicit
885 1134 1182 1190 faciendum
1214 1174 1233 1197 ,
1279 1133 1368 1187 ubi
1417 1137 1492 1186 ait
1515 1130 1645 1186 {Ne
1679 1133 1919 1185 adsumas
1950 1149 2136 1188 nomen

564 1202 666 1258 Dei
688 1207 763 1259 tui
785 1206 840 1259 in
861 1222 1068 1261 nanum.
1098 1203 1155 1257 ln
1183 1218 1379 1256 vanum
1407 1203 1603 1257 etenim
1642 1216 1834 1255 nomen
1860 1200 1954 1255 Dei
1984 1202 2136 1257 a’ssu-

562 1274 745 1337 mitur,
773 1275 988 1343 quando
1017 1274 1207 1341 aliquis
1236 1274 1300 1326 ad
1340 1273 1548 1340 singula
1595 1273 1777 1343 verba,
1808 1272 2000 1339 quibus
2022 1274 2137 1326 vult

565 1350 625 1396 ut
652 1343 753 1398 sibi
774 1342 842 1399 ab
867 1343 972 1399 alio
996 1345 1264 1403 credatur.
1292 1344 1455 1398 Deum
1488 1342 1909 1409 omnipmeutem
1940 1350 2135 1396 testem

562 1413 662 1479 rei,
694 1413 763 1469 de
783 1427 888 1482 qua
919 1413 1013 1477 ait,
1044 1414 1276 1473 invocat,
1306 1426 1534 1479 eumque
1556 1412 1693 1482 sibi,
1721 1411 1792 1463 ita
1820 1425 1938 1464 esse
1984 1412 2137 1482 adiu-

563 1487 757 1549 torem,
789 1480 929 1536 sicut
954 1496 1016 1535 ea
1046 1497 1171 1534 Vera
1219 1491 1525 1549 sunt,quae
1554 1480 1808 1548 loquitur.
1830 1482 2066 1548 postulat
2090 1481 2131 1535 ³.

560 1547 695 1620 μευ]
721 1560 777 1606 et
799 1552 911 1620 ipse
938 1551 1191 1605 Dominus
1236 1551 1287 1604 in
1318 1547 1597 1620 euangelio
1627 1547 1730 1620 hoc
1760 1547 1921 1620 modo
1952 1552 2136 1619 probi-

559 1618 694 1674 bens
722 1617 881 1675 omne
909 1634 1076 1688 genus
1098 1620 1401 1681 iuramenti,
1433 1617 1631 1681 Nolite,
1677 1619 1887 1687 inquit,
1927 1617 2136 1675 omnino

560 1688 753 1756 iurare,
784 1706 945 1761 neque
964 1705 1054 1759 per
1079 1690 1292 1757 coctum,
1317 1707 1474 1761 neque
1498 1702 1590 1760 per
1623 1704 1829 1753 terram,
1860 1705 2019 1760 neque
2043 1708 2135 1762 per

559 1769 712 1826 caput
737 1769 908 1824 tuum;
937 1769 992 1812 et
1013 1769 1244 1813 caetera.

630 1824 721 1901 95.
764 1827 1033 1901 De‘laicis,
1064 1845 1129 1883 ne
1151 1845 1364 1883 munera
1393 1845 1423 1881 a
1458 1829 1750 1901 prcsbiteris
1797 1831 2028 1901 exigant.
2062 1830 2132 1886 Ut

559 1896 684 1952 laici
715 1899 934 1955 omnino
963 1915 992 1954 a
1026 1900 1334 1969 presbiteris
1357 1896 1715 1953 nnnaudeant
1761 1896 1982 1956 munera
2011 1901 2127 1955 exi-

558 1979 687 2034 gere
742 1978 961 2038 propter
1024 1970 1545 2023 cmumendationent
1623 1970 1926 2037 ecclesiae;
2007 1973 2130 2039 quia

556 2045 781 2162 propter
807 2040 1151 2109 cupiditatem
1183 2039 1497 2108 plerumque
1526 2054 1554 2092 a
1582 2040 1728 2094 laicis
1762 2040 1953 2097 talibus
1982 2056 2131 2111 pres-

578 2107 610 2161 ti
637 2108 743 2162 eris
766 2111 1026 2162 ecclesiae
1057 2112 1268 2162 duntur.
1301 2110 1389 2162 aui
1429 2108 1496 2162 ad
1538 2109 1901 2162 peragendum
1950 2126 2131 2162 sacer-

578 2107 610 2161 ti
637 2108 743 2164 eris
766 2107 1026 2163 ecclesiae
1057 2107 1268 2175 dantur,
1301 2110 1389 2176 qui
1429 2108 1496 2162 ad
1535 2109 1901 2178 peragendum
1950 2107 2131 2166 sicer-

555 2179 736 2234 dotale
765 2178 998 2235 ol'licium
1029 2179 1224 2248 ln-iigni
1246 2190 1389 2233 sunt.

626 2247 715 2304 96.
755 2248 835 2321 De
861 2267 986 2320 pace
1016 2258 1091 2321 et
1144 2247 1436 2321 concordia.
1485 2248 1561 2303 De
1607 2249 1757 2317 pacis
1785 2249 1927 2305 bono
1969 2259 2131 2321 atque

554 2319 869 2390 concordia,
892 2329 948 2375 ut
978 2320 1045 2375 ab
1087 2320 1335 2374 omnibus
1362 2321 1582 2373 omnino
1624 2321 1917 2390 indis-rupta
1949 2319 2129 2375 tenea-

556 2397 643 2441 tur
665 2388 806 2459 inter
834 2392 1116 2459 episcopos
1146 2398 1201 2445 et
1228 2390 1472 2453 comites,
1505 2390 1645 2443 inter
1671 2388 1895 2445 clericos
1925 2399 1980 2446 et
2016 2406 2131 2445 mo-

557 2458 760 2529 nachos
797 2470 851 2514 et
872 2458 1093 2515 omnem
1128 2460 1378 2529 populum
1411 2459 1756 2513 clnistianum
1792 2500 1809 2524 ,
1857 2470 1917 2514 ut
1944 2461 2132 2515 beatus

554 2528 831 2596 apostolus
861 2529 1055 2585 Paulus
1075 2528 1258 2585 docuit
1286 2529 1471 2583 dicens
1500 2546 1511 2581 :
1545 2529 1829 2584 Setamini
1858 2532 2132 2585 caritatam

552 2607 603 2670 et
629 2600 1043 2670 sanctimoniam,
1074 2602 1197 2670 sine
1236 2616 1339 2670 qua
1378 2614 1525 2670 uenio
1577 2600 1764 2652 videbit
1814 2600 1996 2654 Deum.
2055 2604 2124 2654 Et

553 2666 753 2741 idcirco
774 2670 1026 2739 quidquid
1059 2669 1185 2724 illul
1215 2666 1492 2741 est,nqu_nd
1540 2685 1638 2722 nos
1679 2670 1745 2723 ad
1774 2684 1936 2724 verae
1984 2672 2132 2741 pacis

553 2735 804 2809 studium
830 2748 885 2793 et
917 2735 1170 2794 caritatis
1213 2735 1597 2809 perfectionem
1637 2751 1945 2809 provocat,
1984 2735 2132 2798 'tOtis

554 2804 758 2877 viribus
788 2810 999 2877 nostris
1027 2804 1337 2864 srctauilum
1385 2818 1497 2874 est;
1559 2804 1811 2877 quicquid
1862 2825 1959 2863 nos
2003 2826 2130 2865 vero

555 2873 626 2928 ab
649 2874 737 2948 illa
769 2876 1043 2948 disjungit,
1074 2891 1130 2934 ut
1155 2893 1420 2933 venenum
1445 2873 1777 2934 mortiferum
1804 2895 1832 2932 a
1855 2880 2011 2936 nobis
2036 2896 2129 2935 ca-

554 2944 781 2999 vendum
809 2944 909 3002 est.

613 3012 704 3070 97.
741 3014 820 3070 De
847 3018 1113 3073 comitibus
1133 3028 1183 3074 et
1209 3018 1497 3082 iudicibus,
1552 3028 1604 3072 ut
1656 3019 1977 3074 oboedientes
2026 3022 2132 3076 sint

555 3099 647 3160 suo
667 3088 924 3156 episcopo.
963 3091 1028 3144 Ut
1054 3091 1278 3144 comites
1306 3101 1357 3142 et
1402 3091 1603 3145 iudices
1647 3086 1988 3159 reliq'uusque
2036 3108 2130 3160 po-

554 3150 712 3229 p_ulus
741 3150 1088 3229 oboedientes
1114 3160 1222 3215 sint
1260 3160 1537 3229 episcopo,
1565 3170 1619 3215 et
1645 3150 1875 3215 invicem
1900 3150 2129 3214 consen-
2157 3150 2199 3208 (ἰ

560 3226 698 3280 tiant
719 3227 784 3280 ad
806 3227 1087 3299 faciendas
1138 3226 1390 3290 iustitias,
1421 3226 1475 3284 et
1522 3245 1743 3284 munera
1776 3245 1875 3299 pro
1926 3229 2128 3285 iudicio

559 3310 666 3369 non
702 3298 969 3366 accipiant
993 3299 1272 3352 necl'alsos
1309 3308 1471 3353 testes
1515 3298 1882 3366 adhibeant”,
1915 3314 1984 3354 ne
2037 3316 2131 3369 per

557 3364 660 3439 hoc
679 3364 995 3439 pervertant
1024 3369 1212 3422 iudicia
1242 3370 1525 3433 iustorum,
1550 3371 1673 3437 quia
1718 3364 1976 3439 scriptum
2006 3364 2088 3424 elt
2114 3388 2133 3423 :

557 3432 951 3509 Iustitiaelevat
987 3448 1222 3509 gentem,
1237 3440 1489 3492 iniustitia
1514 3432 1638 3492 ivero
1664 3432 1876 3493 miseros
1900 3442 2024 3509 [acit
2045 3457 2132 3509 po-

557 3504 729 3578 pulos.
754 3504 1146 3577 Etpsaluiista:
1183 3507 1362 3572 Beati,
1419 3510 1505 3578 qui
1544 3509 1838 3562 custodiunt
1884 3504 2130 3564 iudicium

558 3583 607 3627 st
627 3576 1073 3646 faciunttustitias
1103 3579 1154 3630 in
1186 3579 1321 3631 omni
1354 3576 1598 3646 tempore.

632 3647 719 3697 98.
765 3645 834 3718 Ut
860 3649 1081 3716 episcopi
1111 3650 1265 3701 senui
1288 3649 1340 3699 in
1378 3645 1517 3702 anno
1554 3649 1857 3718 parrochias
1885 3664 2005 3703 suas
2029 3651 2132 3704 cir-

560 3724 767 3770 cueant.
801 3716 1174 3785 Unusqutsque
1230 3718 1514 3787 episcopus
1556 3716 1724 3772 semel
1756 3718 1806 3772 in
1853 3734 1995 3774 anno
2021 3721 2126 3774 cir-

559 3794 721 3859 cueat
749 3789 1086 3859 parrochiam
1122 3802 1293 3841 suam.
1335 3786 1593 3842 Noverint
1612 3788 1712 3859 sibi
1744 3804 1924 3859 curam
1957 3805 2128 3859 popu-

565 3852 792 3927 lorum,"
810 3865 862 3910 et
894 3871 1183 3924 pauperum
1216 3859 1267 3910 in
1307 3857 1652 3927 protegendis
1691 3873 1754 3912 ac
1782 3852 2131 3915 defendendis

562 3922 865 3992 impositam
890 3922 906 3991 ζ
949 3922 1177 3997 ideoque
1205 3922 1328 3980 doni
1351 3922 1905 3997 conspiciuntiudices
1935 3945 1998 3984 ac
2030 3947 2127 3997 po-

565 4002 742 4049 tentes
772 4011 1061 4064 pauperum
1114 4011 1460 4066 Oppre:sores
1514 3998 1788 4066 existere,
1841 3998 1985 4063 prius
2034 4014 2129 4054 eos

558 4066 877 4136 sacerdotali
893 4065 1256 4123 admonitione
1270 4068 1609 4136 redarguunt.
1633 4065 1701 4120 Et
1725 4067 1770 4121 si
1787 4077 2129 4135 contempse-

560 4134 667 4188 rint
689 4137 984 4198 emendari,
1015 4151 1200 4192 eorum
1252 4134 1532 4192 insolentia
1564 4139 1703 4203 regis
1751 4139 1969 4192 auribus
2000 4134 2129 4192 inti-

560 4214 767 4271 tuetur;
811 4213 868 4259 ut
888 4220 1024 4273 quos
1045 4206 1392 4261 sacerdotalis
1420 4207 1716 4261 admonitio
1739 4223 1843 4261 non
1876 4206 2039 4262 flectit
2063 4209 2129 4263 ad

558 4275 836 4347 iustitiam,
860 4275 1053 4344 regalis
1100 4285 1339 4346 potestas
1367 4277 1434 4331 ab
1466 4275 1808 4347 improbitate
1858 4287 2125 4333 coerceat.

629 4344 716 4399 99.
738 4348 838 4417 die
865 4344 1116 4399 crismate‘
1142 4363 1173 4398 a
1217 4347 1507 4417 presbiteris
1536 4344 1867 4401 custodiendo
1920 4352 2010 4402 sub
2063 4352 2130 4403 si-

556 4414 701 4487 gillo.
736 4415 803 4470 Ut
825 4416 1110 4484 presbiteri
1139 4414 1237 4470 sub
1261 4418 1438 4484 sigillo
1465 4418 1771 4472 custodiant
1792 4419 1980 4472 crisma
2012 4461 2028 4487 ,
2074 4428 2131 4476 et

556 4484 687 4555 milli
718 4487 818 4540 sub
851 4494 1131 4555 praetextu
1160 4488 1457 4543 medicinae
1484 4487 1568 4542 vel
1611 4492 1711 4540 sub
1737 4484 2023 4542 cuiuslibet
2050 4491 2125 4544 rei

559 4554 761 4626 donare
789 4563 1133 4626 praesumant
1160 4573 1173 4609 :
1206 4570 1373 4626 genus
1426 4558 1567 4612 enim
1595 4558 1918 4612 sacramenti
1947 4568 2048 4623 est,
2073 4570 2128 4616 et

559 4639 667 4696 non
692 4625 760 4679 ab
789 4625 905 4679 aliis
928 4625 1029 4678 nisi
1056 4639 1088 4679 a
1108 4625 1475 4696 sacerdotibus
1498 4626 1738 4696 contingi
1764 4628 1942 4683 debet.
1972 4630 2126 4695 Quod

555 4693 601 4747 si
623 4693 868 4760 fecerint,
898 4696 1104 4749 honore
1131 4695 1424 4764 priventur.

630 4764 751 4837 100.
796 4765 872 4818 De
899 4766 1010 4837 his,
1029 4767 1113 4837 qui
1142 4765 1441 4837 beneﬁcium
1481 4770 1666 4823 habent
1695 4767 1758 4821 de
1777 4770 1927 4823 rebus
1969 4772 2128 4824 eccle-

556 4835 684 4889 siae.
706 4832 775 4890 Ut
802 4832 1051 4905 quisquis
1062 4832 1378 4891 benelicium
1405 4842 1472 4896 de
1497 4841 1658 4896 rebus
1672 4838 1932 4894 ecclesiae
1946 4841 2062 4894 habe
2088 4850 2127 4904 ι,

555 4906 623 4959 ad
653 4914 793 4980 tecta
823 4906 1061 4980 eiusdem
1088 4907 1363 4980 ecclesiae
1390 4907 1741 4966 restauranda
1765 4910 1849 4964 νει
1877 4911 1943 4965 ad
1986 4912 2128 4980 ip:as

557 4975 811 5030 ecclesias
839 4974 1196 5032 aedificandas
1223 4979 1443 5035 omnino
1468 4980 1708 5035 adiuvet.

631 5044 753 5100 101.
794 5047 873 5101 De
900 5061 979 5112 eo,
1009 5046 1097 5116 qui
1124 5047 1336 5121 infamis
1377 5052 1516 5121 furto
1536 5048 1963 5121 cﬁicitur.u_Furti
1994 5065 2129 5119 quo-

554 5130 787 5186 cumque
814 5130 1011 5185 genere
1036 5118 1459 5186 condempnatus
1487 5118 1700 5175 infamis
1733 5119 1980 5174 efficitur.

625 5185 746 5241 102.
792 5184 865 5259 De
889 5202 972 5254 eo,
992 5188 1077 5253 qui
1106 5184 1290 5259 absens
1316 5189 1495 5259 fuerit,
1544 5190 1750 5243 minimc
1772 5191 2124 5259 dampnando.

551 5256 802 5312 iubemus
827 5257 876 5311 in
904 5270 1063 5310 causa
1085 5256 1339 5325 capitali,
1370 5268 1431 5313 ut
1475 5260 1668 5314 absens
1699 5274 1858 5313 nemo
1894 5256 2132 5315 damne-

551 5335 661 5408 tur,
690 5328 815 5394 quia
842 5341 1017 5395 neque
1043 5327 1238 5382 absens
1265 5343 1363 5398 per
1378 5328 1540 5383 alium
1563 5343 1819 5385 accusare
1848 5341 1942 5384 aut
1966 5345 2130 5386 aecu-

551 5413 658 5453 δίη-ι
695 5408 892 5468 potest.

1453 326 1509 380 Β.
1549 324 1799 382 CAROLI
1841 323 2056 397 MAGNI
2095 325 2240 381 ΟΡΡ.
2286 322 2463 384 PARS
2505 324 2544 380 Ι.
2583 323 2826 380 SECTIO
2864 323 2907 379 Ι.

574 418 776 496 miuum
798 441 926 497 nihil
957 454 1114 509 posse
1136 436 1352 509 remedii
1375 435 1618 509 conferre
1640 476 1655 501 ,
1685 451 1792 509 non
1817 435 2131 509 animalibus
2162 443 2208 500 A

3746 322 3838 380 833

2307 439 2425 513 105.
2467 440 2545 513 De
2565 441 2802 513 omnibus
2832 437 3234 513 possessionibus
3262 453 3294 490 a
3319 440 3684 513 praeceptae
3730 452 3841 513 pos:

2240 512 2423 565 scssori
2448 510 2740 565 reddendis.
2766 504 2962 565 omnes
2992 508 3360 579 possessiones
3388 513 3442 558 et
3497 504 3705 556 omnia
3748 504 3837 558 sibi

2237 582 2444 634 Sublata
2468 595 2629 648 atque
2654 579 2855 635 fructus
2876 577 3103 635 cunctos
3132 587 3257 632 ante
3283 577 3431 630 litem
3452 581 3832 629 contestatam

2238 658 2555 719 praeceptor
2583 650 2602 680 ‘
2633 651 2928 719 pussessori
2959 650 3226 702 restituat.

2309 712 2448 775 101(
2474 719 2549 774 De
2595 712 2838 785 incestis,
2868 719 3005 788 quod
3045 735 3147 772 non
3182 720 3286 772 sint
3310 713 3547 788 legitimi
3599 712 3829 788 lteredes.

2240 787 2435 857 Omnes
2462 805 2620 845 nosse
2641 783 2906 854 volumus,
2931 788 3073 857 quod
3102 789 3287 842 incesti
3328 783 3433 839 non
3457 786 3581 839 sint
3618 783 3831 848 legitimi

2238 856 2484 924 heredes,
2514 859 2608 914 sed
2628 858 2843 913 infamia
2871 859 2981 915 sint
2996 867 3213 912 notatae
3239 867 3513 924 utraeque
3541 868 3828 921 personae.

2236 927 2468 1004 Ideoque
2497 930 2861 1004 proximorum
2899 928 3202 1004 coiiulavel
3228 937 3411 996 stupra
3477 924 3668 1004 quasi.
3689 938 3835 1003 quae:

2236 998 2357 1051 dam
2386 994 2688 1067 turpissima
2712 997 2876 1066 pestis
2908 997 3145 1052 cavenda
3175 1006 3289 1060 est;
3322 994 3623 1067 quoniam
3655 994 3831 1045 incesti

2236 1083 2405 1132 “diue
2436 1065 2501 1122 ad
2528 1065 2841 1122 canonicam
2884 1067 3277 1137 separationem
3318 1065 3721 1137 eccle~iaeque
3751 1079 3832 1129 [Μ

2239 1136 2505 1204 publicam
2553 1137 2917 1205 poenitentiae
2949 1133 3387 1191 satisfactionem
3449 1133 3646 1205 magis
3698 1136 3831 1205 intr

2236 1203 2612 1271 euerguminus
2640 1208 2721 1261 vel
2772 1208 3081 1273 aud'entes,
3115 1222 3275 1274 quant
3329 1205 3479 1260 inter
3505 1203 3827 1274 christianm

2236 1276 2534 1346 catholicos
2558 1277 2772 1346 utrique
2810 1294 2929 1330 cum
2955 1272 3203 1331 omnibus
3232 1278 3343 1332 suis
3370 1282 3508 1327 sunt
3535 1272 3800 1346 habendi.

2307 1343 2430 1399 105.
2473 1345 2540 1417 Ut
2560 1342 2709 1417 liceat
2734 1348 2933 1417 litigate
2966 1348 3234 1401 initiatam
3264 1360 3485 1400 causam
3505 1342 3802 1417 _appclla:iu

2236 1415 2317 1468 nis
2345 1416 2567 1470 remedio
2593 1414 2877 1471 sublevare.
2909 1417 3113 1471 Iudices
3156 1416 3224 1470 ob
3246 1431 3449 1470 .ervare
3484 1414 3731 1473 debent,
3779 1423 3822 1463 ut

2235 1484 2396 1539 liceat
2423 1486 2673 1553 litigatori
2698 1488 2934 1540 vitiatam
2951 1501 3166 1542 causam
3181 1483 3580 1555 appellationis
3598 1483 3825 1555 remedia

2235 1555 2536 1613 sublevare.
2568 1564 2621 1607 et
2650 1557 3007 1623 appellatores
3038 1572 3139 1611 nec
3165 1553 3547 1623 incarcerem
3589 1553 3819 1618 redigam

2236 1639 2336 1678 nec
2361 1640 2389 1677 a
2423 1622 3174 1681 militiinzsl’iciantcustodiri
3199 1641 3213 1689 ;
3246 1624 3340 1678 sed
3364 1622 3656 1691 agendum
3682 1638 3820 1683 nega-

2239 1695 2369 1747 tium
2399 1710 2553 1748 suum
2578 1696 2730 1749 liberi
2755 1701 3062 1750 observent.
3094 1694 3201 1749 Nec
3223 1696 3387 1748 etiam
3419 1696 3478 1747 in
3508 1692 3817 1761 supplicium

2237 1762 2519 1834 de~tinatis
2543 1766 2846 1834 appellandi
2873 1781 2976 1820 vox
3001 1767 3316 1833 denegetur.

2309 1834 2429 1889 ltiti.
2469 1833 2548 1888 De
2579 1833 2812 1890 oratione
2851 1837 3183 1890 oboedientis.
3228 1834 3530 1890 Sciendum
3592 1848 3725 1888 sane
3753 1840 3815 1884 est

2235 1904 2506 1970 omnibus,
2537 1907 2659 1974 quia
2692 1907 2848 1960 citius
2879 1905 3167 1959 exauditur
3194 1920 3299 1959 una
3328 1904 3686 1959 oboedientis
3715 1920 3812 1956 ora-

2235 1974 2331 2046 tio,
2351 1989 2525 2046 quam
2549 1976 2736 2029 decem
2768 1975 2914 2029 milia
2943 1976 3351 2046 contemptoris.

2307 2043 2427 2116 107.
2472 2044 2550 2116 Ut
2558 2061 2888 2116 unaquaeque
2939 2043 3202 2114 provincia
3241 2044 3561 2099 aiudicibus
3611 2047 3814 2114 prepriis

2234 2114 2503 2168 iudicetur.
2523 2114 2903 2185 Praecipiuius,
2918 2123 2977 2169 ut
2998 2131 3103 2168 non
3119 2116 3444 2182 degradetur
3467 2130 3812 2184 unaquaeque

2235 2185 2530 2254 provincia,
2563 2187 2654 2240 sed
2680 2184 2822 2253 apud
2862 2186 3205 2253 semetipsam
3234 2185 3436 2255 habeat
3474 2185 3685 2240 iudices
3709 2188 3810 2255 epi-

2234 2268 2449 2320 sc0pos.
2486 2256 2551 2309 Et
2578 2255 2904 2323 quicumque
2943 2270 3160 2308 causam
3186 2254 3462 2321 habuerit,
3490 2270 3518 2308 a
3546 2256 3661 2308 suis
3689 2254 3809 2308 iudi-

2233 2323 2383 2377 cibus
2413 2323 2676 2380 iudicetur
2701 2333 2882 2379 etnon
2904 2324 2971 2378 ab
2993 2324 3203 2382 alienis.
3237 2325 3286 2376 id
3315 2334 3400 2379 est
3443 2340 3473 2378 a
3504 2340 3638 2379 suae
3671 2326 3811 2378 iustis

2234 2392 2499 2516 iudielilhus
2527 2394 2830 2463 provinciae
2866 2403 2922 2449 et
2961 2410 3066 2448 non
3090 2395 3156 2450 ab
3183 2395 3430 2450 externis
3453 2431 3471 2458 ,
3519 2395 3621 2448 nisi
3650 2395 3808 2450 fuerit

2234 2477 2368 2516 anne
2413 2473 2578 2516 atum.

2233 2466 2578 2533 appellatum.

2306 2556 2428 2613 108.
2473 2557 2621 2623 Quod
2644 2559 3192 2629 unumquemqueiuste
3205 2567 3253 2611 ct
3271 2560 3350 2627 pie
3370 2559 3524 2613 rbere
3538 2565 3794 2625 oporteat.

2232 2627 2426 2684 Notum
2444 2645 2565 2684 esse
2595 2630 2841 2683 omnibus
2868 2627 3130 2693 volumus,
3164 2642 3318 2697 quam
3337 2629 3464 2682 iuste
3483 2668 3499 2688 ,
3551 2629 3738 2681 Subrio
3761 2663 3782 2688 ,

2233 2715 2392 2769 quam
2422 2700 2581 2754 etiam
2626 2700 2711 2766 pie
2738 2702 2919 2753 vivere
2960 2698 3213 2769 debeant.
3265 2697 3389 2751 Iuste
3411 2698 3545 2751 enim
3591 2697 3777 2769 virere

2234 2764 2450 2845 oportet
2475 2764 2769 2845 secundum
2793 2784 3100 2845 sermonem
3128 2768 3440 2845 dominicum
3458 2764 3784 2845 praecipien-

2234 2836 2340 2893 tcnt
2368 2856 2381 2893 :
2419 2838 2630 2907 Luceat,
2662 2840 2852 2909 inquit,
2883 2840 2973 2892 tua:
3002 2849 3168 2892 vestra
3218 2853 3387 2892 coram
3414 2836 3713 2897 hominibus,
3740 2846 3796 2887 ut

2235 2909 2436 2964 uideant
2458 2926 2488 2963 o
2525 2927 2613 2964 era
2633 2920 2798 2963 vestra
2820 2909 2954 2963 bona
2972 2918 3021 2963 ct
3041 2925 3072 2978 g
3085 2909 3331 2975 'oriﬁrent
3355 2913 3547 2978 patrem
3564 2916 3798 2978 restrain,

2233 2981 2319 3049 qui
2343 2981 2395 3033 in
2417 2980 2570 3034 caelis
2594 2988 2690 3032 est.
2724 2979 2834 3034 Hoc
2859 2988 2941 3032 cst
2965 2996 2979 3031 :
3011 2976 3102 3034 Sic
3130 2979 3269 3033 iuste
3309 2976 3490 3049 vivite,
3519 2985 3577 3049 u_t
3605 2976 3701 3028 lilii
3728 2977 3802 3049 lu-

2236 3045 2314 3103 cis
2345 3049 2607 3106 nominari
2640 3049 2880 3105 taleatis.
2903 3049 3055 3113 Quod
3077 3049 3095 3081 ⁷
3130 3063 3260 3102 vero
3308 3048 3488 3102 sobrie
3509 3045 3693 3099 vivere
3717 3045 3801 3099 de-

2236 3118 2625 3188 beatquisque,
2651 3129 2835 3173 monet
2880 3118 3214 3187 euangelium
3260 3117 3482 3188 dit-ens:
3522 3114 3704 3170 Videte
3746 3133 3801 3169 ne

2233 3186 2693 3259 graventnr'corda
2721 3198 2888 3244 vestra
2918 3189 2971 3243 in
2997 3186 3210 3258 crapula
3240 3197 3287 3259 et
3335 3186 3589 3240 ebrietate
3615 3200 3661 3240 et
3681 3190 3801 3239 curis

2234 3257 2380 3313 huius
2421 3260 2570 3314 vitae.
2612 3257 2706 3315 Pie
2744 3259 2904 3312 etiam
2956 3257 3134 3312 vivere
3174 3258 3259 3311 vel
3318 3258 3597 3323 patienti!“
3641 3264 3797 3309 nienet

2232 3327 2427 3383 Paulus
2456 3328 2791 3385 exhortando
2817 3330 2999 3384 dicens
3027 3346 3038 3381 :
3075 3326 3139 3382 In
3170 3327 3310 3382 omni
3331 3329 3597 3397 patientia
3626 3336 3674 3379 et
3718 3326 3794 3377 da-

2232 3400 2420 3452 rtrina.
2454 3399 2517 3452 Et
2546 3414 2664 3455 cmn
2696 3399 2897 3467 pietate
2923 3412 3113 3464 regere
3158 3398 3374 3452 domum
3405 3407 3638 3459 monet,
3666 3405 3707 3449 et
3736 3410 3788 3447 ne

2233 3469 2345 3536 ipsa
2397 3470 2570 3537 pietas
2612 3470 2900 3523 indiscreta
2947 3468 3221 3531 videatur,
3273 3467 3577 3537 praemittit
3602 3476 3781 3522 senten-

2234 3542 2358 3592 tiam
2393 3540 2577 3594 dicens
2600 3556 2613 3592 :
2647 3541 2817 3610 Argue
2844 3554 2959 3592 cum
2986 3541 3125 3593 omni
3150 3539 3383 3606 imperio.

2302 3629 2422 3684 109.
2468 3630 2546 3685 De
2578 3634 2823 3705 grapliiae
2849 3632 3128 3705 prolatare,
3161 3640 3217 3683 ut
3251 3630 3675 3705 eamad/imiter.
3702 3627 3794 3705 Sta:

2232 3708 2402 3754 tutum
2432 3708 2532 3767 est,
2561 3699 2619 3756 ut
2643 3699 2964 3770 scripturam
3009 3703 3250 3771 prolator
3295 3700 3566 3754 adfirmet.
3600 3699 3738 3753 Nam
3764 3699 3799 3750 si

2232 3771 2305 3831 is,
2330 3771 2421 3838 qui
2450 3773 2765 3839 scripturam
2786 3772 3027 3840 protulit,
3058 3772 3173 3825 eius
3214 3787 3319 3823 non
3361 3771 3710 3824 adstruaerd
3726 3783 3798 3821 γο-

2232 3842 2466 3906 ritatem,
2496 3851 2554 3896 ut
2581 3841 2826 3896 falsitatis
2856 3857 3006 3897 reum
3032 3856 3151 3896 esse
3179 3842 3539 3895 retinendum.

2308 3933 2424 4004 llO.
2468 3931 2618 3996 Quod
2642 3939 2881 3989 sacerdos
2907 3937 2960 3988 in
3003 3934 3175 3987 habitu
3228 3934 3488 4004 religionis
3542 3936 3807 4002 persistere

2231 4002 2428 4057 debeat.
2458 4006 2785 4058 Studendum
2816 4020 2946 4058 sane
2999 4006 3245 4059 omnibus
3275 4002 3380 4069 est,
3429 4012 3483 4056 ut
3525 4006 3577 4055 in
3634 4004 3808 4057 habitu

2232 4074 2504 4142 religionis
2542 4075 2768 4144 quisque
2816 4074 3068 4129 sacerdos
3098 4083 3408 4143 permaneat
3442 4081 3659 4144 ebore
3706 4090 3788 4140 pro

2233 4141 2445 4212 phetico
2477 4141 2694 4199 sibimet
2713 4144 2948 4213 praecipi
2993 4141 3209 4199 censeat
3229 4145 3251 4175 ⁸
3281 4144 3490 4198 dicente
3514 4141 3536 4173 ⁹
3563 4159 3578 4196 :
3604 4143 3812 4208 ϐιαιως,

2231 4228 2297 4266 ne
2324 4228 2519 4278 cesses;
2565 4215 2711 4282 quasi
2756 4214 2878 4267 tuba
2922 4215 3095 4268 exalto
3148 4230 3315 4268 rocent
3363 4221 3524 4266 tuam.
3582 4213 3814 4280 Quanto

2231 4283 2367 4337 dixit
2387 4282 2565 4337 Clama
2586 4301 2650 4338 ne
2676 4299 2860 4349 cesses,
2886 4299 3046 4339 omne
3095 4292 3305 4352 tempus
3352 4283 3616 4352 exclusit;
3682 4284 3814 4352 quod

2234 4367 2393 4407 nemo
2415 4363 2593 4421 potest
2631 4368 2907 4410 excusare.
2939 4355 3146 4408 Etenim
3186 4350 3252 4409 de
3280 4353 3426 4407 libris
3448 4350 3814 4411 olﬁeialibus.

2233 4432 2291 4477 ut
2318 4423 2583 4494 novimus,
2614 4433 2761 4494 patet
2808 4426 3133 4494 ratio;iquia
3162 4437 3495 4493 nequaquam
3541 4438 3817 4494 corporeo

2158 4518 2204 4576 ι)
2232 4508 2330 4575 usu
2353 4493 2487 4576 haec
2512 4493 2829 4576 requirenda
2856 4494 2943 4576 ab
2972 4493 3322 4576 illis_era_nt,'
3354 4494 3440 4563 qui
3486 4493 3819 4576 spiritaliter

2231 4564 2500 4628 vivebant,
2523 4562 2731 4619 dicente
2756 4563 3153 4633 psalmigrapho
3181 4563 3221 4594 ¹⁰
3247 4581 3260 4617 :
3293 4562 3381 4617 In
3400 4578 3478 4616 me
3507 4573 3634 4616 sunt
3688 4563 3818 4619 Deus

2230 4643 2348 4707 eota
2374 4649 2481 4707 ηας,
2506 4650 2634 4707 quae
2650 4632 2873 4707 reddam
2891 4632 3212 4707 laudationes
3225 4634 3340 4707 tibi.
3357 4632 3712 4707 Nostarnen,
3736 4640 3817 4703 qui

2232 4705 2285 4758 in
2341 4703 2528 4758 medio'
2547 4706 2704 4774 positi
2752 4720 2936 4760 sumus
2975 4706 3183 4760 scili:_et
3221 4705 3360 4759 inter
3404 4703 3721 4774 spiritalem
3770 4716 3815 4759 et

2231 4773 2566 4843 corporalem
2620 4776 2993 4840 intellectum,
3049 4776 3101 4830 in
3165 4775 3411 4829 omnibus
3453 4773 3820 4830 esbibeamus

2232 4846 2590 4913 nosmetip~os
2612 4847 2747 4901 sicut
2792 4847 2883 4899 Dei
2914 4845 3210 4911 ministros,
3241 4852 3300 4898 ut
3331 4859 3436 4898 non
3467 4844 3820 4912 vituperetur

2231 4914 2583 4985 ministerium
2608 4924 2846 4971 nostrum
2870 4924 2926 4970 et
2954 4916 3320 4985 propheticum
3360 4929 3682 4985 sermonem
3728 4917 3820 4969 iui-

2232 4983 2808 5054 pleamusdicentem:
2853 4983 3115 5039 Iustitiam
3164 4986 3381 5047 discite,
3412 4984 3514 5054 qui
3563 4984 3821 5039 habitatis

2234 5063 2443 5124 terram.
2476 5053 2558 5119 Et,
2574 5056 2716 5124 quod
2738 5064 2945 5109 avertat
2962 5055 3098 5108 Deus
3121 5072 3148 5107 a
3173 5055 3347 5116 nobis,
3373 5053 3512 5107 idem
3540 5055 3816 5123 prOphrta

2232 5123 2394 5177 dicit:
2424 5123 2578 5178 Zelus
2600 5126 2936 5195 adprehendit
2962 5128 3207 5195 populum
3234 5124 3568 5178 ineruditum.
3606 5124 3680 5177 Et
3716 5126 3819 5178 ite-

2233 5194 2517 5265 rumalius
2545 5194 2804 5265 propheta
2830 5214 2841 5246 :
2871 5196 3173 5265 Sacerdotes
3201 5196 3349 5264 iguor
3369 5202 3573 5265 perunt,
3605 5194 3818 5247 incili-

2231 5264 2474 5335 gcjntiam.
2499 5263 2564 5318 Et
2586 5263 2724 5320 idem
2742 5265 3001 5335 propheta
3026 5284 3040 5319 :
3073 5263 3376 5318 Sacerdotes
3405 5278 3523 5335 non,
3539 5263 3619 5314 dii
3633 5275 3819 5333 erant,

2232 5331 2317 5386 ubi
2343 5343 2416 5387 est
2450 5334 2697 5389 Dominus
2713 5331 2811 5389 ?'et
2832 5331 3058 5389 tcnentes
3081 5335 3213 5404 leges
3234 5349 3374 5389 meas
3388 5333 3693 5404 nescierunt
3714 5331 3816 5388 me.

2235 5406 2347 5470 Qua
2369 5419 2497 5473 erg»
2523 5406 2720 5474 fronte,
2747 5421 2851 5474 qua
2896 5402 3229 5460 conscientia
3258 5402 3596 5459 sacerdotem
3619 5408 3815 5460 nomi-

1659 5489 1857 5546 VARIA
1869 5490 2045 5545 ΝΤΕὸ
2087 5491 2373 5547 LEC'I'lUN
2385 5496 2482 5549 E5.

624 5565 640 5594 ¹
678 5563 984 5618 iudicandas
1030 5563 1072 5618 G
1084 5603 1096 5617 .

1173 5566 1193 5595 ί
1225 5560 1445 5618 mercdii
1475 5579 1612 5618 corr.
1645 5560 1958 5634 remediib'.
1985 5562 2069 5616 ubi
2098 5568 2150 5616 in
2190 5580 2425 5634 margne
2450 5567 2635 5634 legitur
2668 5580 2684 5616 :
2714 5564 2981 5634 Aliter.a.
3005 5579 3049 5619 s.
3082 5564 3120 5617 Γ.

3151 5578 3200 5632 p.
3238 5571 3296 5617 ut
3324 5579 3378 5633 ῃ.
3412 5573 3487 5616 m.
3519 5574 3572 5614 a.
3606 5558 3646 5618 i.
3685 5579 3749 5633 q.
3777 5568 3810 5617 i.

552 5635 606 5687 h.
643 5651 747 5688 non
775 5634 1091 5704 animalibus
1121 5634 1496 5703 languentibus
1528 5635 1607 5688 vel
1635 5632 1795 5704 etiam
1826 5633 2157 5704 lliOl‘ibllndiS
2186 5632 2323 5688 nihil
2360 5632 2516 5704 posse
2544 5634 2762 5688 remedii
2790 5633 3055 5690 conferre.
3113 5635 3131 5664 ³
3154 5635 3293 5688 deest
3336 5632 3452 5690 Bal.
3483 5635 3534 5685 in
3566 5632 3819 5700 margine

552 5708 772 5758 addidit.
805 5702 871 5758 (ὲ.

554 5792 578 5830 r
620 5793 771 5847 super
800 5792 848 5831 c.

967 5703 988 5734 ⁸
1009 5709 1061 5776 in
1084 5701 1315 5776 margine
1339 5706 1486 5764 habet
1513 5704 1602 5767 6.,
1627 5701 1961 5776 omittitﬂal.

925 5776 944 5806 τ
974 5774 1132 5844 quid,
1152 5772 1461 5847 in'margine
1492 5777 1571 5831 vel
1605 5776 1654 5828 in
1685 5789 1789 5843 quo
1814 5772 1875 5829 (ὅ.

2040 5704 2060 5733 δ
2091 5706 2409 5773 pupillorum
2450 5716 2583 5757 recte
2608 5706 2820 5758 coniecit
2861 5705 2977 5759 Bal.

1954 5774 1974 5805 ⁸
1999 5784 2208 5830 constat
2232 5775 2345 5828 Bal.

3076 5705 3096 5735 ‘
3124 5706 3195 5759 sic
3231 5707 3344 5759 b’al.
3385 5704 3472 5766 6.,
3497 5705 3580 5759 hic
3603 5707 3737 5774 εστὶ,
3765 5717 3817 5758 to

2423 5775 2442 5805 ⁹
2466 5775 2675 5831 dicendi
2704 5775 2765 5828 (ἔ.
2847 5777 2887 5804 ¹⁰
2909 5776 3316 5849 graphopsahno
3346 5774 3460 5830 Bal.
