  <div class='ocr_page' id='page_1' title='image "/cluster/home/n/w/nwhite01/storage/ocr_20150623/97/hvd.32044015466766/468.png"; bbox 0 0 3974 6340; ppageno 0'>
   <div class='ocr_carea' id='block_1_1' title="bbox 82 368 222 425">
    <p class='ocr_par' dir='ltr' id='par_1_1' title="bbox 82 368 222 425">
     <span class='ocr_line' id='line_1_1' title="bbox 82 368 222 425; baseline 0.007 -1"><span class='ocrx_word' id='word_1_1' title='bbox 82 368 222 425; x_wconf 80' lang='grc'><strong>897</strong></span> 
     </span>
    </p>
   </div>
   <div class='ocr_carea' id='block_1_2' title="bbox 568 360 2959 422">
    <p class='ocr_par' dir='ltr' id='par_1_2' title="bbox 568 360 2959 422">
     <span class='ocr_line' id='line_1_2' title="bbox 568 360 2959 422; baseline 0 -1"><span class='ocrx_word' id='word_1_2' title='bbox 568 364 722 421; x_wconf 86' lang='lat' dir='ltr'><strong>COD.</strong></span> <span class='ocrx_word' id='word_1_3' title='bbox 768 362 1047 419; x_wconf 75' lang='lat' dir='ltr'><strong>Dll‘LOM.</strong></span> <span class='ocrx_word' id='word_1_4' title='bbox 1090 393 1156 406; x_wconf 84' lang='lat'><strong>--</strong></span> <span class='ocrx_word' id='word_1_5' title='bbox 1194 361 1552 421; x_wconf 70' lang='lat' dir='ltr'><strong>BENEDICTI</strong></span> <span class='ocrx_word' id='word_1_6' title='bbox 1591 360 2108 420; x_wconf 77' lang='lat' dir='ltr'><strong>CAPITULARIUM</strong></span> <span class='ocrx_word' id='word_1_7' title='bbox 2148 361 2544 419; x_wconf 83' lang='lat' dir='ltr'><strong>COLl.ECTlO.</strong></span> <span class='ocrx_word' id='word_1_8' title='bbox 2571 394 2640 406; x_wconf 92' lang='lat'><strong>-—</strong></span> <span class='ocrx_word' id='word_1_9' title='bbox 2669 364 2824 419; x_wconf 73' lang='lat' dir='ltr'><strong>ADD.</strong></span> <span class='ocrx_word' id='word_1_10' title='bbox 2867 362 2959 422; x_wconf 76' lang='lat' dir='ltr'><strong>IV.</strong></span> 
     </span>
    </p>
   </div>
   <div class='ocr_carea' id='block_1_3' title="bbox 3304 363 3408 424">
    <p class='ocr_par' dir='ltr' id='par_1_3' title="bbox 3304 363 3408 424">
     <span class='ocr_line' id='line_1_3' title="bbox 3304 363 3408 424; baseline 0.019 -2"><span class='ocrx_word' id='word_1_11' title='bbox 3304 363 3408 424; x_wconf 68' lang='lat'><strong>898</strong></span> 
     </span>
    </p>
   </div>
   <div class='ocr_carea' id='block_1_4' title="bbox 170 466 3411 549">
    <p class='ocr_par' dir='ltr' id='par_1_4' title="bbox 170 466 3411 549">
     <span class='ocr_line' id='line_1_4' title="bbox 170 466 3411 549; baseline -0.001 -13"><span class='ocrx_word' id='word_1_12' title='bbox 170 478 288 537; x_wconf 69' lang='grc'><strong>54.</strong></span> <span class='ocrx_word' id='word_1_13' title='bbox 355 479 437 534; x_wconf 91' lang='lat' dir='ltr'><strong>De</strong></span> <span class='ocrx_word' id='word_1_14' title='bbox 463 466 555 542; x_wconf 74' lang='lat' dir='ltr'><strong>eo,</strong></span> <span class='ocrx_word' id='word_1_15' title='bbox 587 478 671 549; x_wconf 89' lang='lat' dir='ltr'><strong>qui</strong></span> <span class='ocrx_word' id='word_1_16' title='bbox 722 492 785 531; x_wconf 67' lang='lat' dir='ltr'><strong>ex</strong></span> <span class='ocrx_word' id='word_1_17' title='bbox 817 478 1360 549; x_wconf 74' lang='lat' dir='ltr'><strong>ommuniea&#39;usante</strong></span> <span class='ocrx_word' id='word_1_18' title='bbox 1397 475 1715 549; x_wconf 81' lang='lat' dir='ltr'><strong>audientiam</strong></span> <span class='ocrx_word' id='word_1_19' title='bbox 1743 477 1793 536; x_wconf 81' lang='grc' dir='ltr'>Α</span> <span class='ocrx_word' id='word_1_20' title='bbox 1819 473 1887 528; x_wconf 89' lang='lat' dir='ltr'><strong>ad</strong></span> <span class='ocrx_word' id='word_1_21' title='bbox 1914 473 2260 549; x_wconf 81' lang='lat' dir='ltr'><strong>saecularem</strong></span> <span class='ocrx_word' id='word_1_22' title='bbox 2286 473 2307 505; x_wconf 72' lang='grc'><strong>⁸</strong></span> <span class='ocrx_word' id='word_1_23' title='bbox 2349 474 2579 549; x_wconf 78' lang='lat' dir='ltr'><strong>fortasse</strong></span> <span class='ocrx_word' id='word_1_24' title='bbox 2620 474 2921 549; x_wconf 66' lang='lat' dir='ltr'><strong>coniiigcrit</strong></span> <span class='ocrx_word' id='word_1_25' title='bbox 2958 482 3013 549; x_wconf 79' lang='lat' dir='ltr'><strong>et</strong></span> <span class='ocrx_word' id='word_1_26' title='bbox 3059 473 3106 549; x_wconf 80' lang='lat' dir='ltr'><strong>is</strong></span> <span class='ocrx_word' id='word_1_27' title='bbox 3137 474 3205 529; x_wconf 90' lang='lat' dir='ltr'><strong>ad</strong></span> <span class='ocrx_word' id='word_1_28' title='bbox 3249 490 3411 546; x_wconf 87' lang='lat' dir='ltr'><strong>quem</strong></span> 
     </span>
    </p>
   </div>
   <div class='ocr_carea' id='block_1_5' title="bbox 83 546 1718 618">
    <p class='ocr_par' dir='ltr' id='par_1_5' title="bbox 83 546 1718 618">
     <span class='ocr_line' id='line_1_5' title="bbox 83 546 1718 618; baseline -0.007 -11"><span class='ocrx_word' id='word_1_29' title='bbox 83 549 522 607; x_wconf 66' lang='lat' dir='ltr'><strong>communicare</strong></span> <span class='ocrx_word' id='word_1_30' title='bbox 564 546 963 618; x_wconf 81' lang='lat' dir='ltr'><strong>praesumpserit</strong></span> <span class='ocrx_word' id='word_1_31' title='bbox 1024 548 1079 618; x_wconf 91' lang='lat' dir='ltr'><strong>Si</strong></span> <span class='ocrx_word' id='word_1_32' title='bbox 1131 548 1251 616; x_wconf 83' lang='lat' dir='ltr'><strong>quis</strong></span> <span class='ocrx_word' id='word_1_33' title='bbox 1281 546 1718 618; x_wconf 50' lang='lat' dir='ltr'><strong>excommunica-</strong></span> 
     </span>
    </p>
   </div>
   <div class='ocr_carea' id='block_1_6' title="bbox 85 615 1713 686">
    <p class='ocr_par' dir='ltr' id='par_1_6' title="bbox 85 615 1713 686">
     <span class='ocr_line' id='line_1_6' title="bbox 85 615 1713 686; baseline -0.006 -10"><span class='ocrx_word' id='word_1_34' title='bbox 85 632 199 676; x_wconf 84' lang='lat' dir='ltr'><strong>tus</strong></span> <span class='ocrx_word' id='word_1_35' title='bbox 261 630 408 675; x_wconf 78' lang='lat' dir='ltr'><strong>ante</strong></span> <span class='ocrx_word' id='word_1_36' title='bbox 448 615 773 672; x_wconf 69' lang='lat' dir='ltr'><strong>audientiam</strong></span> <span class='ocrx_word' id='word_1_37' title='bbox 805 615 1206 672; x_wconf 78' lang='lat' dir='ltr'><strong>communicare</strong></span> <span class='ocrx_word' id='word_1_38' title='bbox 1274 615 1713 686; x_wconf 85' lang='lat' dir='ltr'><strong>praesumpserit,</strong></span> 
     </span>
    </p>
   </div>
   <div class='ocr_carea' id='block_1_7' title="bbox 96 686 1170 762">
    <p class='ocr_par' dir='ltr' id='par_1_7' title="bbox 96 686 1170 762">
     <span class='ocr_line' id='line_1_7' title="bbox 96 686 1170 762; baseline -0.007 -15"><span class='ocrx_word' id='word_1_39' title='bbox 96 694 243 762; x_wconf 68' lang='lat' dir='ltr'><strong>ipse</strong></span> <span class='ocrx_word' id='word_1_40' title='bbox 273 688 727 762; x_wconf 78' lang='lat' dir='ltr'><strong>dampnationem</strong></span> <span class='ocrx_word' id='word_1_41' title='bbox 757 686 811 741; x_wconf 90' lang='lat' dir='ltr'><strong>in</strong></span> <span class='ocrx_word' id='word_1_42' title='bbox 840 687 1170 762; x_wconf 78' lang='lat' dir='ltr'><strong>seprotulit.</strong></span> 
     </span>
    </p>
   </div>
   <div class='ocr_carea' id='block_1_8' title="bbox 177 756 1719 829">
    <p class='ocr_par' dir='ltr' id='par_1_8' title="bbox 177 756 1719 829">
     <span class='ocr_line' id='line_1_8' title="bbox 177 756 1719 829; baseline -0.003 -14"><span class='ocrx_word' id='word_1_43' title='bbox 177 761 291 815; x_wconf 81' lang='lat'><strong>55.</strong></span> <span class='ocrx_word' id='word_1_44' title='bbox 356 756 437 813; x_wconf 62' lang='lat' dir='ltr'><strong>ne</strong></span> <span class='ocrx_word' id='word_1_45' title='bbox 469 768 693 829; x_wconf 83' lang='lat' dir='ltr'><strong>potente,</strong></span> <span class='ocrx_word' id='word_1_46' title='bbox 733 762 817 828; x_wconf 89' lang='lat' dir='ltr'><strong>qui</strong></span> <span class='ocrx_word' id='word_1_47' title='bbox 846 759 1066 829; x_wconf 75' lang='lat' dir='ltr'><strong>aliquem</strong></span> <span class='ocrx_word' id='word_1_48' title='bbox 1094 756 1451 829; x_wconf 29' lang='lat' dir='ltr'><strong>extoliaverit.</strong></span> <span class='ocrx_word' id='word_1_49' title='bbox 1487 757 1541 809; x_wconf 81' lang='lat' dir='ltr'><strong>Si</strong></span> <span class='ocrx_word' id='word_1_50' title='bbox 1597 756 1719 825; x_wconf 83' lang='lat' dir='ltr'><strong>quis</strong></span> 
     </span>
    </p>
   </div>
   <div class='ocr_carea' id='block_1_9' title="bbox 92 828 1718 902">
    <p class='ocr_par' dir='ltr' id='par_1_9' title="bbox 92 828 1718 902">
     <span class='ocr_line' id='line_1_9' title="bbox 92 828 1718 902; baseline -0.001 -19"><span class='ocrx_word' id='word_1_51' title='bbox 92 828 475 902; x_wconf 85' lang='lat' dir='ltr'><strong>potentium</strong></span> <span class='ocrx_word' id='word_1_52' title='bbox 502 828 796 902; x_wconf 66' lang='lat' dir='ltr'><strong>quemlibet</strong></span> <span class='ocrx_word' id='word_1_53' title='bbox 825 828 1214 902; x_wconf 80' lang='lat' dir='ltr'><strong>_expoliaverit</strong></span> <span class='ocrx_word' id='word_1_54' title='bbox 1240 899 1246 902; x_wconf 85' lang='lat'><strong>_</strong></span> <span class='ocrx_word' id='word_1_55' title='bbox 1269 836 1324 880; x_wconf 89' lang='lat' dir='ltr'><strong>et</strong></span> <span class='ocrx_word' id='word_1_56' title='bbox 1390 828 1718 881; x_wconf 89' lang='lat' dir='ltr'><strong>admonente</strong></span> 
     </span>
    </p>
   </div>
   <div class='ocr_carea' id='block_1_10' title="bbox 95 896 1428 971">
    <p class='ocr_par' dir='ltr' id='par_1_10' title="bbox 95 896 1428 971">
     <span class='ocr_line' id='line_1_10' title="bbox 95 896 1428 971; baseline -0.005 -15"><span class='ocrx_word' id='word_1_57' title='bbox 95 896 402 971; x_wconf 70' lang='lat' dir='ltr'><strong>episcopo</strong></span> <span class='ocrx_word' id='word_1_58' title='bbox 434 896 541 971; x_wconf 82' lang='lat' dir='ltr'><strong>non</strong></span> <span class='ocrx_word' id='word_1_59' title='bbox 575 896 882 971; x_wconf 84' lang='lat' dir='ltr'><strong>reddiderit,</strong></span> <span class='ocrx_word' id='word_1_60' title='bbox 912 899 1428 971; x_wconf 83' lang='lat' dir='ltr'><strong>exconnnunicetnr.</strong></span> 
     </span>
    </p>
   </div>
   <div class='ocr_carea' id='block_1_11' title="bbox 178 967 1718 1037">
    <p class='ocr_par' dir='ltr' id='par_1_11' title="bbox 178 967 1718 1037">
     <span class='ocr_line' id='line_1_11' title="bbox 178 967 1718 1037; baseline -0.003 -12"><span class='ocrx_word' id='word_1_61' title='bbox 178 971 286 1025; x_wconf 78' lang='lat'><strong>56.</strong></span> <span class='ocrx_word' id='word_1_62' title='bbox 349 970 503 1035; x_wconf 81' lang='lat' dir='ltr'><strong>Quod</strong></span> <span class='ocrx_word' id='word_1_63' title='bbox 543 968 873 1021; x_wconf 61' lang='lat' dir='ltr'><strong>efclesiarttm</strong></span> <span class='ocrx_word' id='word_1_64' title='bbox 922 968 1148 1019; x_wconf 87' lang='lat' dir='ltr'><strong>omnium</strong></span> <span class='ocrx_word' id='word_1_65' title='bbox 1178 969 1323 1021; x_wconf 83' lang='lat' dir='ltr'><strong>dotes</strong></span> <span class='ocrx_word' id='word_1_66' title='bbox 1372 968 1442 1019; x_wconf 81' lang='lat' dir='ltr'><strong>ad</strong></span> <span class='ocrx_word' id='word_1_67' title='bbox 1488 967 1718 1037; x_wconf 72' lang='lat' dir='ltr'><strong>episcopi</strong></span> 
     </span>
    </p>
   </div>
   <div class='ocr_carea' id='block_1_12' title="bbox 96 1038 1720 1104">
    <p class='ocr_par' dir='ltr' id='par_1_12' title="bbox 96 1038 1720 1104">
     <span class='ocr_line' id='line_1_12' title="bbox 96 1038 1720 1104; baseline -0.004 -8"><span class='ocrx_word' id='word_1_68' title='bbox 96 1042 522 1096; x_wconf 72' lang='lat' dir='ltr'><strong>ordinationem</strong></span> <span class='ocrx_word' id='word_1_69' title='bbox 553 1038 768 1091; x_wconf 64' lang='lat' dir='ltr'><strong>debent</strong></span> <span class='ocrx_word' id='word_1_70' title='bbox 800 1038 1078 1104; x_wconf 76' lang='lat' dir='ltr'><strong>pertinere.</strong></span> <span class='ocrx_word' id='word_1_71' title='bbox 1112 1038 1260 1090; x_wconf 83' lang='lat' dir='ltr'><strong>Mulli</strong></span> <span class='ocrx_word' id='word_1_72' title='bbox 1312 1047 1497 1090; x_wconf 85' lang='lat' dir='ltr'><strong>contra</strong></span> <span class='ocrx_word' id='word_1_73' title='bbox 1552 1053 1720 1091; x_wconf 83' lang='lat' dir='ltr'><strong>cano-</strong></span> 
     </span>
    </p>
   </div>
   <div class='ocr_carea' id='block_1_13' title="bbox 97 1106 1721 1177">
    <p class='ocr_par' dir='ltr' id='par_1_13' title="bbox 97 1106 1721 1177">
     <span class='ocr_line' id='line_1_13' title="bbox 97 1106 1721 1177; baseline -0.002 -11"><span class='ocrx_word' id='word_1_74' title='bbox 97 1129 249 1166; x_wconf 86' lang='lat' dir='ltr'><strong>num</strong></span> <span class='ocrx_word' id='word_1_75' title='bbox 274 1112 580 1166; x_wconf 85' lang='lat' dir='ltr'><strong>constituta</strong></span> <span class='ocrx_word' id='word_1_76' title='bbox 598 1108 674 1162; x_wconf 90' lang='lat' dir='ltr'><strong>sic</strong></span> <span class='ocrx_word' id='word_1_77' title='bbox 694 1108 968 1177; x_wconf 83' lang='lat' dir='ltr'><strong>ecclesias,</strong></span> <span class='ocrx_word' id='word_1_78' title='bbox 995 1121 1129 1176; x_wconf 85' lang='lat' dir='ltr'><strong>quas</strong></span> <span class='ocrx_word' id='word_1_79' title='bbox 1151 1106 1567 1166; x_wconf 72' lang='lat' dir='ltr'><strong>aedilicarerint.</strong></span> <span class='ocrx_word' id='word_1_80' title='bbox 1624 1122 1721 1177; x_wconf 78' lang='lat' dir='ltr'><strong>po-</strong></span> 
     </span>
    </p>
   </div>
   <div class='ocr_carea' id='block_1_14' title="bbox 95 1176 1719 1248">
    <p class='ocr_par' dir='ltr' id='par_1_14' title="bbox 95 1176 1719 1248">
     <span class='ocr_line' id='line_1_14' title="bbox 95 1176 1719 1248; baseline -0.002 -11"><span class='ocrx_word' id='word_1_81' title='bbox 95 1183 337 1238; x_wconf 73' lang='lat' dir='ltr'><strong>stulam</strong></span> <span class='ocrx_word' id='word_1_82' title='bbox 391 1179 717 1248; x_wconf 81' lang='lat' dir='ltr'><strong>consecrari,</strong></span> <span class='ocrx_word' id='word_1_83' title='bbox 746 1186 802 1230; x_wconf 92' lang='lat' dir='ltr'><strong>ut</strong></span> <span class='ocrx_word' id='word_1_84' title='bbox 843 1176 1046 1239; x_wconf 83' lang='lat' dir='ltr'><strong>dotem,</strong></span> <span class='ocrx_word' id='word_1_85' title='bbox 1089 1177 1408 1248; x_wconf 83' lang='lat' dir='ltr'><strong>quamcius</strong></span> <span class='ocrx_word' id='word_1_86' title='bbox 1457 1178 1719 1233; x_wconf 87' lang='lat' dir='ltr'><strong>ecclesiae</strong></span> 
     </span>
    </p>
   </div>
   <div class='ocr_carea' id='block_1_15' title="bbox 98 1246 1715 1317">
    <p class='ocr_par' dir='ltr' id='par_1_15' title="bbox 98 1246 1715 1317">
     <span class='ocr_line' id='line_1_15' title="bbox 98 1246 1715 1317; baseline -0.004 -10"><span class='ocrx_word' id='word_1_87' title='bbox 98 1251 486 1313; x_wconf 84' lang='lat' dir='ltr'><strong>contulerint,</strong></span> <span class='ocrx_word' id='word_1_88' title='bbox 516 1246 772 1317; x_wconf 71' lang='lat' dir='ltr'><strong>ceiiSeant</strong></span> <span class='ocrx_word' id='word_1_89' title='bbox 801 1249 865 1300; x_wconf 86' lang='lat' dir='ltr'><strong>ad</strong></span> <span class='ocrx_word' id='word_1_90' title='bbox 914 1247 1149 1317; x_wconf 89' lang='lat' dir='ltr'><strong>episcopi</strong></span> <span class='ocrx_word' id='word_1_91' title='bbox 1181 1246 1573 1317; x_wconf 88' lang='lat' dir='ltr'><strong>ordinationem</strong></span> <span class='ocrx_word' id='word_1_92' title='bbox 1607 1263 1715 1302; x_wconf 92' lang='lat' dir='ltr'><strong>non</strong></span> 
     </span>
    </p>
   </div>
   <div class='ocr_carea' id='block_1_16' title="bbox 99 1316 1718 1393">
    <p class='ocr_par' dir='ltr' id='par_1_16' title="bbox 99 1316 1718 1393">
     <span class='ocr_line' id='line_1_16' title="bbox 99 1316 1718 1393; baseline -0.001 -19"><span class='ocrx_word' id='word_1_93' title='bbox 99 1325 433 1393; x_wconf 55' lang='lat' dir='ltr'><strong>pertinyre.</strong></span> <span class='ocrx_word' id='word_1_94' title='bbox 479 1322 561 1385; x_wconf 70' lang='lat' dir='ltr'><strong>Qu</strong></span> <span class='ocrx_word' id='word_1_95' title='bbox 670 1318 890 1393; x_wconf 42' lang='lat' dir='ltr'><strong>“factum</strong></span> <span class='ocrx_word' id='word_1_96' title='bbox 928 1319 1062 1393; x_wconf 86' lang='lat' dir='ltr'><strong>et_in</strong></span> <span class='ocrx_word' id='word_1_97' title='bbox 1122 1317 1413 1393; x_wconf 79' lang='lat' dir='ltr'><strong>praeterito</strong></span> <span class='ocrx_word' id='word_1_98' title='bbox 1449 1316 1718 1393; x_wconf 80' lang='lat' dir='ltr'><strong>displicet</strong></span> 
     </span>
    </p>
   </div>
   <div class='ocr_carea' id='block_1_17' title="bbox 102 1387 1715 1455">
    <p class='ocr_par' dir='ltr' id='par_1_17' title="bbox 102 1387 1715 1455">
     <span class='ocr_line' id='line_1_17' title="bbox 102 1387 1715 1455; baseline -0.002 -9"><span class='ocrx_word' id='word_1_99' title='bbox 102 1387 164 1446; x_wconf 72' lang='lat' dir='ltr'><strong>iet</strong></span> <span class='ocrx_word' id='word_1_100' title='bbox 199 1393 259 1445; x_wconf 88' lang='lat' dir='ltr'><strong>in</strong></span> <span class='ocrx_word' id='word_1_101' title='bbox 297 1390 484 1445; x_wconf 70' lang='lat' dir='ltr'><strong>Futuro</strong></span> <span class='ocrx_word' id='word_1_102' title='bbox 530 1388 879 1455; x_wconf 80' lang='lat' dir='ltr'><strong>prohibetur;</strong></span> <span class='ocrx_word' id='word_1_103' title='bbox 910 1388 1003 1443; x_wconf 79' lang='lat' dir='ltr'><strong>sed</strong></span> <span class='ocrx_word' id='word_1_104' title='bbox 1052 1387 1231 1441; x_wconf 85' lang='lat' dir='ltr'><strong>omnia</strong></span> <span class='ocrx_word' id='word_1_105' title='bbox 1263 1387 1553 1441; x_wconf 75' lang='lat' dir='ltr'><strong>secundum</strong></span> <span class='ocrx_word' id='word_1_106' title='bbox 1582 1403 1715 1442; x_wconf 88' lang='lat' dir='ltr'><strong>con-</strong></span> 
     </span>
    </p>
   </div>
   <div class='ocr_carea' id='block_1_18' title="bbox 101 1456 1718 1527">
    <p class='ocr_par' dir='ltr' id='par_1_18' title="bbox 101 1456 1718 1527">
     <span class='ocr_line' id='line_1_18' title="bbox 101 1456 1718 1527; baseline -0.002 -11"><span class='ocrx_word' id='word_1_107' title='bbox 101 1462 472 1516; x_wconf 76' lang='lat' dir='ltr'><strong>stitutionem</strong></span> <span class='ocrx_word' id='word_1_108' title='bbox 526 1459 797 1525; x_wconf 67' lang='lat' dir='ltr'><strong>antiquam</strong></span> <span class='ocrx_word' id='word_1_109' title='bbox 826 1457 894 1511; x_wconf 87' lang='lat' dir='ltr'><strong>ad</strong></span> <span class='ocrx_word' id='word_1_110' title='bbox 928 1456 1167 1527; x_wconf 67' lang='lat' dir='ltr'><strong>episcopi</strong></span> <span class='ocrx_word' id='word_1_111' title='bbox 1211 1457 1608 1512; x_wconf 76' lang='lat' dir='ltr'><strong>ordinationem</strong></span> <span class='ocrx_word' id='word_1_112' title='bbox 1660 1468 1718 1513; x_wconf 90' lang='lat' dir='ltr'><strong>et</strong></span> 
     </span>
    </p>
   </div>
   <div class='ocr_carea' id='block_1_19' title="bbox 103 1529 819 1601">
    <p class='ocr_par' dir='ltr' id='par_1_19' title="bbox 103 1529 819 1601">
     <span class='ocr_line' id='line_1_19' title="bbox 103 1529 819 1601; baseline -0.001 -20"><span class='ocrx_word' id='word_1_113' title='bbox 103 1540 468 1601; x_wconf 82' lang='lat' dir='ltr'><strong>potestatem</strong></span> <span class='ocrx_word' id='word_1_114' title='bbox 496 1529 819 1601; x_wconf 72' lang='lat' dir='ltr'><strong>pertineant.</strong></span> 
     </span>
    </p>
   </div>
   <div class='ocr_carea' id='block_1_20' title="bbox 186 1596 1715 1668">
    <p class='ocr_par' dir='ltr' id='par_1_20' title="bbox 186 1596 1715 1668">
     <span class='ocr_line' id='line_1_20' title="bbox 186 1596 1715 1668; baseline -0.001 -14"><span class='ocrx_word' id='word_1_115' title='bbox 186 1601 287 1654; x_wconf 84' lang='grc'><strong>57.</strong></span> <span class='ocrx_word' id='word_1_116' title='bbox 331 1596 532 1662; x_wconf 78' lang='lat' dir='ltr'><strong>Deliis,</strong></span> <span class='ocrx_word' id='word_1_117' title='bbox 561 1614 690 1668; x_wconf 88' lang='lat' dir='ltr'><strong>quae</strong></span> <span class='ocrx_word' id='word_1_118' title='bbox 713 1615 750 1668; x_wconf 85' lang='lat' dir='ltr'><strong>_a</strong></span> <span class='ocrx_word' id='word_1_119' title='bbox 772 1596 1011 1666; x_wconf 77' lang='lat' dir='ltr'><strong>fidelibus</strong></span> <span class='ocrx_word' id='word_1_120' title='bbox 1033 1597 1087 1650; x_wconf 86' lang='lat' dir='ltr'><strong>in</strong></span> <span class='ocrx_word' id='word_1_121' title='bbox 1115 1597 1499 1666; x_wconf 82' lang='lat' dir='ltr'><strong>parrochitanis</strong></span> <span class='ocrx_word' id='word_1_122' title='bbox 1528 1597 1715 1652; x_wconf 81' lang='lat' dir='ltr'><strong>basili-</strong></span> 
     </span>
    </p>
   </div>
   <div class='ocr_carea' id='block_1_21' title="bbox 104 1666 1717 1736">
    <p class='ocr_par' dir='ltr' id='par_1_21' title="bbox 104 1666 1717 1736">
     <span class='ocr_line' id='line_1_21' title="bbox 104 1666 1717 1736; baseline -0.001 -12"><span class='ocrx_word' id='word_1_123' title='bbox 104 1672 191 1725; x_wconf 76' lang='lat' dir='ltr'><strong>cis</strong></span> <span class='ocrx_word' id='word_1_124' title='bbox 229 1671 553 1736; x_wconf 75' lang='lat' dir='ltr'><strong>olferuntur.</strong></span> <span class='ocrx_word' id='word_1_125' title='bbox 574 1666 583 1668; x_wconf 13' lang='grc' dir='ltr'>ἡ</span> <span class='ocrx_word' id='word_1_126' title='bbox 608 1668 682 1721; x_wconf 90' lang='lat' dir='ltr'><strong>De</strong></span> <span class='ocrx_word' id='word_1_127' title='bbox 710 1666 816 1732; x_wconf 85' lang='lat' dir='ltr'><strong>his,</strong></span> <span class='ocrx_word' id='word_1_128' title='bbox 845 1683 985 1735; x_wconf 89' lang='lat' dir='ltr'><strong>quae</strong></span> <span class='ocrx_word' id='word_1_129' title='bbox 1016 1668 1313 1734; x_wconf 73' lang='lat' dir='ltr'><strong>parrocliiis</strong></span> <span class='ocrx_word' id='word_1_130' title='bbox 1339 1668 1390 1721; x_wconf 91' lang='lat' dir='ltr'><strong>in</strong></span> <span class='ocrx_word' id='word_1_131' title='bbox 1425 1672 1600 1728; x_wconf 88' lang='lat' dir='ltr'><strong>terris.</strong></span> <span class='ocrx_word' id='word_1_132' title='bbox 1639 1671 1717 1723; x_wconf 82' lang='lat' dir='ltr'><strong>vi-</strong></span> 
     </span>
    </p>
   </div>
   <div class='ocr_carea' id='block_1_22' title="bbox 107 1737 1715 1809">
    <p class='ocr_par' dir='ltr' id='par_1_22' title="bbox 107 1737 1715 1809">
     <span class='ocr_line' id='line_1_22' title="bbox 107 1737 1715 1809; baseline 0 -15"><span class='ocrx_word' id='word_1_133' title='bbox 107 1744 259 1801; x_wconf 82' lang='lat' dir='ltr'><strong>neis.</strong></span> <span class='ocrx_word' id='word_1_134' title='bbox 292 1739 585 1809; x_wconf 87' lang='lat' dir='ltr'><strong>mancipiis</strong></span> <span class='ocrx_word' id='word_1_135' title='bbox 609 1746 769 1806; x_wconf 88' lang='lat' dir='ltr'><strong>atque</strong></span> <span class='ocrx_word' id='word_1_136' title='bbox 813 1737 1038 1807; x_wconf 87' lang='lat' dir='ltr'><strong>peculiis</strong></span> <span class='ocrx_word' id='word_1_137' title='bbox 1078 1738 1404 1809; x_wconf 80' lang='lat' dir='ltr'><strong>quicumque</strong></span> <span class='ocrx_word' id='word_1_138' title='bbox 1456 1739 1471 1768; x_wconf 76' lang='grc'>⁸</span> <span class='ocrx_word' id='word_1_139' title='bbox 1530 1739 1715 1794; x_wconf 85' lang='lat' dir='ltr'><strong>lideles</strong></span> 
     </span>
    </p>
   </div>
   <div class='ocr_carea' id='block_1_23' title="bbox 106 1807 1714 1873">
    <p class='ocr_par' dir='ltr' id='par_1_23' title="bbox 106 1807 1714 1873">
     <span class='ocr_line' id='line_1_23' title="bbox 106 1807 1714 1873; baseline -0.002 -10"><span class='ocrx_word' id='word_1_140' title='bbox 106 1812 449 1871; x_wconf 85' lang='lat' dir='ltr'><strong>obtulerint,</strong></span> <span class='ocrx_word' id='word_1_141' title='bbox 482 1807 818 1868; x_wconf 80' lang='lat' dir='ltr'><strong>antiquorum</strong></span> <span class='ocrx_word' id='word_1_142' title='bbox 844 1823 1109 1862; x_wconf 87' lang='lat' dir='ltr'><strong>canonum</strong></span> <span class='ocrx_word' id='word_1_143' title='bbox 1145 1807 1383 1861; x_wconf 83' lang='lat' dir='ltr'><strong>instituta</strong></span> <span class='ocrx_word' id='word_1_144' title='bbox 1413 1820 1714 1873; x_wconf 84' lang='lat' dir='ltr'><strong>serventur,</strong></span> 
     </span>
    </p>
   </div>
   <div class='ocr_carea' id='block_1_24' title="bbox 106 1878 1714 1948">
    <p class='ocr_par' dir='ltr' id='par_1_24' title="bbox 106 1878 1714 1948">
     <span class='ocr_line' id='line_1_24' title="bbox 106 1878 1714 1948; baseline -0.002 -11"><span class='ocrx_word' id='word_1_145' title='bbox 106 1891 172 1937; x_wconf 87' lang='lat' dir='ltr'><strong>et</strong></span> <span class='ocrx_word' id='word_1_146' title='bbox 220 1881 415 1937; x_wconf 82' lang='lat' dir='ltr'><strong>omnia</strong></span> <span class='ocrx_word' id='word_1_147' title='bbox 449 1881 500 1933; x_wconf 84' lang='lat' dir='ltr'><strong>in</strong></span> <span class='ocrx_word' id='word_1_148' title='bbox 543 1878 780 1946; x_wconf 76' lang='lat' dir='ltr'><strong>episcopi</strong></span> <span class='ocrx_word' id='word_1_149' title='bbox 811 1886 1078 1948; x_wconf 78' lang='lat' dir='ltr'><strong>poteSIate</strong></span> <span class='ocrx_word' id='word_1_150' title='bbox 1124 1878 1441 1933; x_wconf 85' lang='lat' dir='ltr'><strong>consistant.</strong></span> <span class='ocrx_word' id='word_1_151' title='bbox 1502 1879 1576 1933; x_wconf 85' lang='lat' dir='ltr'><strong>De</strong></span> <span class='ocrx_word' id='word_1_152' title='bbox 1632 1880 1714 1934; x_wconf 88' lang='lat' dir='ltr'><strong>his</strong></span> 
     </span>
    </p>
   </div>
   <div class='ocr_carea' id='block_1_25' title="bbox 108 1948 1714 2019">
    <p class='ocr_par' dir='ltr' id='par_1_25' title="bbox 108 1948 1714 2019">
     <span class='ocr_line' id='line_1_25' title="bbox 108 1948 1714 2019; baseline 0.001 -16"><span class='ocrx_word' id='word_1_153' title='bbox 108 1960 339 2015; x_wconf 75' lang='lat' dir='ltr'><strong>tamen,</strong></span> <span class='ocrx_word' id='word_1_154' title='bbox 387 1965 528 2019; x_wconf 89' lang='lat' dir='ltr'><strong>quae</strong></span> <span class='ocrx_word' id='word_1_155' title='bbox 581 1951 630 2002; x_wconf 87' lang='lat' dir='ltr'><strong>in</strong></span> <span class='ocrx_word' id='word_1_156' title='bbox 663 1948 856 2019; x_wconf 76' lang='lat' dir='ltr'><strong>altario</strong></span> <span class='ocrx_word' id='word_1_157' title='bbox 902 1948 1247 2011; x_wconf 81' lang='lat' dir='ltr'><strong>accesserint,</strong></span> <span class='ocrx_word' id='word_1_158' title='bbox 1306 1957 1467 2003; x_wconf 72' lang='lat' dir='ltr'><strong>tertia</strong></span> <span class='ocrx_word' id='word_1_159' title='bbox 1523 1965 1646 2018; x_wconf 88' lang='lat' dir='ltr'><strong>pars</strong></span> <span class='ocrx_word' id='word_1_160' title='bbox 1694 1952 1714 1982; x_wconf 75' lang='grc'><strong>⁸</strong></span> 
     </span>
    </p>
   </div>
   <div class='ocr_carea' id='block_1_26' title="bbox 108 2017 975 2089">
    <p class='ocr_par' dir='ltr' id='par_1_26' title="bbox 108 2017 975 2089">
     <span class='ocr_line' id='line_1_26' title="bbox 108 2017 975 2089; baseline -0.007 -13"><span class='ocrx_word' id='word_1_161' title='bbox 108 2023 365 2076; x_wconf 80' lang='lat' dir='ltr'><strong>ﬁdeliter</strong></span> <span class='ocrx_word' id='word_1_162' title='bbox 396 2017 664 2089; x_wconf 71' lang='lat' dir='ltr'><strong>cpiscopis</strong></span> <span class='ocrx_word' id='word_1_163' title='bbox 685 2017 975 2089; x_wconf 77' lang='lat' dir='ltr'><strong>deferatur.</strong></span> 
     </span>
    </p>
   </div>
   <div class='ocr_carea' id='block_1_27' title="bbox 188 2087 1716 2161">
    <p class='ocr_par' dir='ltr' id='par_1_27' title="bbox 188 2087 1716 2161">
     <span class='ocr_line' id='line_1_27' title="bbox 188 2087 1716 2161; baseline 0.001 -17"><span class='ocrx_word' id='word_1_164' title='bbox 188 2092 288 2149; x_wconf 82' lang='lat'><strong>58.</strong></span> <span class='ocrx_word' id='word_1_165' title='bbox 326 2090 408 2144; x_wconf 87' lang='lat' dir='ltr'><strong>De</strong></span> <span class='ocrx_word' id='word_1_166' title='bbox 434 2087 674 2161; x_wconf 75' lang='lat' dir='ltr'><strong>quatuor</strong></span> <span class='ocrx_word' id='word_1_167' title='bbox 698 2087 1019 2161; x_wconf 79' lang='lat' dir='ltr'><strong>portionibus</strong></span> <span class='ocrx_word' id='word_1_168' title='bbox 1042 2088 1454 2142; x_wconf 65' lang='lat' dir='ltr'><strong>aecclcsiasticis.</strong></span> <span class='ocrx_word' id='word_1_169' title='bbox 1482 2089 1633 2155; x_wconf 65' lang='lat' dir='ltr'><strong>Quod</strong></span> <span class='ocrx_word' id='word_1_170' title='bbox 1664 2092 1716 2147; x_wconf 89' lang='lat' dir='ltr'><strong>in</strong></span> 
     </span>
    </p>
   </div>
   <div class='ocr_carea' id='block_1_28' title="bbox 111 2159 1719 2229">
    <p class='ocr_par' dir='ltr' id='par_1_28' title="bbox 111 2159 1719 2229">
     <span class='ocr_line' id='line_1_28' title="bbox 111 2159 1719 2229; baseline 0.001 -14"><span class='ocrx_word' id='word_1_171' title='bbox 111 2159 735 2229; x_wconf 53' lang='lat' dir='ltr'><strong>unaquaqne&#39;ecclrsia,</strong></span> <span class='ocrx_word' id='word_1_172' title='bbox 768 2159 854 2213; x_wconf 91' lang='lat' dir='ltr'><strong>cui</strong></span> <span class='ocrx_word' id='word_1_173' title='bbox 884 2160 1168 2229; x_wconf 81' lang='lat' dir='ltr'><strong>episeOpus</strong></span> <span class='ocrx_word' id='word_1_174' title='bbox 1210 2169 1440 2226; x_wconf 79' lang='lat' dir='ltr'><strong>praeest,</strong></span> <span class='ocrx_word' id='word_1_175' title='bbox 1487 2172 1719 2227; x_wconf 76' lang='lat' dir='ltr'><strong>quatuor</strong></span> 
     </span>
    </p>
   </div>
   <div class='ocr_carea' id='block_1_29' title="bbox 112 2228 1718 2297">
    <p class='ocr_par' dir='ltr' id='par_1_29' title="bbox 112 2228 1718 2297">
     <span class='ocr_line' id='line_1_29' title="bbox 112 2228 1718 2297; baseline 0.001 -13"><span class='ocrx_word' id='word_1_176' title='bbox 112 2240 235 2284; x_wconf 87' lang='lat' dir='ltr'><strong>tam</strong></span> <span class='ocrx_word' id='word_1_177' title='bbox 290 2228 381 2286; x_wconf 13' lang='lat' dir='ltr'><strong>de,</strong></span> <span class='ocrx_word' id='word_1_178' title='bbox 427 2229 686 2285; x_wconf 84' lang='lat' dir='ltr'><strong>reditibus</strong></span> <span class='ocrx_word' id='word_1_179' title='bbox 731 2243 891 2297; x_wconf 82' lang='lat' dir='ltr'><strong>quam</strong></span> <span class='ocrx_word' id='word_1_180' title='bbox 942 2228 1011 2283; x_wconf 89' lang='lat' dir='ltr'><strong>de</strong></span> <span class='ocrx_word' id='word_1_181' title='bbox 1079 2230 1351 2283; x_wconf 84' lang='lat' dir='ltr'><strong>oblatione</strong></span> <span class='ocrx_word' id='word_1_182' title='bbox 1411 2229 1432 2260; x_wconf 87' lang='grc'>³</span> <span class='ocrx_word' id='word_1_183' title='bbox 1482 2232 1718 2286; x_wconf 91' lang='lat' dir='ltr'><strong>ﬁdelimn</strong></span> 
     </span>
    </p>
   </div>
   <div class='ocr_carea' id='block_1_30' title="bbox 116 2299 1719 2370">
    <p class='ocr_par' dir='ltr' id='par_1_30' title="bbox 116 2299 1719 2370">
     <span class='ocr_line' id='line_1_30' title="bbox 116 2299 1719 2370; baseline 0.001 -14"><span class='ocrx_word' id='word_1_184' title='bbox 116 2303 244 2356; x_wconf 84' lang='lat' dir='ltr'><strong>ﬁeri</strong></span> <span class='ocrx_word' id='word_1_185' title='bbox 296 2302 537 2356; x_wconf 85' lang='lat' dir='ltr'><strong>debeant</strong></span> <span class='ocrx_word' id='word_1_186' title='bbox 577 2299 890 2368; x_wconf 89' lang='lat' dir='ltr'><strong>portiones:</strong></span> <span class='ocrx_word' id='word_1_187' title='bbox 945 2308 1004 2351; x_wconf 92' lang='lat' dir='ltr'><strong>ut</strong></span> <span class='ocrx_word' id='word_1_188' title='bbox 1032 2315 1134 2352; x_wconf 90' lang='lat' dir='ltr'><strong>una</strong></span> <span class='ocrx_word' id='word_1_189' title='bbox 1194 2300 1264 2352; x_wconf 87' lang='lat' dir='ltr'><strong>sit</strong></span> <span class='ocrx_word' id='word_1_190' title='bbox 1312 2300 1575 2370; x_wconf 88' lang='lat' dir='ltr'><strong>episcopi,</strong></span> <span class='ocrx_word' id='word_1_191' title='bbox 1614 2303 1719 2357; x_wconf 87' lang='lat' dir='ltr'><strong>alia</strong></span> 
     </span>
    </p>
   </div>
   <div class='ocr_carea' id='block_1_31' title="bbox 119 2370 1721 2439">
    <p class='ocr_par' dir='ltr' id='par_1_31' title="bbox 119 2370 1721 2439">
     <span class='ocr_line' id='line_1_31' title="bbox 119 2370 1721 2439; baseline 0.001 -13"><span class='ocrx_word' id='word_1_192' title='bbox 119 2371 480 2433; x_wconf 83' lang='lat' dir='ltr'><strong>clericorum,</strong></span> <span class='ocrx_word' id='word_1_193' title='bbox 518 2370 674 2423; x_wconf 87' lang='lat' dir='ltr'><strong>tertia</strong></span> <span class='ocrx_word' id='word_1_194' title='bbox 708 2377 1109 2439; x_wconf 86' lang='lat' dir='ltr'><strong>paupertnn,-et</strong></span> <span class='ocrx_word' id='word_1_195' title='bbox 1135 2378 1324 2439; x_wconf 86' lang='lat' dir='ltr'><strong>quarta</strong></span> <span class='ocrx_word' id='word_1_196' title='bbox 1355 2370 1571 2426; x_wconf 78' lang='lat' dir='ltr'><strong>fabricis</strong></span> <span class='ocrx_word' id='word_1_197' title='bbox 1599 2388 1721 2427; x_wconf 87' lang='lat' dir='ltr'><strong>aec-</strong></span> 
     </span>
    </p>
   </div>
   <div class='ocr_carea' id='block_1_32' title="bbox 114 2439 791 2507">
    <p class='ocr_par' dir='ltr' id='par_1_32' title="bbox 114 2439 791 2507">
     <span class='ocr_line' id='line_1_32' title="bbox 114 2439 791 2507; baseline -0.009 -10"><span class='ocrx_word' id='word_1_198' title='bbox 114 2442 446 2497; x_wconf 56' lang='lat' dir='ltr'><strong>(‘l‘siastii&#39;is</strong></span> <span class='ocrx_word' id='word_1_199' title='bbox 475 2439 791 2507; x_wconf 49' lang='lat' dir='ltr'><strong>adplicatur.</strong></span> 
     </span>
    </p>
   </div>
   <div class='ocr_carea' id='block_1_33' title="bbox 189 2510 1717 2579">
    <p class='ocr_par' dir='ltr' id='par_1_33' title="bbox 189 2510 1717 2579">
     <span class='ocr_line' id='line_1_33' title="bbox 189 2510 1717 2579; baseline 0.001 -14"><span class='ocrx_word' id='word_1_200' title='bbox 189 2511 284 2566; x_wconf 83' lang='lat'><strong>59.</strong></span> <span class='ocrx_word' id='word_1_201' title='bbox 332 2511 410 2564; x_wconf 88' lang='lat' dir='ltr'><strong>De</strong></span> <span class='ocrx_word' id='word_1_202' title='bbox 434 2526 513 2574; x_wconf 83' lang='lat' dir='ltr'><strong>eo,</strong></span> <span class='ocrx_word' id='word_1_203' title='bbox 557 2511 642 2579; x_wconf 85' lang='lat' dir='ltr'><strong>qui</strong></span> <span class='ocrx_word' id='word_1_204' title='bbox 672 2510 1020 2579; x_wconf 75' lang='lat' dir='ltr'><strong>anathematis</strong></span> <span class='ocrx_word' id='word_1_205' title='bbox 1057 2526 1275 2579; x_wconf 83' lang='lat' dir='ltr'><strong>poenam</strong></span> <span class='ocrx_word' id='word_1_206' title='bbox 1316 2512 1456 2579; x_wconf 80' lang='lat' dir='ltr'><strong>parvi</strong></span> <span class='ocrx_word' id='word_1_207' title='bbox 1493 2512 1717 2568; x_wconf 74' lang='lat' dir='ltr'><strong>duxerit.</strong></span> 
     </span>
    </p>
   </div>
   <div class='ocr_carea' id='block_1_34' title="bbox 118 2578 1723 2703">
    <p class='ocr_par' dir='ltr' id='par_1_34' title="bbox 118 2578 1723 2703">
     <span class='ocr_line' id='line_1_34' title="bbox 118 2578 1723 2703; baseline 0.002 -69"><span class='ocrx_word' id='word_1_208' title='bbox 118 2581 204 2634; x_wconf 66' lang='lat' dir='ltr'><strong>Et</strong></span> <span class='ocrx_word' id='word_1_209' title='bbox 226 2582 452 2652; x_wconf 88' lang='lat' dir='ltr'><strong>epistola</strong></span> <span class='ocrx_word' id='word_1_210' title='bbox 476 2597 641 2703; x_wconf 60' lang='lat' dir='ltr'><strong>papae</strong></span> <span class='ocrx_word' id='word_1_211' title='bbox 673 2578 887 2633; x_wconf 75' lang='lat' dir='ltr'><strong>Gelasii.</strong></span> <span class='ocrx_word' id='word_1_212' title='bbox 911 2582 974 2634; x_wconf 88' lang='lat' dir='ltr'><strong>Ut</strong></span> <span class='ocrx_word' id='word_1_213' title='bbox 1002 2578 1566 2650; x_wconf 75' lang='lat' dir='ltr'><strong>siquisanathematis</strong></span> <span class='ocrx_word' id='word_1_214' title='bbox 1595 2599 1723 2650; x_wconf 81' lang='lat' dir='ltr'><strong>poe-</strong></span> 
     </span>
     <span class='ocr_line' id='line_1_35' title="bbox 119 2651 1723 2703; baseline 0 0"><span class='ocrx_word' id='word_1_215' title='bbox 119 2668 250 2703; x_wconf 86' lang='lat' dir='ltr'><strong>nam</strong></span> <span class='ocrx_word' id='word_1_216' title='bbox 276 2652 429 2703; x_wconf 83' lang='lat' dir='ltr'><strong>oarvi</strong></span> <span class='ocrx_word' id='word_1_217' title='bbox 460 2651 694 2703; x_wconf 65' lang='lat' dir='ltr'><strong>inserit.</strong></span> <span class='ocrx_word' id='word_1_218' title='bbox 727 2651 890 2703; x_wconf 82' lang='lat' dir='ltr'><strong>etiam</strong></span> <span class='ocrx_word' id='word_1_219' title='bbox 920 2652 1268 2703; x_wconf 77' lang='lat' dir='ltr'><strong>documento.</strong></span> <span class='ocrx_word' id='word_1_220' title='bbox 1325 2666 1434 2703; x_wconf 83' lang='lat' dir='ltr'><strong>uno</strong></span> <span class='ocrx_word' id='word_1_221' title='bbox 1481 2668 1539 2703; x_wconf 77' lang='lat' dir='ltr'><strong>se</strong></span> <span class='ocrx_word' id='word_1_222' title='bbox 1571 2662 1723 2703; x_wconf 88' lang='lat' dir='ltr'><strong>nutat</strong></span> 
     </span>
    </p>
   </div>
   <div class='ocr_carea' id='block_1_35' title="bbox 119 2651 1723 2722">
    <p class='ocr_par' dir='ltr' id='par_1_35' title="bbox 119 2651 1723 2722">
     <span class='ocr_line' id='line_1_36' title="bbox 119 2651 1723 2722; baseline 0.001 -16"><span class='ocrx_word' id='word_1_223' title='bbox 119 2651 429 2722; x_wconf 33' lang='lat' dir='ltr'><strong>nam&#39;parvi</strong></span> <span class='ocrx_word' id='word_1_224' title='bbox 460 2651 694 2722; x_wconf 65' lang='lat' dir='ltr'><strong>duxerit.</strong></span> <span class='ocrx_word' id='word_1_225' title='bbox 727 2651 890 2703; x_wconf 82' lang='lat' dir='ltr'><strong>etiam</strong></span> <span class='ocrx_word' id='word_1_226' title='bbox 920 2652 1268 2712; x_wconf 76' lang='lat' dir='ltr'><strong>documento,</strong></span> <span class='ocrx_word' id='word_1_227' title='bbox 1325 2666 1434 2719; x_wconf 88' lang='lat' dir='ltr'><strong>quo</strong></span> <span class='ocrx_word' id='word_1_228' title='bbox 1481 2668 1539 2706; x_wconf 76' lang='lat' dir='ltr'><strong>se</strong></span> <span class='ocrx_word' id='word_1_229' title='bbox 1571 2662 1723 2721; x_wconf 89' lang='lat' dir='ltr'><strong>putat</strong></span> 
     </span>
    </p>
   </div>
   <div class='ocr_carea' id='block_1_36' title="bbox 117 2721 1723 2789">
    <p class='ocr_par' dir='ltr' id='par_1_36' title="bbox 117 2721 1723 2789">
     <span class='ocr_line' id='line_1_37' title="bbox 117 2721 1723 2789; baseline 0.001 -12"><span class='ocrx_word' id='word_1_230' title='bbox 117 2721 409 2789; x_wconf 78' lang='lat' dir='ltr'><strong>praedium</strong></span> <span class='ocrx_word' id='word_1_231' title='bbox 464 2721 766 2789; x_wconf 74' lang='lat' dir='ltr'><strong>possidere,</strong></span> <span class='ocrx_word' id='word_1_232' title='bbox 826 2726 1131 2777; x_wconf 75' lang='lat' dir='ltr'><strong>lrustrelur.</strong></span> <span class='ocrx_word' id='word_1_233' title='bbox 1180 2722 1453 2789; x_wconf 77' lang='lat' dir='ltr'><strong>liceatque</strong></span> <span class='ocrx_word' id='word_1_234' title='bbox 1500 2725 1723 2778; x_wconf 59' lang='lat' dir='ltr'><strong>cusliliet</strong></span> 
     </span>
    </p>
   </div>
   <div class='ocr_carea' id='block_1_37' title="bbox 116 2792 1725 2858">
    <p class='ocr_par' dir='ltr' id='par_1_37' title="bbox 116 2792 1725 2858">
     <span class='ocr_line' id='line_1_38' title="bbox 116 2792 1725 2858; baseline 0.002 -12"><span class='ocrx_word' id='word_1_235' title='bbox 116 2793 529 2847; x_wconf 54' lang='lat' dir='ltr'><strong>ecclesiasticae</strong></span> <span class='ocrx_word' id='word_1_236' title='bbox 557 2805 821 2858; x_wconf 88' lang='lat' dir='ltr'><strong>personae</strong></span> <span class='ocrx_word' id='word_1_237' title='bbox 835 2804 1025 2845; x_wconf 79' lang='lat' dir='ltr'><strong>vocem</strong></span> <span class='ocrx_word' id='word_1_238' title='bbox 1044 2792 1487 2846; x_wconf 83' lang='lat' dir='ltr'><strong>contradictionis</strong></span> <span class='ocrx_word' id='word_1_239' title='bbox 1512 2794 1725 2850; x_wconf 80' lang='lat' dir='ltr'><strong>adferre</strong></span> 
     </span>
    </p>
   </div>
   <div class='ocr_carea' id='block_1_38' title="bbox 120 2859 1723 2931">
    <p class='ocr_par' dir='ltr' id='par_1_38' title="bbox 120 2859 1723 2931">
     <span class='ocr_line' id='line_1_39' title="bbox 120 2859 1723 2931; baseline 0.002 -16"><span class='ocrx_word' id='word_1_240' title='bbox 120 2873 331 2916; x_wconf 85' lang='lat' dir='ltr'><strong>etcum</strong></span> <span class='ocrx_word' id='word_1_241' title='bbox 380 2861 638 2916; x_wconf 74' lang='lat' dir='ltr'><strong>fructibus</strong></span> <span class='ocrx_word' id='word_1_242' title='bbox 678 2860 954 2931; x_wconf 84' lang='lat' dir='ltr'><strong>praeteriti</strong></span> <span class='ocrx_word' id='word_1_243' title='bbox 985 2863 1252 2930; x_wconf 83' lang='lat' dir='ltr'><strong>temporis</strong></span> <span class='ocrx_word' id='word_1_244' title='bbox 1277 2863 1469 2915; x_wconf 88' lang='lat' dir='ltr'><strong>eadem</strong></span> <span class='ocrx_word' id='word_1_245' title='bbox 1503 2859 1723 2931; x_wconf 67' lang='lat' dir='ltr'><strong>Iraedia</strong></span> 
     </span>
    </p>
   </div>
   <div class='ocr_carea' id='block_1_39' title="bbox 119 2932 695 2999">
    <p class='ocr_par' dir='ltr' id='par_1_39' title="bbox 119 2932 695 2999">
     <span class='ocr_line' id='line_1_40' title="bbox 119 2932 695 2999; baseline -0.003 -14"><span class='ocrx_word' id='word_1_246' title='bbox 119 2932 364 2985; x_wconf 78' lang='lat' dir='ltr'><strong>alienata</strong></span> <span class='ocrx_word' id='word_1_247' title='bbox 396 2945 695 2999; x_wconf 38' lang='lat' dir='ltr'><strong>reposcere.</strong></span> 
     </span>
    </p>
   </div>
   <div class='ocr_carea' id='block_1_40' title="bbox 197 3001 1722 3073">
    <p class='ocr_par' dir='ltr' id='par_1_40' title="bbox 197 3001 1722 3073">
     <span class='ocr_line' id='line_1_41' title="bbox 197 3001 1722 3073; baseline 0.004 -20"><span class='ocrx_word' id='word_1_248' title='bbox 328 3001 408 3073; x_wconf 87' lang='lat' dir='ltr'><strong>De</strong></span> <span class='ocrx_word' id='word_1_249' title='bbox 423 3001 505 3054; x_wconf 84' lang='lat' dir='ltr'><strong>his</strong></span> <span class='ocrx_word' id='word_1_250' title='bbox 516 3002 599 3073; x_wconf 87' lang='lat' dir='ltr'><strong>qui</strong></span> <span class='ocrx_word' id='word_1_251' title='bbox 620 3009 989 3069; x_wconf 79' lang='lat' dir='ltr'><strong>contemptores</strong></span> <span class='ocrx_word' id='word_1_252' title='bbox 1005 3016 1259 3056; x_wconf 87' lang='lat' dir='ltr'><strong>canonum</strong></span> <span class='ocrx_word' id='word_1_253' title='bbox 1276 3003 1539 3056; x_wconf 71' lang='lat' dir='ltr'><strong>eatiterint</strong></span> <span class='ocrx_word' id='word_1_254' title='bbox 1552 3002 1722 3059; x_wconf 87' lang='lat' dir='ltr'><strong>laicis.</strong></span> 
     </span>
    </p>
   </div>
   <div class='ocr_carea' id='block_1_41' title="bbox 130 3070 1725 3141">
    <p class='ocr_par' dir='ltr' id='par_1_41' title="bbox 130 3070 1725 3141">
     <span class='ocr_line' id='line_1_42' title="bbox 130 3070 1725 3141; baseline 0.003 -15"><span class='ocrx_word' id='word_1_255' title='bbox 130 3070 206 3126; x_wconf 81' lang='lat' dir='ltr'><strong>Ut</strong></span> <span class='ocrx_word' id='word_1_256' title='bbox 236 3070 365 3126; x_wconf 86' lang='lat' dir='ltr'><strong>laici</strong></span> <span class='ocrx_word' id='word_1_257' title='bbox 409 3070 804 3141; x_wconf 85' lang='lat' dir='ltr'><strong>contemptores</strong></span> <span class='ocrx_word' id='word_1_258' title='bbox 850 3086 1118 3127; x_wconf 86' lang='lat' dir='ltr'><strong>canonum</strong></span> <span class='ocrx_word' id='word_1_259' title='bbox 1165 3075 1725 3141; x_wconf 82' lang='lat' dir='ltr'><strong>exconnuunicentur,</strong></span> 
     </span>
    </p>
   </div>
   <div class='ocr_carea' id='block_1_42' title="bbox 133 3141 874 3196">
    <p class='ocr_par' dir='ltr' id='par_1_42' title="bbox 133 3141 874 3196">
     <span class='ocr_line' id='line_1_43' title="bbox 133 3141 874 3196; baseline -0.001 0"><span class='ocrx_word' id='word_1_260' title='bbox 133 3141 322 3196; x_wconf 82' lang='lat' dir='ltr'><strong>clerici</strong></span> <span class='ocrx_word' id='word_1_261' title='bbox 354 3142 557 3196; x_wconf 81' lang='lat' dir='ltr'><strong>honore</strong></span> <span class='ocrx_word' id='word_1_262' title='bbox 578 3144 874 3196; x_wconf 76' lang='lat' dir='ltr'><strong>orirentur.</strong></span> 
     </span>
    </p>
   </div>
   <div class='ocr_carea' id='block_1_43' title="bbox 204 3196 1801 3282">
    <p class='ocr_par' dir='ltr' id='par_1_43' title="bbox 204 3196 1801 3282">
     <span class='ocr_line' id='line_1_44' title="bbox 204 3196 1801 3282; baseline 0.004 -18"><span class='ocrx_word' id='word_1_263' title='bbox 204 3210 296 3264; x_wconf 80' lang='grc'><strong>61.</strong></span> <span class='ocrx_word' id='word_1_264' title='bbox 331 3211 402 3265; x_wconf 90' lang='lat' dir='ltr'><strong>Ut</strong></span> <span class='ocrx_word' id='word_1_265' title='bbox 441 3196 654 3282; x_wconf 80' lang='lat' dir='ltr'><strong>populus</strong></span> <span class='ocrx_word' id='word_1_266' title='bbox 692 3225 814 3266; x_wconf 84' lang='lat' dir='ltr'><strong>ante</strong></span> <span class='ocrx_word' id='word_1_267' title='bbox 842 3212 1146 3282; x_wconf 82' lang='lat' dir='ltr'><strong>completam</strong></span> <span class='ocrx_word' id='word_1_268' title='bbox 1180 3213 1391 3267; x_wconf 85' lang='lat' dir='ltr'><strong>missam</strong></span> <span class='ocrx_word' id='word_1_269' title='bbox 1437 3224 1485 3268; x_wconf 83' lang='lat' dir='ltr'><strong>et</strong></span> <span class='ocrx_word' id='word_1_270' title='bbox 1515 3215 1721 3270; x_wconf 86' lang='lat' dir='ltr'><strong>benedi-</strong></span> <span class='ocrx_word' id='word_1_271' title='bbox 1751 3196 1801 3262; x_wconf 67' lang='grc' dir='ltr'><strong>(ἶ</strong></span> 
     </span>
    </p>
   </div>
   <div class='ocr_carea' id='block_1_44' title="bbox 130 3282 1722 3353">
    <p class='ocr_par' dir='ltr' id='par_1_44' title="bbox 130 3282 1722 3353">
     <span class='ocr_line' id='line_1_45' title="bbox 130 3282 1722 3353; baseline 0.001 -17"><span class='ocrx_word' id='word_1_272' title='bbox 130 3282 354 3336; x_wconf 83' lang='lat' dir='ltr'><strong>ctionem</strong></span> <span class='ocrx_word' id='word_1_273' title='bbox 376 3292 638 3346; x_wconf 54' lang='lat' dir='ltr'><strong>accedam</strong></span> <span class='ocrx_word' id='word_1_274' title='bbox 665 3283 838 3353; x_wconf 85' lang='lat' dir='ltr'><strong>egredi</strong></span> <span class='ocrx_word' id='word_1_275' title='bbox 868 3299 971 3336; x_wconf 87' lang='lat' dir='ltr'><strong>non</strong></span> <span class='ocrx_word' id='word_1_276' title='bbox 1006 3294 1319 3352; x_wconf 78' lang='lat' dir='ltr'><strong>praesumat.</strong></span> <span class='ocrx_word' id='word_1_277' title='bbox 1363 3284 1498 3338; x_wconf 79' lang='lat' dir='ltr'><strong>Cum</strong></span> <span class='ocrx_word' id='word_1_278' title='bbox 1534 3286 1598 3338; x_wconf 88' lang='lat' dir='ltr'><strong>ad</strong></span> <span class='ocrx_word' id='word_1_279' title='bbox 1630 3302 1722 3338; x_wconf 78' lang='lat' dir='ltr'><strong>ce-</strong></span> 
     </span>
    </p>
   </div>
   <div class='ocr_carea' id='block_1_45' title="bbox 129 3353 1725 3427">
    <p class='ocr_par' dir='ltr' id='par_1_45' title="bbox 129 3353 1725 3427">
     <span class='ocr_line' id='line_1_46' title="bbox 129 3353 1725 3427; baseline 0.003 -20"><span class='ocrx_word' id='word_1_280' title='bbox 129 3353 414 3407; x_wconf 87' lang='lat' dir='ltr'><strong>l-braodas</strong></span> <span class='ocrx_word' id='word_1_281' title='bbox 437 3354 626 3427; x_wconf 76' lang='lat' dir='ltr'><strong>missas</strong></span> <span class='ocrx_word' id='word_1_282' title='bbox 658 3357 709 3406; x_wconf 92' lang='lat' dir='ltr'><strong>in</strong></span> <span class='ocrx_word' id='word_1_283' title='bbox 744 3354 837 3407; x_wconf 88' lang='lat' dir='ltr'><strong>Dei</strong></span> <span class='ocrx_word' id='word_1_284' title='bbox 868 3355 1085 3427; x_wconf 78' lang='lat' dir='ltr'><strong>nomine</strong></span> <span class='ocrx_word' id='word_1_285' title='bbox 1125 3356 1462 3427; x_wconf 58' lang='lat' dir='ltr'><strong>cciireiiitnr,</strong></span> <span class='ocrx_word' id='word_1_286' title='bbox 1495 3357 1725 3427; x_wconf 84' lang='lat' dir='ltr'><strong>populus</strong></span> 
     </span>
    </p>
   </div>
   <div class='ocr_carea' id='block_1_46' title="bbox 132 3424 1726 3494">
    <p class='ocr_par' dir='ltr' id='par_1_46' title="bbox 132 3424 1726 3494">
     <span class='ocr_line' id='line_1_47' title="bbox 132 3424 1726 3494; baseline 0.003 -18"><span class='ocrx_word' id='word_1_287' title='bbox 132 3439 235 3494; x_wconf 90' lang='lat' dir='ltr'><strong>non</strong></span> <span class='ocrx_word' id='word_1_288' title='bbox 263 3424 682 3494; x_wconf 80' lang='lat' dir='ltr'><strong>ante_discedat,</strong></span> <span class='ocrx_word' id='word_1_289' title='bbox 719 3439 880 3491; x_wconf 89' lang='lat' dir='ltr'><strong>quam</strong></span> <span class='ocrx_word' id='word_1_290' title='bbox 928 3424 1128 3494; x_wconf 78' lang='lat' dir='ltr'><strong>missae</strong></span> <span class='ocrx_word' id='word_1_291' title='bbox 1172 3424 1545 3494; x_wconf 82' lang='lat' dir='ltr'><strong>sollempnitas</strong></span> <span class='ocrx_word' id='word_1_292' title='bbox 1567 3424 1726 3482; x_wconf 61' lang='lat' dir='ltr'><strong>con-</strong></span> 
     </span>
    </p>
   </div>
   <div class='ocr_carea' id='block_1_47' title="bbox 133 3492 1724 3561">
    <p class='ocr_par' dir='ltr' id='par_1_47' title="bbox 133 3492 1724 3561">
     <span class='ocr_line' id='line_1_48' title="bbox 133 3492 1724 3561; baseline 0.004 -16"><span class='ocrx_word' id='word_1_293' title='bbox 133 3493 358 3561; x_wconf 82' lang='lat' dir='ltr'><strong>pleatnr.</strong></span> <span class='ocrx_word' id='word_1_294' title='bbox 392 3492 458 3547; x_wconf 82' lang='lat' dir='ltr'><strong>Et</strong></span> <span class='ocrx_word' id='word_1_295' title='bbox 488 3493 575 3549; x_wconf 89' lang='lat' dir='ltr'><strong>ubi</strong></span> <span class='ocrx_word' id='word_1_296' title='bbox 603 3495 890 3561; x_wconf 87' lang='lat' dir='ltr'><strong>episc0pus</strong></span> <span class='ocrx_word' id='word_1_297' title='bbox 918 3493 1096 3557; x_wconf 79' lang='lat' dir='ltr'><strong>fuerit,</strong></span> <span class='ocrx_word' id='word_1_298' title='bbox 1120 3495 1153 3547; x_wconf 80' lang='grc'><strong>1)</strong></span> <span class='ocrx_word' id='word_1_299' title='bbox 1175 3492 1551 3551; x_wconf 77' lang='lat' dir='ltr'><strong>-nedictionem</strong></span> <span class='ocrx_word' id='word_1_300' title='bbox 1581 3500 1724 3552; x_wconf 81' lang='lat' dir='ltr'><strong>acci-</strong></span> 
     </span>
    </p>
   </div>
   <div class='ocr_carea' id='block_1_48' title="bbox 139 3563 1727 3631">
    <p class='ocr_par' dir='ltr' id='par_1_48' title="bbox 139 3563 1727 3631">
     <span class='ocr_line' id='line_1_49' title="bbox 139 3563 1727 3631; baseline 0.006 -17"><span class='ocrx_word' id='word_1_301' title='bbox 139 3572 285 3631; x_wconf 83' lang='lat' dir='ltr'><strong>piant</strong></span> <span class='ocrx_word' id='word_1_302' title='bbox 302 3564 619 3619; x_wconf 86' lang='lat' dir='ltr'><strong>sacerdotis.</strong></span> <span class='ocrx_word' id='word_1_303' title='bbox 671 3563 968 3619; x_wconf 67' lang='lat' dir='ltr'><strong>Sacerdote</strong></span> <span class='ocrx_word' id='word_1_304' title='bbox 997 3575 1179 3619; x_wconf 88' lang='lat' dir='ltr'><strong>autem</strong></span> <span class='ocrx_word' id='word_1_305' title='bbox 1209 3580 1255 3617; x_wconf 73' lang='grc' dir='ltr'><strong>νο</strong></span> <span class='ocrx_word' id='word_1_306' title='bbox 1279 3566 1429 3619; x_wconf 85' lang='lat' dir='ltr'><strong>I&#39;lllllll</strong></span> <span class='ocrx_word' id='word_1_307' title='bbox 1465 3569 1515 3620; x_wconf 91' lang='lat' dir='ltr'><strong>in</strong></span> <span class='ocrx_word' id='word_1_308' title='bbox 1548 3568 1727 3623; x_wconf 81' lang='lat' dir='ltr'><strong>eccle-</strong></span> 
     </span>
    </p>
   </div>
   <div class='ocr_carea' id='block_1_49' title="bbox 141 3633 1722 3715">
    <p class='ocr_par' dir='ltr' id='par_1_49' title="bbox 141 3633 1722 3715">
     <span class='ocr_line' id='line_1_50' title="bbox 141 3633 1722 3715; baseline 0.005 -30"><span class='ocrx_word' id='word_1_309' title='bbox 141 3638 217 3686; x_wconf 85' lang='lat' dir='ltr'><strong>sia</strong></span> <span class='ocrx_word' id='word_1_310' title='bbox 248 3633 473 3715; x_wconf 69' lang='lat' dir='ltr'><strong>faciente</strong></span> <span class='ocrx_word' id='word_1_311' title='bbox 493 3636 585 3705; x_wconf 91' lang='lat' dir='ltr'><strong>qui</strong></span> <span class='ocrx_word' id='word_1_312' title='bbox 609 3657 619 3685; x_wconf 77' lang='lat' dir='ltr'><strong>I</strong></span> <span class='ocrx_word' id='word_1_313' title='bbox 641 3650 857 3705; x_wconf 82' lang='lat' dir='ltr'><strong>gressus</strong></span> <span class='ocrx_word' id='word_1_314' title='bbox 895 3635 962 3690; x_wconf 91' lang='lat' dir='ltr'><strong>de</strong></span> <span class='ocrx_word' id='word_1_315' title='bbox 987 3633 1259 3689; x_wconf 87' lang='lat' dir='ltr'><strong>auditorio</strong></span> <span class='ocrx_word' id='word_1_316' title='bbox 1289 3633 1467 3703; x_wconf 69' lang='lat' dir='ltr'><strong>fuerit,</strong></span> <span class='ocrx_word' id='word_1_317' title='bbox 1502 3654 1722 3693; x_wconf 83' lang='lat' dir='ltr'><strong>excom-</strong></span> 
     </span>
    </p>
   </div>
   <div class='ocr_carea' id='block_1_50' title="bbox 140 3713 455 3760">
    <p class='ocr_par' dir='ltr' id='par_1_50' title="bbox 140 3713 455 3760">
     <span class='ocr_line' id='line_1_51' title="bbox 140 3713 455 3760; baseline 0.016 -5"><span class='ocrx_word' id='word_1_318' title='bbox 140 3720 187 3756; x_wconf 77' lang='lat' dir='ltr'><strong>lll</strong></span> <span class='ocrx_word' id='word_1_319' title='bbox 196 3713 455 3760; x_wconf 85' lang='lat' dir='ltr'><strong>unicetur.</strong></span> 
     </span>
    </p>
   </div>
   <div class='ocr_carea' id='block_1_51' title="bbox 203 3773 1728 3848">
    <p class='ocr_par' dir='ltr' id='par_1_51' title="bbox 203 3773 1728 3848">
     <span class='ocr_line' id='line_1_52' title="bbox 203 3773 1728 3848; baseline 0.003 -20"><span class='ocrx_word' id='word_1_320' title='bbox 203 3773 391 3848; x_wconf 56' lang='lat'><strong>02.1»</strong></span> <span class='ocrx_word' id='word_1_321' title='bbox 427 3776 529 3840; x_wconf 85' lang='lat' dir='ltr'><strong>liis,</strong></span> <span class='ocrx_word' id='word_1_322' title='bbox 559 3777 645 3848; x_wconf 89' lang='lat' dir='ltr'><strong>qui</strong></span> <span class='ocrx_word' id='word_1_323' title='bbox 668 3775 1013 3848; x_wconf 86' lang='lat' dir='ltr'><strong>ecclesiastica</strong></span> <span class='ocrx_word' id='word_1_324' title='bbox 1051 3774 1243 3829; x_wconf 69' lang='lat' dir='ltr'><strong>ieiunia</strong></span> <span class='ocrx_word' id='word_1_325' title='bbox 1273 3774 1463 3848; x_wconf 78' lang='lat' dir='ltr'><strong>absque</strong></span> <span class='ocrx_word' id='word_1_326' title='bbox 1505 3779 1728 3833; x_wconf 82' lang='lat' dir='ltr'><strong>necessi-</strong></span> 
     </span>
    </p>
   </div>
   <div class='ocr_carea' id='block_1_52' title="bbox 133 3845 1726 3916">
    <p class='ocr_par' dir='ltr' id='par_1_52' title="bbox 133 3845 1726 3916">
     <span class='ocr_line' id='line_1_53' title="bbox 133 3845 1726 3916; baseline 0.004 -19"><span class='ocrx_word' id='word_1_327' title='bbox 133 3853 239 3898; x_wconf 87' lang='lat' dir='ltr'><strong>tate</strong></span> <span class='ocrx_word' id='word_1_328' title='bbox 263 3845 581 3902; x_wconf 64' lang='lat' dir='ltr'><strong>dissolvunt.</strong></span> <span class='ocrx_word' id='word_1_329' title='bbox 603 3848 656 3902; x_wconf 74' lang='lat' dir='ltr'><strong>Si</strong></span> <span class='ocrx_word' id='word_1_330' title='bbox 688 3847 809 3916; x_wconf 89' lang='lat' dir='ltr'><strong>quis</strong></span> <span class='ocrx_word' id='word_1_331' title='bbox 838 3859 1046 3909; x_wconf 72' lang='lat' dir='ltr'><strong>cocum,</strong></span> <span class='ocrx_word' id='word_1_332' title='bbox 1080 3848 1171 3914; x_wconf 85' lang='lat' dir='ltr'><strong>qui</strong></span> <span class='ocrx_word' id='word_1_333' title='bbox 1212 3845 1496 3901; x_wconf 79' lang='lat' dir='ltr'><strong>eontiiient</strong></span> <span class='ocrx_word' id='word_1_334' title='bbox 1517 3863 1582 3901; x_wconf 87' lang='lat' dir='ltr'><strong>ac</strong></span> <span class='ocrx_word' id='word_1_335' title='bbox 1610 3857 1726 3903; x_wconf 89' lang='lat' dir='ltr'><strong>stu-</strong></span> 
     </span>
    </p>
   </div>
   <div class='ocr_carea' id='block_1_53' title="bbox 133 3916 1725 3985">
    <p class='ocr_par' dir='ltr' id='par_1_53' title="bbox 133 3916 1725 3985">
     <span class='ocr_line' id='line_1_54' title="bbox 133 3916 1725 3985; baseline 0.004 -18"><span class='ocrx_word' id='word_1_336' title='bbox 133 3916 282 3976; x_wconf 84' lang='lat' dir='ltr'><strong>dent,</strong></span> <span class='ocrx_word' id='word_1_337' title='bbox 312 3917 514 3985; x_wconf 77' lang='lat' dir='ltr'><strong>absque</strong></span> <span class='ocrx_word' id='word_1_338' title='bbox 537 3932 726 3972; x_wconf 63' lang='lat' dir='ltr'><strong>necrss</strong></span> <span class='ocrx_word' id='word_1_339' title='bbox 752 3924 858 3969; x_wconf 83' lang='lat' dir='ltr'><strong>tate</strong></span> <span class='ocrx_word' id='word_1_340' title='bbox 877 3930 1136 3985; x_wconf 87' lang='lat' dir='ltr'><strong>corporea</strong></span> <span class='ocrx_word' id='word_1_341' title='bbox 1172 3916 1367 3969; x_wconf 87' lang='lat' dir='ltr'><strong>tradita</strong></span> <span class='ocrx_word' id='word_1_342' title='bbox 1395 3918 1444 3970; x_wconf 91' lang='lat' dir='ltr'><strong>in</strong></span> <span class='ocrx_word' id='word_1_343' title='bbox 1476 3934 1725 3973; x_wconf 84' lang='lat' dir='ltr'><strong>commu-</strong></span> 
     </span>
    </p>
   </div>
   <div class='ocr_carea' id='block_1_54' title="bbox 134 3985 1725 4054">
    <p class='ocr_par' dir='ltr' id='par_1_54' title="bbox 134 3985 1725 4054">
     <span class='ocr_line' id='line_1_55' title="bbox 134 3985 1725 4054; baseline 0.003 -15"><span class='ocrx_word' id='word_1_344' title='bbox 134 4001 203 4039; x_wconf 89' lang='lat' dir='ltr'><strong>ne</strong></span> <span class='ocrx_word' id='word_1_345' title='bbox 234 3985 431 4040; x_wconf 88' lang='lat' dir='ltr'><strong>ieiunia</strong></span> <span class='ocrx_word' id='word_1_346' title='bbox 462 3995 518 4041; x_wconf 85' lang='lat' dir='ltr'><strong>et</strong></span> <span class='ocrx_word' id='word_1_347' title='bbox 543 3987 612 4042; x_wconf 90' lang='lat' dir='ltr'><strong>ab</strong></span> <span class='ocrx_word' id='word_1_348' title='bbox 642 3986 865 4041; x_wconf 73' lang='lat' dir='ltr'><strong>ecclesia</strong></span> <span class='ocrx_word' id='word_1_349' title='bbox 896 3986 1166 4041; x_wconf 76' lang='lat' dir='ltr'><strong>custodita</strong></span> <span class='ocrx_word' id='word_1_350' title='bbox 1223 3986 1586 4054; x_wconf 81' lang='lat' dir='ltr'><strong>superbieudo</strong></span> <span class='ocrx_word' id='word_1_351' title='bbox 1614 3988 1725 4044; x_wconf 90' lang='lat' dir='ltr'><strong>dis-</strong></span> 
     </span>
    </p>
   </div>
   <div class='ocr_carea' id='block_1_55' title="bbox 132 4055 1725 4127">
    <p class='ocr_par' dir='ltr' id='par_1_55' title="bbox 132 4055 1725 4127">
     <span class='ocr_line' id='line_1_56' title="bbox 132 4055 1725 4127; baseline 0.003 -17"><span class='ocrx_word' id='word_1_352' title='bbox 132 4056 296 4110; x_wconf 83' lang='lat' dir='ltr'><strong>solvit</strong></span> <span class='ocrx_word' id='word_1_353' title='bbox 321 4057 538 4112; x_wconf 88' lang='lat' dir='ltr'><strong>stimulo</strong></span> <span class='ocrx_word' id='word_1_354' title='bbox 568 4072 700 4113; x_wconf 88' lang='lat' dir='ltr'><strong>suae</strong></span> <span class='ocrx_word' id='word_1_355' title='bbox 729 4056 1093 4127; x_wconf 2' lang='lat' dir='ltr'><strong>cogitationis,</strong></span> <span class='ocrx_word' id='word_1_356' title='bbox 1122 4055 1407 4126; x_wconf 88' lang='lat' dir='ltr'><strong>impulsus,</strong></span> <span class='ocrx_word' id='word_1_357' title='bbox 1438 4059 1725 4114; x_wconf 79' lang='lat' dir='ltr'><strong>anathema</strong></span> 
     </span>
    </p>
   </div>
   <div class='ocr_carea' id='block_1_56' title="bbox 132 4127 222 4182">
    <p class='ocr_par' dir='ltr' id='par_1_56' title="bbox 132 4127 222 4182">
     <span class='ocr_line' id='line_1_57' title="bbox 132 4127 222 4182; baseline -0.022 0"><span class='ocrx_word' id='word_1_358' title='bbox 132 4127 222 4182; x_wconf 81' lang='lat' dir='ltr'><strong>sit.</strong></span> 
     </span>
    </p>
   </div>
   <div class='ocr_carea' id='block_1_57' title="bbox 206 4196 1723 4268">
    <p class='ocr_par' dir='ltr' id='par_1_57' title="bbox 206 4196 1723 4268">
     <span class='ocr_line' id='line_1_58' title="bbox 206 4196 1723 4268; baseline 0.004 -19"><span class='ocrx_word' id='word_1_359' title='bbox 206 4196 294 4250; x_wconf 81' lang='lat'><strong>6&#39;5.</strong></span> <span class='ocrx_word' id='word_1_360' title='bbox 347 4197 412 4252; x_wconf 90' lang='lat' dir='ltr'><strong>Ut</strong></span> <span class='ocrx_word' id='word_1_361' title='bbox 456 4206 840 4253; x_wconf 73' lang='lat' dir='ltr'><strong>sacramentum</strong></span> <span class='ocrx_word' id='word_1_362' title='bbox 889 4199 1213 4252; x_wconf 67' lang='lat' dir='ltr'><strong>caticumini;</strong></span> <span class='ocrx_word' id='word_1_363' title='bbox 1247 4214 1349 4251; x_wconf 89' lang='lat' dir='ltr'><strong>non</strong></span> <span class='ocrx_word' id='word_1_364' title='bbox 1395 4197 1723 4268; x_wconf 83' lang='lat' dir='ltr'><strong>praebeatur.</strong></span> 
     </span>
    </p>
   </div>
   <div class='ocr_carea' id='block_1_58' title="bbox 133 4266 1729 4339">
    <p class='ocr_par' dir='ltr' id='par_1_58' title="bbox 133 4266 1729 4339">
     <span class='ocr_line' id='line_1_59' title="bbox 133 4266 1729 4339; baseline 0.003 -18"><span class='ocrx_word' id='word_1_365' title='bbox 133 4266 274 4339; x_wconf 76' lang='lat' dir='ltr'><strong>Item</strong></span> <span class='ocrx_word' id='word_1_366' title='bbox 297 4268 514 4336; x_wconf 86' lang='lat' dir='ltr'><strong>placuit,</strong></span> <span class='ocrx_word' id='word_1_367' title='bbox 551 4278 607 4322; x_wconf 90' lang='lat' dir='ltr'><strong>ut</strong></span> <span class='ocrx_word' id='word_1_368' title='bbox 636 4270 796 4323; x_wconf 88' lang='lat' dir='ltr'><strong>etiam</strong></span> <span class='ocrx_word' id='word_1_369' title='bbox 828 4284 923 4339; x_wconf 87' lang='lat' dir='ltr'><strong>per</strong></span> <span class='ocrx_word' id='word_1_370' title='bbox 945 4266 1427 4337; x_wconf 40' lang='lat' dir='ltr'><strong>solletnpnissimo&#39;s</strong></span> <span class='ocrx_word' id='word_1_371' title='bbox 1446 4270 1729 4338; x_wconf 86' lang='lat' dir='ltr'><strong>paschales</strong></span> 
     </span>
    </p>
   </div>
   <div class='ocr_carea' id='block_1_59' title="bbox 134 4337 1725 4408">
    <p class='ocr_par' dir='ltr' id='par_1_59' title="bbox 134 4337 1725 4408">
     <span class='ocr_line' id='line_1_60' title="bbox 134 4337 1725 4408; baseline 0.003 -17"><span class='ocrx_word' id='word_1_372' title='bbox 134 4337 256 4393; x_wconf 87' lang='lat' dir='ltr'><strong>dies</strong></span> <span class='ocrx_word' id='word_1_373' title='bbox 292 4353 442 4392; x_wconf 86' lang='lat' dir='ltr'><strong>sacra</strong></span> <span class='ocrx_word' id='word_1_374' title='bbox 472 4359 482 4389; x_wconf 81' lang='grc' dir='ltr'>ι</span> <span class='ocrx_word' id='word_1_375' title='bbox 508 4348 693 4393; x_wconf 85' lang='lat' dir='ltr'><strong>cntum</strong></span> <span class='ocrx_word' id='word_1_376' title='bbox 719 4337 963 4406; x_wconf 81' lang='lat' dir='ltr'><strong>corporis</strong></span> <span class='ocrx_word' id='word_1_377' title='bbox 1010 4348 1065 4394; x_wconf 90' lang='lat' dir='ltr'><strong>et</strong></span> <span class='ocrx_word' id='word_1_378' title='bbox 1093 4339 1369 4408; x_wconf 31' lang='lat' dir='ltr'><strong>sanguinis</strong></span> <span class='ocrx_word' id='word_1_379' title='bbox 1401 4337 1608 4393; x_wconf 85' lang='lat' dir='ltr'><strong>Domini</strong></span> <span class='ocrx_word' id='word_1_380' title='bbox 1642 4357 1725 4395; x_wconf 85' lang='lat' dir='ltr'><strong>ca-</strong></span> 
     </span>
    </p>
   </div>
   <div class='ocr_carea' id='block_1_60' title="bbox 137 4408 1727 4478">
    <p class='ocr_par' dir='ltr' id='par_1_60' title="bbox 137 4408 1727 4478">
     <span class='ocr_line' id='line_1_61' title="bbox 137 4408 1727 4478; baseline 0.004 -18"><span class='ocrx_word' id='word_1_381' title='bbox 137 4408 410 4478; x_wconf 87' lang='lat' dir='ltr'><strong>ticuminis</strong></span> <span class='ocrx_word' id='word_1_382' title='bbox 444 4425 551 4464; x_wconf 89' lang='lat' dir='ltr'><strong>non</strong></span> <span class='ocrx_word' id='word_1_383' title='bbox 582 4410 755 4474; x_wconf 88' lang='lat' dir='ltr'><strong>detur,</strong></span> <span class='ocrx_word' id='word_1_384' title='bbox 789 4410 1118 4465; x_wconf 86' lang='lat' dir='ltr'><strong>uisisolitum</strong></span> <span class='ocrx_word' id='word_1_385' title='bbox 1135 4412 1262 4463; x_wconf 84' lang='lat' dir='ltr'><strong>satis</strong></span> <span class='ocrx_word' id='word_1_386' title='bbox 1286 4427 1300 4476; x_wconf 90' lang='lat'><strong>;</strong></span> <span class='ocrx_word' id='word_1_387' title='bbox 1324 4412 1449 4478; x_wconf 88' lang='lat' dir='ltr'><strong>quia</strong></span> <span class='ocrx_word' id='word_1_388' title='bbox 1473 4411 1517 4464; x_wconf 92' lang='lat' dir='ltr'><strong>si</strong></span> <span class='ocrx_word' id='word_1_389' title='bbox 1543 4413 1574 4464; x_wconf 89' lang='lat' dir='ltr'><strong>li</strong></span> <span class='ocrx_word' id='word_1_390' title='bbox 1596 4412 1727 4466; x_wconf 82' lang='lat' dir='ltr'><strong>leles</strong></span> 
     </span>
    </p>
   </div>
   <div class='ocr_carea' id='block_1_61' title="bbox 136 4476 1728 4547">
    <p class='ocr_par' dir='ltr' id='par_1_61' title="bbox 136 4476 1728 4547">
     <span class='ocr_line' id='line_1_62' title="bbox 136 4476 1728 4547; baseline 0.004 -16"><span class='ocrx_word' id='word_1_391' title='bbox 136 4494 242 4547; x_wconf 86' lang='lat' dir='ltr'><strong>per</strong></span> <span class='ocrx_word' id='word_1_392' title='bbox 270 4476 387 4535; x_wconf 90' lang='lat' dir='ltr'><strong>illos</strong></span> <span class='ocrx_word' id='word_1_393' title='bbox 408 4479 524 4534; x_wconf 73' lang='lat' dir='ltr'><strong>dics</strong></span> <span class='ocrx_word' id='word_1_394' title='bbox 545 4492 886 4536; x_wconf 88' lang='lat' dir='ltr'><strong>sacramenta</strong></span> <span class='ocrx_word' id='word_1_395' title='bbox 917 4497 1023 4535; x_wconf 90' lang='lat' dir='ltr'><strong>non</strong></span> <span class='ocrx_word' id='word_1_396' title='bbox 1058 4488 1285 4543; x_wconf 81' lang='lat' dir='ltr'><strong>mutant,</strong></span> <span class='ocrx_word' id='word_1_397' title='bbox 1320 4476 1418 4535; x_wconf 86' lang='lat' dir='ltr'><strong>nec</strong></span> <span class='ocrx_word' id='word_1_398' title='bbox 1446 4482 1728 4536; x_wconf 78' lang='lat' dir='ltr'><strong>caticumi-</strong></span> 
     </span>
    </p>
   </div>
   <div class='ocr_carea' id='block_1_62' title="bbox 140 4550 1809 4621">
    <p class='ocr_par' dir='ltr' id='par_1_62' title="bbox 140 4550 1809 4621">
     <span class='ocr_line' id='line_1_63' title="bbox 140 4550 1809 4621; baseline 0.004 -19"><span class='ocrx_word' id='word_1_399' title='bbox 140 4563 266 4621; x_wconf 77' lang='lat' dir='ltr'><strong>nos</strong></span> <span class='ocrx_word' id='word_1_400' title='bbox 299 4560 510 4621; x_wconf 89' lang='lat' dir='ltr'><strong>oportet</strong></span> <span class='ocrx_word' id='word_1_401' title='bbox 556 4561 784 4605; x_wconf 86' lang='lat' dir='ltr'><strong>mutare.</strong></span> <span class='ocrx_word' id='word_1_402' title='bbox 832 4556 982 4617; x_wconf 80' lang='lat' dir='ltr'><strong>Quae</strong></span> <span class='ocrx_word' id='word_1_403' title='bbox 1011 4550 1181 4605; x_wconf 85' lang='lat' dir='ltr'><strong>forma</strong></span> <span class='ocrx_word' id='word_1_404' title='bbox 1230 4550 1391 4605; x_wconf 84' lang='lat' dir='ltr'><strong>etiam</strong></span> <span class='ocrx_word' id='word_1_405' title='bbox 1433 4568 1463 4605; x_wconf 92' lang='lat' dir='ltr'><strong>a</strong></span> <span class='ocrx_word' id='word_1_406' title='bbox 1511 4552 1726 4621; x_wconf 79' lang='lat' dir='ltr'><strong>publice</strong></span> <span class='ocrx_word' id='word_1_407' title='bbox 1761 4555 1809 4616; x_wconf 88' lang='lat' dir='ltr'><strong>D</strong></span> 
     </span>
    </p>
   </div>
   <div class='ocr_carea' id='block_1_63' title="bbox 138 4618 1187 4691">
    <p class='ocr_par' dir='ltr' id='par_1_63' title="bbox 138 4618 1187 4691">
     <span class='ocr_line' id='line_1_64' title="bbox 138 4618 1187 4691; baseline 0 -17"><span class='ocrx_word' id='word_1_408' title='bbox 138 4618 503 4691; x_wconf 58' lang='lat' dir='ltr'><strong>penitentibus</strong></span> <span class='ocrx_word' id='word_1_409' title='bbox 534 4623 757 4676; x_wconf 91' lang='lat' dir='ltr'><strong>omnino</strong></span> <span class='ocrx_word' id='word_1_410' title='bbox 782 4621 1055 4691; x_wconf 84' lang='lat' dir='ltr'><strong>sequenda</strong></span> <span class='ocrx_word' id='word_1_411' title='bbox 1087 4629 1187 4675; x_wconf 88' lang='lat' dir='ltr'><strong>est.</strong></span> 
     </span>
    </p>
   </div>
   <div class='ocr_carea' id='block_1_64' title="bbox 217 4688 1722 4762">
    <p class='ocr_par' dir='ltr' id='par_1_64' title="bbox 217 4688 1722 4762">
     <span class='ocr_line' id='line_1_65' title="bbox 217 4688 1722 4762; baseline 0.003 -19"><span class='ocrx_word' id='word_1_412' title='bbox 217 4688 300 4762; x_wconf 69' lang='grc'><strong>64.</strong></span> <span class='ocrx_word' id='word_1_413' title='bbox 328 4690 401 4745; x_wconf 88' lang='lat' dir='ltr'><strong>De</strong></span> <span class='ocrx_word' id='word_1_414' title='bbox 439 4692 545 4762; x_wconf 75' lang='lat' dir='ltr'><strong>liis,</strong></span> <span class='ocrx_word' id='word_1_415' title='bbox 568 4693 654 4760; x_wconf 89' lang='lat' dir='ltr'><strong>qui</strong></span> <span class='ocrx_word' id='word_1_416' title='bbox 703 4688 1008 4761; x_wconf 68' lang='lat' dir='ltr'><strong>rebaptizati</strong></span> <span class='ocrx_word' id='word_1_417' title='bbox 1059 4693 1136 4745; x_wconf 82' lang='lat' dir='ltr'><strong>vel</strong></span> <span class='ocrx_word' id='word_1_418' title='bbox 1189 4693 1543 4762; x_wconf 77' lang='lat' dir='ltr'><strong>reconﬁrmati</strong></span> <span class='ocrx_word' id='word_1_419' title='bbox 1585 4704 1722 4761; x_wconf 88' lang='lat' dir='ltr'><strong>sunt,</strong></span> 
     </span>
    </p>
   </div>
   <div class='ocr_carea' id='block_1_65' title="bbox 138 4761 1725 4834">
    <p class='ocr_par' dir='ltr' id='par_1_65' title="bbox 138 4761 1725 4834">
     <span class='ocr_line' id='line_1_66' title="bbox 138 4761 1725 4834; baseline 0.004 -20"><span class='ocrx_word' id='word_1_420' title='bbox 138 4761 267 4832; x_wconf 75' lang='lat' dir='ltr'><strong>quid</strong></span> <span class='ocrx_word' id='word_1_421' title='bbox 290 4763 354 4815; x_wconf 90' lang='lat' dir='ltr'><strong>sit</strong></span> <span class='ocrx_word' id='word_1_422' title='bbox 378 4761 653 4831; x_wconf 65' lang='lat' dir='ltr'><strong>agendum.</strong></span> <span class='ocrx_word' id='word_1_423' title='bbox 692 4762 764 4816; x_wconf 88' lang='lat' dir='ltr'><strong>De</strong></span> <span class='ocrx_word' id='word_1_424' title='bbox 794 4763 896 4822; x_wconf 88' lang='lat' dir='ltr'><strong>his.</strong></span> <span class='ocrx_word' id='word_1_425' title='bbox 919 4763 1009 4831; x_wconf 89' lang='lat' dir='ltr'><strong>qui</strong></span> <span class='ocrx_word' id='word_1_426' title='bbox 1030 4761 1353 4834; x_wconf 78' lang='lat' dir='ltr'><strong>rebaptizati</strong></span> <span class='ocrx_word' id='word_1_427' title='bbox 1401 4765 1517 4818; x_wconf 87' lang='lat' dir='ltr'><strong>sine</strong></span> <span class='ocrx_word' id='word_1_428' title='bbox 1546 4780 1575 4818; x_wconf 90' lang='lat' dir='ltr'><strong>a</strong></span> <span class='ocrx_word' id='word_1_429' title='bbox 1601 4768 1725 4834; x_wconf 88' lang='lat' dir='ltr'><strong>iqua</strong></span> 
     </span>
    </p>
   </div>
   <div class='ocr_carea' id='block_1_66' title="bbox 140 4832 1727 4903">
    <p class='ocr_par' dir='ltr' id='par_1_66' title="bbox 140 4832 1727 4903">
     <span class='ocr_line' id='line_1_67' title="bbox 140 4832 1727 4903; baseline 0.003 -18"><span class='ocrx_word' id='word_1_430' title='bbox 140 4835 466 4903; x_wconf 82' lang='lat' dir='ltr'><strong>necessitate</strong></span> <span class='ocrx_word' id='word_1_431' title='bbox 494 4834 575 4887; x_wconf 78' lang='lat' dir='ltr'><strong>vel</strong></span> <span class='ocrx_word' id='word_1_432' title='bbox 610 4842 882 4888; x_wconf 89' lang='lat' dir='ltr'><strong>tormento</strong></span> <span class='ocrx_word' id='word_1_433' title='bbox 908 4832 1042 4902; x_wconf 88' lang='lat' dir='ltr'><strong>lapsi</strong></span> <span class='ocrx_word' id='word_1_434' title='bbox 1067 4841 1211 4896; x_wconf 86' lang='lat' dir='ltr'><strong>sunt,</strong></span> <span class='ocrx_word' id='word_1_435' title='bbox 1242 4834 1463 4903; x_wconf 83' lang='lat' dir='ltr'><strong>placuit,</strong></span> <span class='ocrx_word' id='word_1_436' title='bbox 1500 4845 1556 4889; x_wconf 92' lang='lat' dir='ltr'><strong>ut</strong></span> <span class='ocrx_word' id='word_1_437' title='bbox 1583 4832 1727 4891; x_wconf 78' lang='lat' dir='ltr'><strong>circa</strong></span> 
     </span>
    </p>
   </div>
   <div class='ocr_carea' id='block_1_67' title="bbox 140 4901 1728 4971">
    <p class='ocr_par' dir='ltr' id='par_1_67' title="bbox 140 4901 1728 4971">
     <span class='ocr_line' id='line_1_68' title="bbox 140 4901 1728 4971; baseline 0.003 -15"><span class='ocrx_word' id='word_1_438' title='bbox 140 4916 244 4956; x_wconf 88' lang='lat' dir='ltr'><strong>eos</strong></span> <span class='ocrx_word' id='word_1_439' title='bbox 270 4901 353 4955; x_wconf 82' lang='lat' dir='ltr'><strong>illa</strong></span> <span class='ocrx_word' id='word_1_440' title='bbox 396 4903 630 4957; x_wconf 78' lang='lat' dir='ltr'><strong>Nicenae</strong></span> <span class='ocrx_word' id='word_1_441' title='bbox 673 4903 847 4958; x_wconf 86' lang='lat' dir='ltr'><strong>sinodi</strong></span> <span class='ocrx_word' id='word_1_442' title='bbox 882 4911 1083 4958; x_wconf 89' lang='lat' dir='ltr'><strong>statuta</strong></span> <span class='ocrx_word' id='word_1_443' title='bbox 1130 4901 1434 4968; x_wconf 66' lang='lat' dir='ltr'><strong>scrrcntur,</strong></span> <span class='ocrx_word' id='word_1_444' title='bbox 1478 4921 1616 4971; x_wconf 81' lang='lat' dir='ltr'><strong>quae</strong></span> <span class='ocrx_word' id='word_1_445' title='bbox 1660 4906 1728 4960; x_wconf 89' lang='lat' dir='ltr'><strong>de</strong></span> 
     </span>
    </p>
   </div>
   <div class='ocr_carea' id='block_1_68' title="bbox 141 4974 1731 5041">
    <p class='ocr_par' dir='ltr' id='par_1_68' title="bbox 141 4974 1731 5041">
     <span class='ocr_line' id='line_1_69' title="bbox 141 4974 1731 5041; baseline 0.004 -18"><span class='ocrx_word' id='word_1_446' title='bbox 141 4974 663 5041; x_wconf 72' lang='lat' dir='ltr'><strong>praevaricatoribns</strong></span> <span class='ocrx_word' id='word_1_447' title='bbox 689 4975 982 5028; x_wconf 85' lang='lat' dir='ltr'><strong>constituta</strong></span> <span class='ocrx_word' id='word_1_448' title='bbox 1014 4988 1134 5028; x_wconf 87' lang='lat' dir='ltr'><strong>esse</strong></span> <span class='ocrx_word' id='word_1_449' title='bbox 1180 4983 1512 5041; x_wconf 85' lang='lat' dir='ltr'><strong>noscuntur;</strong></span> <span class='ocrx_word' id='word_1_450' title='bbox 1566 4976 1616 5029; x_wconf 83' lang='lat' dir='ltr'><strong>id</strong></span> <span class='ocrx_word' id='word_1_451' title='bbox 1647 4986 1731 5029; x_wconf 69' lang='lat' dir='ltr'><strong>Bri.</strong></span> 
     </span>
    </p>
   </div>
   <div class='ocr_carea' id='block_1_69' title="bbox 144 5044 1730 5113">
    <p class='ocr_par' dir='ltr' id='par_1_69' title="bbox 144 5044 1730 5113">
     <span class='ocr_line' id='line_1_70' title="bbox 144 5044 1730 5113; baseline 0.003 -18"><span class='ocrx_word' id='word_1_452' title='bbox 144 5053 209 5096; x_wconf 90' lang='lat' dir='ltr'><strong>ut</strong></span> <span class='ocrx_word' id='word_1_453' title='bbox 238 5044 385 5097; x_wconf 88' lang='lat' dir='ltr'><strong>anuis</strong></span> <span class='ocrx_word' id='word_1_454' title='bbox 411 5054 618 5113; x_wconf 87' lang='lat' dir='ltr'><strong>septem</strong></span> <span class='ocrx_word' id='word_1_455' title='bbox 645 5044 785 5098; x_wconf 90' lang='lat' dir='ltr'><strong>inter</strong></span> <span class='ocrx_word' id='word_1_456' title='bbox 813 5047 1168 5099; x_wconf 89' lang='lat' dir='ltr'><strong>caticuminos</strong></span> <span class='ocrx_word' id='word_1_457' title='bbox 1196 5054 1373 5108; x_wconf 89' lang='lat' dir='ltr'><strong>orent,</strong></span> <span class='ocrx_word' id='word_1_458' title='bbox 1425 5054 1479 5098; x_wconf 91' lang='lat' dir='ltr'><strong>et</strong></span> <span class='ocrx_word' id='word_1_459' title='bbox 1520 5044 1730 5100; x_wconf 87' lang='lat' dir='ltr'><strong>duobus</strong></span> 
     </span>
    </p>
   </div>
   <div class='ocr_carea' id='block_1_70' title="bbox 142 5114 1725 5184">
    <p class='ocr_par' dir='ltr' id='par_1_70' title="bbox 142 5114 1725 5184">
     <span class='ocr_line' id='line_1_71' title="bbox 142 5114 1725 5184; baseline 0.001 -17"><span class='ocrx_word' id='word_1_460' title='bbox 142 5114 290 5167; x_wconf 87' lang='lat' dir='ltr'><strong>inter</strong></span> <span class='ocrx_word' id='word_1_461' title='bbox 314 5114 640 5180; x_wconf 85' lang='lat' dir='ltr'><strong>catholicos;</strong></span> <span class='ocrx_word' id='word_1_462' title='bbox 667 5123 722 5168; x_wconf 89' lang='lat' dir='ltr'><strong>et</strong></span> <span class='ocrx_word' id='word_1_463' title='bbox 746 5125 930 5184; x_wconf 89' lang='lat' dir='ltr'><strong>postea</strong></span> <span class='ocrx_word' id='word_1_464' title='bbox 955 5114 1328 5169; x_wconf 80' lang='lat' dir='ltr'><strong>moderatione</strong></span> <span class='ocrx_word' id='word_1_465' title='bbox 1350 5123 1405 5170; x_wconf 89' lang='lat' dir='ltr'><strong>et</strong></span> <span class='ocrx_word' id='word_1_466' title='bbox 1438 5115 1725 5170; x_wconf 80' lang='lat' dir='ltr'><strong>clementia</strong></span> 
     </span>
    </p>
   </div>
   <div class='ocr_carea' id='block_1_71' title="bbox 142 5184 1731 5253">
    <p class='ocr_par' dir='ltr' id='par_1_71' title="bbox 142 5184 1731 5253">
     <span class='ocr_line' id='line_1_72' title="bbox 142 5184 1731 5253; baseline 0.001 -14"><span class='ocrx_word' id='word_1_467' title='bbox 142 5184 386 5253; x_wconf 80' lang='lat' dir='ltr'><strong>episcopi</strong></span> <span class='ocrx_word' id='word_1_468' title='bbox 417 5185 660 5240; x_wconf 80' lang='lat' dir='ltr'><strong>lidelilius</strong></span> <span class='ocrx_word' id='word_1_469' title='bbox 695 5185 745 5237; x_wconf 92' lang='lat' dir='ltr'><strong>in</strong></span> <span class='ocrx_word' id='word_1_470' title='bbox 780 5185 1057 5239; x_wconf 85' lang='lat' dir='ltr'><strong>oblatione</strong></span> <span class='ocrx_word' id='word_1_471' title='bbox 1111 5192 1167 5239; x_wconf 85' lang='lat' dir='ltr'><strong>et</strong></span> <span class='ocrx_word' id='word_1_472' title='bbox 1213 5185 1539 5240; x_wconf 86' lang='lat' dir='ltr'><strong>eucharistia</strong></span> <span class='ocrx_word' id='word_1_473' title='bbox 1575 5202 1731 5241; x_wconf 87' lang='lat' dir='ltr'><strong>com-</strong></span> 
     </span>
    </p>
   </div>
   <div class='ocr_carea' id='block_1_72' title="bbox 141 5254 1728 5325">
    <p class='ocr_par' dir='ltr' id='par_1_72' title="bbox 141 5254 1728 5325">
     <span class='ocr_line' id='line_1_73' title="bbox 141 5254 1728 5325; baseline 0.001 -16"><span class='ocrx_word' id='word_1_474' title='bbox 141 5254 434 5325; x_wconf 77' lang='lat' dir='ltr'><strong>municent.</strong></span> <span class='ocrx_word' id='word_1_475' title='bbox 470 5256 639 5321; x_wconf 83' lang='lat' dir='ltr'><strong>Quam</strong></span> <span class='ocrx_word' id='word_1_476' title='bbox 671 5254 896 5309; x_wconf 81' lang='lat' dir='ltr'><strong>formam</strong></span> <span class='ocrx_word' id='word_1_477' title='bbox 927 5264 1223 5325; x_wconf 87' lang='lat' dir='ltr'><strong>sequantur</strong></span> <span class='ocrx_word' id='word_1_478' title='bbox 1255 5265 1311 5311; x_wconf 89' lang='lat' dir='ltr'><strong>et</strong></span> <span class='ocrx_word' id='word_1_479' title='bbox 1341 5257 1728 5311; x_wconf 90' lang='lat' dir='ltr'><strong>reconlirmati.</strong></span> 
     </span>
    </p>
   </div>
   <div class='ocr_carea' id='block_1_73' title="bbox 219 5322 1732 5397">
    <p class='ocr_par' dir='ltr' id='par_1_73' title="bbox 219 5322 1732 5397">
     <span class='ocr_line' id='line_1_74' title="bbox 219 5322 1732 5397; baseline 0.005 -22"><span class='ocrx_word' id='word_1_480' title='bbox 219 5322 303 5397; x_wconf 66' lang='grc'><strong>65.</strong></span> <span class='ocrx_word' id='word_1_481' title='bbox 336 5325 409 5397; x_wconf 79' lang='lat' dir='ltr'><strong>De</strong></span> <span class='ocrx_word' id='word_1_482' title='bbox 454 5327 687 5391; x_wconf 79' lang='lat' dir='ltr'><strong>clericis.</strong></span> <span class='ocrx_word' id='word_1_483' title='bbox 736 5327 820 5391; x_wconf 70' lang='lat' dir='ltr'><strong>qui</strong></span> <span class='ocrx_word' id='word_1_484' title='bbox 875 5326 941 5379; x_wconf 87' lang='lat' dir='ltr'><strong>ad</strong></span> <span class='ocrx_word' id='word_1_485' title='bbox 986 5322 1330 5380; x_wconf 72' lang='lat' dir='ltr'><strong>saecularium</strong></span> <span class='ocrx_word' id='word_1_486' title='bbox 1382 5327 1732 5397; x_wconf 76' lang='lat' dir='ltr'><strong>defensionem</strong></span> 
     </span>
    </p>
   </div>
   <div class='ocr_carea' id='block_1_74' title="bbox 143 5396 1738 5467">
    <p class='ocr_par' dir='ltr' id='par_1_74' title="bbox 143 5396 1738 5467">
     <span class='ocr_line' id='line_1_75' title="bbox 143 5396 1738 5467; baseline 0.003 -18"><span class='ocrx_word' id='word_1_487' title='bbox 143 5396 671 5467; x_wconf 77' lang='lat' dir='ltr'><strong>confugiuntpropter</strong></span> <span class='ocrx_word' id='word_1_488' title='bbox 712 5398 1084 5451; x_wconf 85' lang='lat' dir='ltr'><strong>districtionem</strong></span> <span class='ocrx_word' id='word_1_489' title='bbox 1113 5399 1363 5467; x_wconf 87' lang='lat' dir='ltr'><strong>episcopi.</strong></span> <span class='ocrx_word' id='word_1_490' title='bbox 1416 5396 1641 5462; x_wconf 82' lang='lat' dir='ltr'><strong>Placuit,</strong></span> <span class='ocrx_word' id='word_1_491' title='bbox 1679 5411 1738 5453; x_wconf 90' lang='lat' dir='ltr'><strong>ut</strong></span> 
     </span>
    </p>
   </div>
   <div class='ocr_carea' id='block_1_75' title="bbox 146 5466 1733 5538">
    <p class='ocr_par' dir='ltr' id='par_1_75' title="bbox 146 5466 1733 5538">
     <span class='ocr_line' id='line_1_76' title="bbox 146 5466 1733 5538; baseline 0.002 -17"><span class='ocrx_word' id='word_1_492' title='bbox 146 5466 389 5533; x_wconf 76' lang='lat' dir='ltr'><strong>clericus,</strong></span> <span class='ocrx_word' id='word_1_493' title='bbox 413 5470 458 5522; x_wconf 91' lang='lat' dir='ltr'><strong>si</strong></span> <span class='ocrx_word' id='word_1_494' title='bbox 488 5469 682 5523; x_wconf 55' lang='lat' dir='ltr'><strong>relicto</strong></span> <span class='ocrx_word' id='word_1_495' title='bbox 713 5467 894 5523; x_wconf 73' lang='lat' dir='ltr'><strong>ol‘licio</strong></span> <span class='ocrx_word' id='word_1_496' title='bbox 924 5482 1023 5522; x_wconf 91' lang='lat' dir='ltr'><strong>suo</strong></span> <span class='ocrx_word' id='word_1_497' title='bbox 1066 5466 1297 5538; x_wconf 84' lang='lat' dir='ltr'><strong>propter</strong></span> <span class='ocrx_word' id='word_1_498' title='bbox 1333 5468 1733 5525; x_wconf 89' lang='lat' dir='ltr'><strong>districtiouem</strong></span> 
     </span>
    </p>
   </div>
   <div class='ocr_carea' id='block_1_76' title="bbox 1818 545 3410 610">
    <p class='ocr_par' dir='ltr' id='par_1_76' title="bbox 1818 545 3410 610">
     <span class='ocr_line' id='line_1_77' title="bbox 1818 545 3410 610; baseline 0.003 -12"><span class='ocrx_word' id='word_1_499' title='bbox 1818 545 2065 607; x_wconf 86' lang='lat' dir='ltr'><strong>recurrit,</strong></span> <span class='ocrx_word' id='word_1_500' title='bbox 2105 545 2352 599; x_wconf 82' lang='lat' dir='ltr'><strong>solatium</strong></span> <span class='ocrx_word' id='word_1_501' title='bbox 2374 546 2706 600; x_wconf 80' lang='lat' dir='ltr'><strong>delensionis</strong></span> <span class='ocrx_word' id='word_1_502' title='bbox 2735 547 2756 577; x_wconf 86' lang='grc'><strong><em>⁵</em></strong></span> <span class='ocrx_word' id='word_1_503' title='bbox 2790 546 3128 610; x_wconf 82' lang='lat' dir='ltr'><strong>mpenderit,</strong></span> <span class='ocrx_word' id='word_1_504' title='bbox 3157 545 3279 600; x_wconf 84' lang='lat' dir='ltr'><strong>cum</strong></span> <span class='ocrx_word' id='word_1_505' title='bbox 3312 562 3410 602; x_wconf 83' lang='lat' dir='ltr'><strong>eo-</strong></span> 
     </span>
    </p>
   </div>
   <div class='ocr_carea' id='block_1_77' title="bbox 1818 613 3018 685">
    <p class='ocr_par' dir='ltr' id='par_1_77' title="bbox 1818 613 3018 685">
     <span class='ocr_line' id='line_1_78' title="bbox 1818 613 3018 685; baseline 0.002 -17"><span class='ocrx_word' id='word_1_506' title='bbox 1818 614 1939 669; x_wconf 88' lang='lat' dir='ltr'><strong>dem</strong></span> <span class='ocrx_word' id='word_1_507' title='bbox 1963 613 2316 685; x_wconf 89' lang='lat' dir='ltr'><strong>de_ecc|esiae</strong></span> <span class='ocrx_word' id='word_1_508' title='bbox 2344 617 2728 671; x_wconf 89' lang='lat' dir='ltr'><strong>communione</strong></span> <span class='ocrx_word' id='word_1_509' title='bbox 2760 617 3018 685; x_wconf 89' lang='lat' dir='ltr'><strong>pellatur.</strong></span> 
     </span>
    </p>
   </div>
   <div class='ocr_carea' id='block_1_78' title="bbox 1888 683 3417 754">
    <p class='ocr_par' dir='ltr' id='par_1_78' title="bbox 1888 683 3417 754">
     <span class='ocr_line' id='line_1_79' title="bbox 1888 683 3417 754; baseline 0.005 -19"><span class='ocrx_word' id='word_1_510' title='bbox 1888 686 1982 738; x_wconf 81' lang='lat'><strong>66.</strong></span> <span class='ocrx_word' id='word_1_511' title='bbox 2010 683 2088 737; x_wconf 87' lang='lat' dir='ltr'><strong>De</strong></span> <span class='ocrx_word' id='word_1_512' title='bbox 2109 685 2453 754; x_wconf 86' lang='lat' dir='ltr'><strong>turpiloquiis.</strong></span> <span class='ocrx_word' id='word_1_513' title='bbox 2481 686 2727 741; x_wconf 80' lang='lat' dir='ltr'><strong>Clericos</strong></span> <span class='ocrx_word' id='word_1_514' title='bbox 2749 683 3006 740; x_wconf 83' lang='lat' dir='ltr'><strong>scurriles</strong></span> <span class='ocrx_word' id='word_1_515' title='bbox 3023 694 3078 741; x_wconf 84' lang='lat' dir='ltr'><strong>et</strong></span> <span class='ocrx_word' id='word_1_516' title='bbox 3093 687 3269 742; x_wconf 82' lang='lat' dir='ltr'><strong>verbis</strong></span> <span class='ocrx_word' id='word_1_517' title='bbox 3299 697 3417 744; x_wconf 78' lang='lat' dir='ltr'><strong>tur-</strong></span> 
     </span>
    </p>
   </div>
   <div class='ocr_carea' id='block_1_79' title="bbox 1821 753 3434 824">
    <p class='ocr_par' dir='ltr' id='par_1_79' title="bbox 1821 753 3434 824">
     <span class='ocr_line' id='line_1_80' title="bbox 1821 753 3434 824; baseline 0.002 -17"><span class='ocrx_word' id='word_1_518' title='bbox 1821 753 1979 824; x_wconf 88' lang='lat' dir='ltr'><strong>pibus</strong></span> <span class='ocrx_word' id='word_1_519' title='bbox 2009 755 2273 824; x_wconf 79' lang='lat' dir='ltr'><strong>ioculares</strong></span> <span class='ocrx_word' id='word_1_520' title='bbox 2301 753 2366 807; x_wconf 87' lang='lat' dir='ltr'><strong>ab</strong></span> <span class='ocrx_word' id='word_1_521' title='bbox 2388 754 2567 810; x_wconf 79' lang='lat' dir='ltr'><strong>ofﬁcio</strong></span> <span class='ocrx_word' id='word_1_522' title='bbox 2594 756 2979 810; x_wconf 83' lang='lat' dir='ltr'><strong>detraliendos.</strong></span> <span class='ocrx_word' id='word_1_523' title='bbox 3426 754 3434 763; x_wconf 88' lang='grc'><strong>’</strong></span> 
     </span>
    </p>
   </div>
   <div class='ocr_carea' id='block_1_80' title="bbox 1888 823 3417 900">
    <p class='ocr_par' dir='ltr' id='par_1_80' title="bbox 1888 823 3417 900">
     <span class='ocr_line' id='line_1_81' title="bbox 1888 823 3417 900; baseline 0.005 -23"><span class='ocrx_word' id='word_1_524' title='bbox 1888 823 2089 900; x_wconf 84' lang='lat' dir='ltr'><strong>67.__De</strong></span> <span class='ocrx_word' id='word_1_525' title='bbox 2106 825 2333 900; x_wconf 77' lang='lat' dir='ltr'><strong>clericis,</strong></span> <span class='ocrx_word' id='word_1_526' title='bbox 2358 828 2515 900; x_wconf 76' lang='lat' dir='ltr'><strong>quiin</strong></span> <span class='ocrx_word' id='word_1_527' title='bbox 2542 827 2773 880; x_wconf 76' lang='lat' dir='ltr'><strong>convivio</strong></span> <span class='ocrx_word' id='word_1_528' title='bbox 2816 838 3031 880; x_wconf 85' lang='lat' dir='ltr'><strong>cantare</strong></span> <span class='ocrx_word' id='word_1_529' title='bbox 3062 843 3417 900; x_wconf 76' lang='lat' dir='ltr'><strong>praesumpse-</strong></span> 
     </span>
    </p>
   </div>
   <div class='ocr_carea' id='block_1_81' title="bbox 1819 893 3416 966">
    <p class='ocr_par' dir='ltr' id='par_1_81' title="bbox 1819 893 3416 966">
     <span class='ocr_line' id='line_1_82' title="bbox 1819 893 3416 966; baseline 0.005 -19"><span class='ocrx_word' id='word_1_530' title='bbox 1819 894 1949 966; x_wconf 77' lang='lat' dir='ltr'><strong>rint.</strong></span> <span class='ocrx_word' id='word_1_531' title='bbox 1976 893 2168 948; x_wconf 84' lang='lat' dir='ltr'><strong>Clerici</strong></span> <span class='ocrx_word' id='word_1_532' title='bbox 2193 894 2333 966; x_wconf 90' lang='lat' dir='ltr'><strong>inter</strong></span> <span class='ocrx_word' id='word_1_533' title='bbox 2360 893 2545 959; x_wconf 83' lang='lat' dir='ltr'><strong>epulas</strong></span> <span class='ocrx_word' id='word_1_534' title='bbox 2587 905 2876 950; x_wconf 86' lang='lat' dir='ltr'><strong>cantantes</strong></span> <span class='ocrx_word' id='word_1_535' title='bbox 2914 893 3260 966; x_wconf 62' lang='lat' dir='ltr'><strong>suiiradictae</strong></span> <span class='ocrx_word' id='word_1_536' title='bbox 3288 893 3416 955; x_wconf 76' lang='lat' dir='ltr'><strong>sen-</strong></span> 
     </span>
    </p>
   </div>
   <div class='ocr_carea' id='block_1_82' title="bbox 1821 964 2738 1019">
    <p class='ocr_par' dir='ltr' id='par_1_82' title="bbox 1821 964 2738 1019">
     <span class='ocr_line' id='line_1_83' title="bbox 1821 964 2738 1019; baseline -0.002 -2"><span class='ocrx_word' id='word_1_537' title='bbox 1821 964 2023 1017; x_wconf 74' lang='lat' dir='ltr'><strong>tentiae</strong></span> <span class='ocrx_word' id='word_1_538' title='bbox 2048 965 2334 1017; x_wconf 83' lang='lat' dir='ltr'><strong>severitate</strong></span> <span class='ocrx_word' id='word_1_539' title='bbox 2359 976 2738 1019; x_wconf 84' lang='lat' dir='ltr'><strong>coerceantur.</strong></span> 
     </span>
    </p>
   </div>
   <div class='ocr_carea' id='block_1_83' title="bbox 1890 1031 3417 1108">
    <p class='ocr_par' dir='ltr' id='par_1_83' title="bbox 1890 1031 3417 1108">
     <span class='ocr_line' id='line_1_84' title="bbox 1890 1031 3417 1108; baseline 0.007 -23"><span class='ocrx_word' id='word_1_540' title='bbox 1890 1032 1979 1085; x_wconf 81' lang='lat'><strong>68.</strong></span> <span class='ocrx_word' id='word_1_541' title='bbox 2013 1031 2095 1087; x_wconf 87' lang='lat' dir='ltr'><strong>Ne</strong></span> <span class='ocrx_word' id='word_1_542' title='bbox 2121 1034 2335 1108; x_wconf 75' lang='lat' dir='ltr'><strong>clericus</strong></span> <span class='ocrx_word' id='word_1_543' title='bbox 2360 1050 2453 1102; x_wconf 86' lang='lat' dir='ltr'><strong>per</strong></span> <span class='ocrx_word' id='word_1_544' title='bbox 2476 1047 2743 1108; x_wconf 84' lang='lat' dir='ltr'><strong>creaturas</strong></span> <span class='ocrx_word' id='word_1_545' title='bbox 2788 1037 2945 1108; x_wconf 81' lang='lat' dir='ltr'><strong>iuret.</strong></span> <span class='ocrx_word' id='word_1_546' title='bbox 2995 1036 3261 1092; x_wconf 83' lang='lat' dir='ltr'><strong>Clericqu</strong></span> <span class='ocrx_word' id='word_1_547' title='bbox 3317 1053 3417 1108; x_wconf 87' lang='lat' dir='ltr'><strong>per</strong></span> 
     </span>
    </p>
   </div>
   <div class='ocr_carea' id='block_1_84' title="bbox 1818 1105 3416 1179">
    <p class='ocr_par' dir='ltr' id='par_1_84' title="bbox 1818 1105 3416 1179">
     <span class='ocr_line' id='line_1_85' title="bbox 1818 1105 3416 1179; baseline 0.008 -25"><span class='ocrx_word' id='word_1_548' title='bbox 1818 1112 2097 1179; x_wconf 79' lang='lat' dir='ltr'><strong>creaturas</strong></span> <span class='ocrx_word' id='word_1_549' title='bbox 2128 1105 2392 1179; x_wconf 76' lang='lat' dir='ltr'><strong>iurantem</strong></span> <span class='ocrx_word' id='word_1_550' title='bbox 2447 1106 2709 1179; x_wconf 81' lang='lat' dir='ltr'><strong>acerrime</strong></span> <span class='ocrx_word' id='word_1_551' title='bbox 2749 1106 3183 1179; x_wconf 84' lang='lat' dir='ltr'><strong>obiurgandum;</strong></span> <span class='ocrx_word' id='word_1_552' title='bbox 3214 1109 3260 1163; x_wconf 90' lang='lat' dir='ltr'><strong>si</strong></span> <span class='ocrx_word' id='word_1_553' title='bbox 3292 1105 3416 1179; x_wconf 80' lang='lat' dir='ltr'><strong>per-</strong></span> 
     </span>
    </p>
   </div>
   <div class='ocr_carea' id='block_1_85' title="bbox 1818 1174 2901 1240">
    <p class='ocr_par' dir='ltr' id='par_1_85' title="bbox 1818 1174 2901 1240">
     <span class='ocr_line' id='line_1_86' title="bbox 1818 1174 2901 1240; baseline 0.002 -12"><span class='ocrx_word' id='word_1_554' title='bbox 1818 1174 2016 1228; x_wconf 85' lang='lat' dir='ltr'><strong>stiterit</strong></span> <span class='ocrx_word' id='word_1_555' title='bbox 2040 1176 2092 1227; x_wconf 93' lang='lat' dir='ltr'><strong>in</strong></span> <span class='ocrx_word' id='word_1_556' title='bbox 2123 1174 2277 1240; x_wconf 83' lang='lat' dir='ltr'><strong>vitio,</strong></span> <span class='ocrx_word' id='word_1_557' title='bbox 2306 1176 2901 1231; x_wconf 79' lang='lat' dir='ltr'><strong>excommunicandum.</strong></span> 
     </span>
    </p>
   </div>
   <div class='ocr_carea' id='block_1_86' title="bbox 1890 1242 3416 1317">
    <p class='ocr_par' dir='ltr' id='par_1_86' title="bbox 1890 1242 3416 1317">
     <span class='ocr_line' id='line_1_87' title="bbox 1890 1242 3416 1317; baseline 0.006 -21"><span class='ocrx_word' id='word_1_558' title='bbox 1890 1242 1978 1297; x_wconf 79' lang='lat'><strong>69.</strong></span> <span class='ocrx_word' id='word_1_559' title='bbox 2022 1242 2107 1297; x_wconf 83' lang='lat' dir='ltr'><strong>Ne</strong></span> <span class='ocrx_word' id='word_1_560' title='bbox 2136 1253 2258 1298; x_wconf 89' lang='lat' dir='ltr'><strong>ante</strong></span> <span class='ocrx_word' id='word_1_561' title='bbox 2290 1245 2472 1317; x_wconf 76' lang='lat' dir='ltr'><strong>horam</strong></span> <span class='ocrx_word' id='word_1_562' title='bbox 2501 1246 2601 1299; x_wconf 83' lang='lat' dir='ltr'><strong>diei</strong></span> <span class='ocrx_word' id='word_1_563' title='bbox 2635 1247 2841 1300; x_wconf 85' lang='lat' dir='ltr'><strong>tertiam</strong></span> <span class='ocrx_word' id='word_1_564' title='bbox 2868 1249 2984 1317; x_wconf 88' lang='lat' dir='ltr'><strong>quis</strong></span> <span class='ocrx_word' id='word_1_565' title='bbox 3018 1248 3089 1301; x_wconf 85' lang='lat' dir='ltr'><strong>ad</strong></span> <span class='ocrx_word' id='word_1_566' title='bbox 3130 1248 3416 1305; x_wconf 80' lang='lat' dir='ltr'><strong>convivium</strong></span> 
     </span>
    </p>
   </div>
   <div class='ocr_carea' id='block_1_87' title="bbox 1821 1313 3416 1387">
    <p class='ocr_par' dir='ltr' id='par_1_87' title="bbox 1821 1313 3416 1387">
     <span class='ocr_line' id='line_1_88' title="bbox 1821 1313 3416 1387; baseline 0.004 -20"><span class='ocrx_word' id='word_1_567' title='bbox 1821 1323 1999 1387; x_wconf 79' lang='lat' dir='ltr'><strong>pergat</strong></span> <span class='ocrx_word' id='word_1_568' title='bbox 2027 1327 2271 1387; x_wconf 76' lang='lat' dir='ltr'><strong>necante</strong></span> <span class='ocrx_word' id='word_1_569' title='bbox 2310 1313 2711 1387; x_wconf 79' lang='lat' dir='ltr'><strong>benedictionem</strong></span> <span class='ocrx_word' id='word_1_570' title='bbox 2756 1313 3055 1372; x_wconf 74' lang='lat' dir='ltr'><strong>manducet.</strong></span> <span class='ocrx_word' id='word_1_571' title='bbox 3102 1320 3217 1373; x_wconf 83' lang='lat' dir='ltr'><strong>Non</strong></span> <span class='ocrx_word' id='word_1_572' title='bbox 3253 1335 3416 1387; x_wconf 91' lang='lat' dir='ltr'><strong>opor-</strong></span> 
     </span>
    </p>
   </div>
   <div class='ocr_carea' id='block_1_88' title="bbox 1822 1384 3411 1453">
    <p class='ocr_par' dir='ltr' id='par_1_88' title="bbox 1822 1384 3411 1453">
     <span class='ocr_line' id='line_1_89' title="bbox 1822 1384 3411 1453; baseline 0.004 -15"><span class='ocrx_word' id='word_1_573' title='bbox 1822 1384 1939 1439; x_wconf 87' lang='lat' dir='ltr'><strong>tere</strong></span> <span class='ocrx_word' id='word_1_574' title='bbox 1963 1384 1983 1413; x_wconf 82' lang='grc'><strong>⁶</strong></span> <span class='ocrx_word' id='word_1_575' title='bbox 2006 1385 2231 1440; x_wconf 90' lang='lat' dir='ltr'><strong>clericos</strong></span> <span class='ocrx_word' id='word_1_576' title='bbox 2250 1388 2329 1445; x_wconf 65' lang='lat' dir='ltr'><strong>vel</strong></span> <span class='ocrx_word' id='word_1_577' title='bbox 2351 1386 2517 1439; x_wconf 85' lang='lat' dir='ltr'><strong>laicos</strong></span> <span class='ocrx_word' id='word_1_578' title='bbox 2541 1387 2821 1453; x_wconf 87' lang='lat' dir='ltr'><strong>religiosos</strong></span> <span class='ocrx_word' id='word_1_579' title='bbox 2845 1396 2970 1441; x_wconf 88' lang='lat' dir='ltr'><strong>ante</strong></span> <span class='ocrx_word' id='word_1_580' title='bbox 2994 1404 3203 1443; x_wconf 85' lang='lat' dir='ltr'><strong>sacram</strong></span> <span class='ocrx_word' id='word_1_581' title='bbox 3221 1384 3411 1444; x_wconf 84' lang='lat' dir='ltr'><strong>horam</strong></span> 
     </span>
    </p>
   </div>
   <div class='ocr_carea' id='block_1_89' title="bbox 1819 1454 3416 1525">
    <p class='ocr_par' dir='ltr' id='par_1_89' title="bbox 1819 1454 3416 1525">
     <span class='ocr_line' id='line_1_90' title="bbox 1819 1454 3416 1525; baseline 0.005 -17"><span class='ocrx_word' id='word_1_582' title='bbox 1819 1454 1923 1508; x_wconf 89' lang='lat' dir='ltr'><strong>diei</strong></span> <span class='ocrx_word' id='word_1_583' title='bbox 1956 1455 2167 1508; x_wconf 79' lang='lat' dir='ltr'><strong>tertiam</strong></span> <span class='ocrx_word' id='word_1_584' title='bbox 2201 1455 2334 1508; x_wconf 87' lang='lat' dir='ltr'><strong>inire</strong></span> <span class='ocrx_word' id='word_1_585' title='bbox 2360 1457 2628 1520; x_wconf 79' lang='lat' dir='ltr'><strong>convivia,</strong></span> <span class='ocrx_word' id='word_1_586' title='bbox 2670 1472 2846 1524; x_wconf 85' lang='lat' dir='ltr'><strong>neque</strong></span> <span class='ocrx_word' id='word_1_587' title='bbox 2874 1457 3161 1525; x_wconf 80' lang='lat' dir='ltr'><strong>aliquando</strong></span> <span class='ocrx_word' id='word_1_588' title='bbox 3191 1460 3416 1516; x_wconf 76' lang='lat' dir='ltr'><strong>clericos</strong></span> 
     </span>
    </p>
   </div>
   <div class='ocr_carea' id='block_1_90' title="bbox 1822 1525 3415 1598">
    <p class='ocr_par' dir='ltr' id='par_1_90' title="bbox 1822 1525 3415 1598">
     <span class='ocr_line' id='line_1_91' title="bbox 1822 1525 3415 1598; baseline 0.005 -21"><span class='ocrx_word' id='word_1_589' title='bbox 1822 1525 1923 1577; x_wconf 90' lang='lat' dir='ltr'><strong>nisi</strong></span> <span class='ocrx_word' id='word_1_590' title='bbox 1948 1526 2312 1598; x_wconf 27' lang='lat' dir='ltr'><strong>liym‘nodicto</strong></span> <span class='ocrx_word' id='word_1_591' title='bbox 2340 1525 2501 1579; x_wconf 87' lang='lat' dir='ltr'><strong>edere</strong></span> <span class='ocrx_word' id='word_1_592' title='bbox 2525 1542 2742 1596; x_wconf 87' lang='lat' dir='ltr'><strong>panem,</strong></span> <span class='ocrx_word' id='word_1_593' title='bbox 2773 1534 2829 1581; x_wconf 90' lang='lat' dir='ltr'><strong>et</strong></span> <span class='ocrx_word' id='word_1_594' title='bbox 2868 1536 2990 1597; x_wconf 79' lang='lat' dir='ltr'><strong>pest</strong></span> <span class='ocrx_word' id='word_1_595' title='bbox 3016 1529 3167 1583; x_wconf 90' lang='lat' dir='ltr'><strong>cibos</strong></span> <span class='ocrx_word' id='word_1_596' title='bbox 3212 1530 3415 1598; x_wconf 81' lang='lat' dir='ltr'><strong>gratias</strong></span> 
     </span>
    </p>
   </div>
   <div class='ocr_carea' id='block_1_91' title="bbox 1818 1595 2423 1649">
    <p class='ocr_par' dir='ltr' id='par_1_91' title="bbox 1818 1595 2423 1649">
     <span class='ocr_line' id='line_1_92' title="bbox 1818 1595 2423 1649; baseline 0 -2"><span class='ocrx_word' id='word_1_597' title='bbox 1818 1597 2026 1648; x_wconf 85' lang='lat' dir='ltr'><strong>auctori</strong></span> <span class='ocrx_word' id='word_1_598' title='bbox 2063 1595 2171 1649; x_wconf 89' lang='lat' dir='ltr'><strong>Deo</strong></span> <span class='ocrx_word' id='word_1_599' title='bbox 2202 1598 2423 1648; x_wconf 58' lang='lat' dir='ltr'><strong>referre.</strong></span> 
     </span>
    </p>
   </div>
   <div class='ocr_carea' id='block_1_92' title="bbox 1871 1664 3415 1739">
    <p class='ocr_par' dir='ltr' id='par_1_92' title="bbox 1871 1664 3415 1739">
     <span class='ocr_line' id='line_1_93' title="bbox 1871 1664 3415 1739; baseline 0.005 -21"><span class='ocrx_word' id='word_1_600' title='bbox 2010 1666 2076 1720; x_wconf 79' lang='lat' dir='ltr'><strong>Ut</strong></span> <span class='ocrx_word' id='word_1_601' title='bbox 2116 1664 2386 1739; x_wconf 85' lang='lat' dir='ltr'><strong>presbiter,</strong></span> <span class='ocrx_word' id='word_1_602' title='bbox 2439 1667 2484 1719; x_wconf 88' lang='lat' dir='ltr'><strong>si</strong></span> <span class='ocrx_word' id='word_1_603' title='bbox 2512 1666 2827 1739; x_wconf 54' lang='lat' dir='ltr'><strong>inconsulto</strong></span> <span class='ocrx_word' id='word_1_604' title='bbox 2869 1668 3111 1738; x_wconf 86' lang='lat' dir='ltr'><strong>episcopo</strong></span> <span class='ocrx_word' id='word_1_605' title='bbox 3158 1670 3415 1739; x_wconf 83' lang='lat' dir='ltr'><strong>agendam</strong></span> 
     </span>
    </p>
   </div>
   <div class='ocr_carea' id='block_1_93' title="bbox 1819 1735 3414 1811">
    <p class='ocr_par' dir='ltr' id='par_1_93' title="bbox 1819 1735 3414 1811">
     <span class='ocr_line' id='line_1_94' title="bbox 1819 1735 3414 1811; baseline 0.004 -23"><span class='ocrx_word' id='word_1_606' title='bbox 1819 1735 2168 1811; x_wconf 71' lang='lat' dir='ltr'><strong>celebraverit.</strong></span> <span class='ocrx_word' id='word_1_607' title='bbox 2201 1738 2398 1811; x_wconf 74' lang='lat' dir='ltr'><strong>[tonare</strong></span> <span class='ocrx_word' id='word_1_608' title='bbox 2441 1737 2687 1811; x_wconf 68' lang='lat' dir='ltr'><strong>privetur.</strong></span> <span class='ocrx_word' id='word_1_609' title='bbox 2725 1735 2810 1790; x_wconf 75' lang='lat' dir='ltr'><strong>Ex</strong></span> <span class='ocrx_word' id='word_1_610' title='bbox 2847 1735 3069 1811; x_wconf 76' lang='lat' dir='ltr'><strong>concilio</strong></span> <span class='ocrx_word' id='word_1_611' title='bbox 3094 1735 3414 1811; x_wconf 60' lang='lat' dir='ltr'><strong>Caﬁaginis.</strong></span> 
     </span>
    </p>
   </div>
   <div class='ocr_carea' id='block_1_94' title="bbox 1824 1805 3418 1879">
    <p class='ocr_par' dir='ltr' id='par_1_94' title="bbox 1824 1805 3418 1879">
     <span class='ocr_line' id='line_1_95' title="bbox 1824 1805 3418 1879; baseline -0.002 -19"><span class='ocrx_word' id='word_1_612' title='bbox 1824 1805 2826 1879; x_wconf 63' lang='lat' dir='ltr'><strong>NumidiusepiscopusMassilitanus</strong></span> <span class='ocrx_word' id='word_1_613' title='bbox 2876 1809 2899 1879; x_wconf 48' lang='grc' dir='ltr'><strong>’ἦ</strong></span> <span class='ocrx_word' id='word_1_614' title='bbox 2946 1809 3130 1862; x_wconf 82' lang='lat' dir='ltr'><strong>dixit:</strong></span> <span class='ocrx_word' id='word_1_615' title='bbox 3186 1805 3418 1879; x_wconf 61' lang='lat' dir='ltr'><strong>ln&#39;qui.</strong></span> 
     </span>
    </p>
   </div>
   <div class='ocr_carea' id='block_1_95' title="bbox 1823 1876 3419 1948">
    <p class='ocr_par' dir='ltr' id='par_1_95' title="bbox 1823 1876 3419 1948">
     <span class='ocr_line' id='line_1_96' title="bbox 1823 1876 3419 1948; baseline 0.004 -18"><span class='ocrx_word' id='word_1_616' title='bbox 1823 1876 2047 1948; x_wconf 79' lang='lat' dir='ltr'><strong>busdam</strong></span> <span class='ocrx_word' id='word_1_617' title='bbox 2098 1878 2230 1931; x_wconf 91' lang='lat' dir='ltr'><strong>locis</strong></span> <span class='ocrx_word' id='word_1_618' title='bbox 2274 1887 2401 1931; x_wconf 91' lang='lat' dir='ltr'><strong>sunt</strong></span> <span class='ocrx_word' id='word_1_619' title='bbox 2454 1876 2769 1947; x_wconf 90' lang='lat' dir='ltr'><strong>presbiteri,</strong></span> <span class='ocrx_word' id='word_1_620' title='bbox 2813 1877 2905 1947; x_wconf 90' lang='lat' dir='ltr'><strong>qui</strong></span> <span class='ocrx_word' id='word_1_621' title='bbox 2953 1887 3048 1934; x_wconf 90' lang='lat' dir='ltr'><strong>aut</strong></span> <span class='ocrx_word' id='word_1_622' title='bbox 3101 1876 3419 1948; x_wconf 84' lang='lat' dir='ltr'><strong>ignorantes</strong></span> 
     </span>
    </p>
   </div>
   <div class='ocr_carea' id='block_1_96' title="bbox 1817 1946 3420 2019">
    <p class='ocr_par' dir='ltr' id='par_1_96' title="bbox 1817 1946 3420 2019">
     <span class='ocr_line' id='line_1_97' title="bbox 1817 1946 3420 2019; baseline 0.006 -21"><span class='ocrx_word' id='word_1_623' title='bbox 1817 1946 2138 2019; x_wconf 75' lang='lat' dir='ltr'><strong>simpliciter</strong></span> <span class='ocrx_word' id='word_1_624' title='bbox 2164 1956 2258 2019; x_wconf 87' lang='lat' dir='ltr'><strong>aut</strong></span> <span class='ocrx_word' id='word_1_625' title='bbox 2305 1946 2709 2003; x_wconf 87' lang='lat' dir='ltr'><strong>dissimulantes</strong></span> <span class='ocrx_word' id='word_1_626' title='bbox 2739 1946 2999 2019; x_wconf 87' lang='lat' dir='ltr'><strong>audacter</strong></span> <span class='ocrx_word' id='word_1_627' title='bbox 3044 1946 3333 2019; x_wconf 80' lang='lat' dir='ltr'><strong>praesente</strong></span> <span class='ocrx_word' id='word_1_628' title='bbox 3363 1960 3420 2008; x_wconf 88' lang='lat' dir='ltr'><strong>et</strong></span> 
     </span>
    </p>
   </div>
   <div class='ocr_carea' id='block_1_97' title="bbox 1821 2016 3418 2100">
    <p class='ocr_par' dir='ltr' id='par_1_97' title="bbox 1821 2016 3418 2100">
     <span class='ocr_line' id='line_1_98' title="bbox 1821 2016 3418 2100; baseline 0.006 -30"><span class='ocrx_word' id='word_1_629' title='bbox 1821 2016 2127 2100; x_wconf 79' lang='lat' dir='ltr'><strong>inconsulto</strong></span> <span class='ocrx_word' id='word_1_630' title='bbox 2174 2018 2433 2100; x_wconf 66' lang='lat' dir='ltr'><strong>episcopo</strong></span> <span class='ocrx_word' id='word_1_631' title='bbox 2485 2033 2608 2100; x_wconf 60' lang='lat'><strong>(:11!!!</strong></span> <span class='ocrx_word' id='word_1_632' title='bbox 2666 2018 2975 2100; x_wconf 63' lang='lat' dir='ltr'><strong>pluribus&quot;</strong></span> <span class='ocrx_word' id='word_1_633' title='bbox 3023 2016 3077 2073; x_wconf 81' lang='lat' dir='ltr'><strong>iii</strong></span> <span class='ocrx_word' id='word_1_634' title='bbox 3127 2020 3418 2079; x_wconf 89' lang='lat' dir='ltr'><strong>domiciliis</strong></span> 
     </span>
    </p>
   </div>
   <div class='ocr_carea' id='block_1_98' title="bbox 1818 2087 3420 2158">
    <p class='ocr_par' dir='ltr' id='par_1_98' title="bbox 1818 2087 3420 2158">
     <span class='ocr_line' id='line_1_99' title="bbox 1818 2087 3420 2158; baseline 0.006 -19"><span class='ocrx_word' id='word_1_635' title='bbox 1818 2094 1984 2155; x_wconf 84' lang='lat' dir='ltr'><strong>agunt</strong></span> <span class='ocrx_word' id='word_1_636' title='bbox 2026 2088 2309 2153; x_wconf 80' lang='lat' dir='ltr'><strong>agendam.</strong></span> <span class='ocrx_word' id='word_1_637' title='bbox 2362 2087 2514 2153; x_wconf 86' lang='lat' dir='ltr'><strong>Quod</strong></span> <span class='ocrx_word' id='word_1_638' title='bbox 2557 2087 2873 2157; x_wconf 89' lang='lat' dir='ltr'><strong>disciplinae</strong></span> <span class='ocrx_word' id='word_1_639' title='bbox 2916 2090 3269 2158; x_wconf 74' lang='lat' dir='ltr'><strong>incongruum</strong></span> <span class='ocrx_word' id='word_1_640' title='bbox 3296 2107 3420 2149; x_wconf 85' lang='lat' dir='ltr'><strong>esse</strong></span> 
     </span>
    </p>
   </div>
   <div class='ocr_carea' id='block_1_99' title="bbox 1819 2158 3414 2228">
    <p class='ocr_par' dir='ltr' id='par_1_99' title="bbox 1819 2158 3414 2228">
     <span class='ocr_line' id='line_1_100' title="bbox 1819 2158 3414 2228; baseline 0.008 -22"><span class='ocrx_word' id='word_1_641' title='bbox 1819 2158 2101 2228; x_wconf 60' lang='lat' dir='ltr'><strong>cognoscit</strong></span> <span class='ocrx_word' id='word_1_642' title='bbox 2120 2158 2381 2212; x_wconf 82' lang='lat' dir='ltr'><strong>sanctitas</strong></span> <span class='ocrx_word' id='word_1_643' title='bbox 2411 2164 2611 2212; x_wconf 84' lang='lat' dir='ltr'><strong>vestra.</strong></span> <span class='ocrx_word' id='word_1_644' title='bbox 2636 2159 2877 2213; x_wconf 81' lang='lat' dir='ltr'><strong>Genilius</strong></span> <span class='ocrx_word' id='word_1_645' title='bbox 2899 2162 3184 2228; x_wconf 88' lang='lat' dir='ltr'><strong>episcopus</strong></span> <span class='ocrx_word' id='word_1_646' title='bbox 3228 2159 3368 2218; x_wconf 84' lang='lat' dir='ltr'><strong>dixit</strong></span> <span class='ocrx_word' id='word_1_647' title='bbox 3398 2180 3414 2218; x_wconf 94' lang='lat'><strong>:</strong></span> 
     </span>
    </p>
   </div>
   <div class='ocr_carea' id='block_1_100' title="bbox 1821 2225 3418 2298">
    <p class='ocr_par' dir='ltr' id='par_1_100' title="bbox 1821 2225 3418 2298">
     <span class='ocr_line' id='line_1_101' title="bbox 1821 2225 3418 2298; baseline 0.005 -18"><span class='ocrx_word' id='word_1_648' title='bbox 1821 2225 2040 2281; x_wconf 55' lang='lat' dir='ltr'><strong>Fratres</strong></span> <span class='ocrx_word' id='word_1_649' title='bbox 2068 2238 2122 2282; x_wconf 90' lang='lat' dir='ltr'><strong>et</strong></span> <span class='ocrx_word' id='word_1_650' title='bbox 2144 2228 2452 2297; x_wconf 90' lang='lat' dir='ltr'><strong>coepiscopi</strong></span> <span class='ocrx_word' id='word_1_651' title='bbox 2498 2229 2667 2282; x_wconf 89' lang='lat' dir='ltr'><strong>nostri</strong></span> <span class='ocrx_word' id='word_1_652' title='bbox 2698 2229 2889 2297; x_wconf 83' lang='lat' dir='ltr'><strong>dignae</strong></span> <span class='ocrx_word' id='word_1_653' title='bbox 2929 2225 3258 2298; x_wconf 77' lang='lat' dir='ltr'><strong>suggestioni</strong></span> <span class='ocrx_word' id='word_1_654' title='bbox 3289 2240 3418 2289; x_wconf 87' lang='lat' dir='ltr'><strong>tuae</strong></span> 
     </span>
    </p>
   </div>
   <div class='ocr_carea' id='block_1_101' title="bbox 1821 2298 3417 2366">
    <p class='ocr_par' dir='ltr' id='par_1_101' title="bbox 1821 2298 3417 2366">
     <span class='ocr_line' id='line_1_102' title="bbox 1821 2298 3417 2366; baseline 0.005 -16"><span class='ocrx_word' id='word_1_655' title='bbox 1821 2298 2151 2364; x_wconf 58' lang='lat' dir='ltr'><strong>restiondere</strong></span> <span class='ocrx_word' id='word_1_656' title='bbox 2193 2309 2413 2366; x_wconf 89' lang='lat' dir='ltr'><strong>propter</strong></span> <span class='ocrx_word' id='word_1_657' title='bbox 2454 2298 2810 2365; x_wconf 83' lang='lat' dir='ltr'><strong>ignorantiam</strong></span> <span class='ocrx_word' id='word_1_658' title='bbox 2865 2316 2970 2354; x_wconf 92' lang='lat' dir='ltr'><strong>non</strong></span> <span class='ocrx_word' id='word_1_659' title='bbox 3004 2312 3304 2355; x_wconf 85' lang='lat' dir='ltr'><strong>morantur.</strong></span> <span class='ocrx_word' id='word_1_660' title='bbox 3338 2304 3417 2359; x_wconf 79' lang='lat' dir='ltr'><strong>Ab</strong></span> 
     </span>
    </p>
   </div>
   <div class='ocr_carea' id='block_1_102' title="bbox 1823 2368 3418 2440">
    <p class='ocr_par' dir='ltr' id='par_1_102' title="bbox 1823 2368 3418 2440">
     <span class='ocr_line' id='line_1_103' title="bbox 1823 2368 3418 2440; baseline 0.005 -20"><span class='ocrx_word' id='word_1_661' title='bbox 1823 2369 2085 2440; x_wconf 62' lang='lat' dir='ltr'><strong>universis</strong></span> <span class='ocrx_word' id='word_1_662' title='bbox 2134 2368 2403 2440; x_wconf 82' lang='lat' dir='ltr'><strong>episcopis</strong></span> <span class='ocrx_word' id='word_1_663' title='bbox 2448 2370 2647 2422; x_wconf 91' lang='lat' dir='ltr'><strong>dictum</strong></span> <span class='ocrx_word' id='word_1_664' title='bbox 2698 2379 2781 2424; x_wconf 87' lang='lat' dir='ltr'><strong>est</strong></span> <span class='ocrx_word' id='word_1_665' title='bbox 2814 2387 2827 2424; x_wconf 88' lang='lat'><strong>:</strong></span> <span class='ocrx_word' id='word_1_666' title='bbox 2857 2369 3112 2438; x_wconf 85' lang='lat' dir='ltr'><strong>Quisquis</strong></span> <span class='ocrx_word' id='word_1_667' title='bbox 3153 2374 3418 2440; x_wconf 77' lang='lat' dir='ltr'><strong>presbiter</strong></span> 
     </span>
    </p>
   </div>
   <div class='ocr_carea' id='block_1_103' title="bbox 1825 2438 3415 2509">
    <p class='ocr_par' dir='ltr' id='par_1_103' title="bbox 1825 2438 3415 2509">
     <span class='ocr_line' id='line_1_104' title="bbox 1825 2438 3415 2509; baseline 0.006 -19"><span class='ocrx_word' id='word_1_668' title='bbox 1825 2438 2129 2493; x_wconf 75' lang='lat' dir='ltr'><strong>inconsulto</strong></span> <span class='ocrx_word' id='word_1_669' title='bbox 2156 2439 2413 2509; x_wconf 89' lang='lat' dir='ltr'><strong>episcopo</strong></span> <span class='ocrx_word' id='word_1_670' title='bbox 2439 2440 2697 2507; x_wconf 85' lang='lat' dir='ltr'><strong>agendam</strong></span> <span class='ocrx_word' id='word_1_671' title='bbox 2724 2440 2775 2493; x_wconf 91' lang='lat' dir='ltr'><strong>in</strong></span> <span class='ocrx_word' id='word_1_672' title='bbox 2809 2440 3047 2509; x_wconf 88' lang='lat' dir='ltr'><strong>quolibet</strong></span> <span class='ocrx_word' id='word_1_673' title='bbox 3075 2438 3195 2495; x_wconf 79' lang='lat' dir='ltr'><strong>loco</strong></span> <span class='ocrx_word' id='word_1_674' title='bbox 3225 2442 3415 2499; x_wconf 81' lang='lat' dir='ltr'><strong>volue-</strong></span> 
     </span>
    </p>
   </div>
   <div class='ocr_carea' id='block_1_104' title="bbox 1822 2508 3276 2573">
    <p class='ocr_par' dir='ltr' id='par_1_104' title="bbox 1822 2508 3276 2573">
     <span class='ocr_line' id='line_1_105' title="bbox 1822 2508 3276 2573; baseline 0.003 -11"><span class='ocrx_word' id='word_1_675' title='bbox 1822 2508 1891 2562; x_wconf 88' lang='lat' dir='ltr'><strong>rit</strong></span> <span class='ocrx_word' id='word_1_676' title='bbox 1913 2508 2210 2571; x_wconf 77' lang='lat' dir='ltr'><strong>cclebrare,</strong></span> <span class='ocrx_word' id='word_1_677' title='bbox 2235 2508 2351 2573; x_wconf 88' lang='lat' dir='ltr'><strong>ipse</strong></span> <span class='ocrx_word' id='word_1_678' title='bbox 2376 2508 2567 2562; x_wconf 89' lang='lat' dir='ltr'><strong>honori</strong></span> <span class='ocrx_word' id='word_1_679' title='bbox 2600 2524 2698 2563; x_wconf 90' lang='lat' dir='ltr'><strong>suo</strong></span> <span class='ocrx_word' id='word_1_680' title='bbox 2746 2508 3047 2566; x_wconf 83' lang='lat' dir='ltr'><strong>contrarius</strong></span> <span class='ocrx_word' id='word_1_681' title='bbox 3076 2512 3276 2566; x_wconf 76' lang='lat' dir='ltr'><strong>exisdt.</strong></span> 
     </span>
    </p>
   </div>
   <div class='ocr_carea' id='block_1_105' title="bbox 1899 2576 3418 2650">
    <p class='ocr_par' dir='ltr' id='par_1_105' title="bbox 1899 2576 3418 2650">
     <span class='ocr_line' id='line_1_106' title="bbox 1899 2576 3418 2650; baseline 0.01 -24"><span class='ocrx_word' id='word_1_682' title='bbox 1899 2576 2101 2650; x_wconf 8' lang='lat' dir='ltr'><strong>71.7Ne</strong></span> <span class='ocrx_word' id='word_1_683' title='bbox 2127 2578 2379 2650; x_wconf 64' lang='lat' dir='ltr'><strong>presbiter</strong></span> <span class='ocrx_word' id='word_1_684' title='bbox 2430 2579 2833 2650; x_wconf 86' lang='lat' dir='ltr'><strong>benedictionem</strong></span> <span class='ocrx_word' id='word_1_685' title='bbox 2860 2582 2937 2635; x_wconf 88' lang='lat' dir='ltr'><strong>vel</strong></span> <span class='ocrx_word' id='word_1_686' title='bbox 2969 2583 3335 2647; x_wconf 84' lang='lat' dir='ltr'><strong>paenitentiam</strong></span> <span class='ocrx_word' id='word_1_687' title='bbox 3360 2585 3418 2640; x_wconf 79' lang='lat' dir='ltr'><strong>in</strong></span> 
     </span>
    </p>
   </div>
   <div class='ocr_carea' id='block_1_106' title="bbox 1823 2649 3418 2723">
    <p class='ocr_par' dir='ltr' id='par_1_106' title="bbox 1823 2649 3418 2723">
     <span class='ocr_line' id='line_1_107' title="bbox 1823 2649 3418 2723; baseline 0.005 -22"><span class='ocrx_word' id='word_1_688' title='bbox 1823 2649 2039 2723; x_wconf 79' lang='lat' dir='ltr'><strong>ecclesia</strong></span> <span class='ocrx_word' id='word_1_689' title='bbox 2067 2649 2195 2723; x_wconf 69' lang='lat' dir='ltr'><strong>dare</strong></span> <span class='ocrx_word' id='word_1_690' title='bbox 2222 2659 2538 2723; x_wconf 65' lang='lat' dir='ltr'><strong>praesumat.</strong></span> <span class='ocrx_word' id='word_1_691' title='bbox 2596 2649 3036 2706; x_wconf 88' lang='lat' dir='ltr'><strong>Benedictionem</strong></span> <span class='ocrx_word' id='word_1_692' title='bbox 3087 2668 3252 2721; x_wconf 91' lang='lat' dir='ltr'><strong>super</strong></span> <span class='ocrx_word' id='word_1_693' title='bbox 3299 2656 3418 2723; x_wconf 78' lang='lat' dir='ltr'><strong>ple-</strong></span> 
     </span>
    </p>
   </div>
   <div class='ocr_carea' id='block_1_107' title="bbox 1825 2719 3419 2791">
    <p class='ocr_par' dir='ltr' id='par_1_107' title="bbox 1825 2719 3419 2791">
     <span class='ocr_line' id='line_1_108' title="bbox 1825 2719 3419 2791; baseline 0.004 -18"><span class='ocrx_word' id='word_1_694' title='bbox 1825 2719 1947 2773; x_wconf 87' lang='lat' dir='ltr'><strong>hem</strong></span> <span class='ocrx_word' id='word_1_695' title='bbox 1980 2721 2031 2772; x_wconf 91' lang='lat' dir='ltr'><strong>in</strong></span> <span class='ocrx_word' id='word_1_696' title='bbox 2062 2720 2291 2774; x_wconf 76' lang='lat' dir='ltr'><strong>ecclesia</strong></span> <span class='ocrx_word' id='word_1_697' title='bbox 2321 2721 2545 2775; x_wconf 82' lang='lat' dir='ltr'><strong>tundere</strong></span> <span class='ocrx_word' id='word_1_698' title='bbox 2565 2729 2657 2774; x_wconf 88' lang='lat' dir='ltr'><strong>aut</strong></span> <span class='ocrx_word' id='word_1_699' title='bbox 2687 2722 3053 2791; x_wconf 86' lang='lat' dir='ltr'><strong>poenitentein</strong></span> <span class='ocrx_word' id='word_1_700' title='bbox 3086 2719 3419 2781; x_wconf 52' lang='lat' dir='ltr'><strong>in&#39;eccl&#39;esia</strong></span> 
     </span>
    </p>
   </div>
   <div class='ocr_carea' id='block_1_108' title="bbox 1826 2790 3094 2872">
    <p class='ocr_par' dir='ltr' id='par_1_108' title="bbox 1826 2790 3094 2872">
     <span class='ocr_line' id='line_1_109' title="bbox 1826 2790 3094 2872; baseline 0 -28"><span class='ocrx_word' id='word_1_701' title='bbox 1826 2791 2144 2872; x_wconf 64' lang='lat' dir='ltr'><strong>benedicere</strong></span> <span class='ocrx_word' id='word_1_702' title='bbox 2180 2791 2740 2872; x_wconf 45' lang='lat' dir='ltr'><strong>presbiteronpenitus.</strong></span> <span class='ocrx_word' id='word_1_703' title='bbox 2751 2806 2871 2872; x_wconf 83' lang='lat' dir='ltr'><strong>_non_</strong></span> <span class='ocrx_word' id='word_1_704' title='bbox 2893 2790 3094 2872; x_wconf 68' lang='lat' dir='ltr'><strong>licebit.</strong></span> 
     </span>
    </p>
   </div>
   <div class='ocr_carea' id='block_1_109' title="bbox 1901 2859 3417 2931">
    <p class='ocr_par' dir='ltr' id='par_1_109' title="bbox 1901 2859 3417 2931">
     <span class='ocr_line' id='line_1_110' title="bbox 1901 2859 3417 2931; baseline 0.005 -19"><span class='ocrx_word' id='word_1_705' title='bbox 1901 2859 1987 2913; x_wconf 71' lang='lat'><strong>7&#39;2.</strong></span> <span class='ocrx_word' id='word_1_706' title='bbox 2018 2859 2224 2914; x_wconf 79' lang='lat' dir='ltr'><strong>Iudicio</strong></span> <span class='ocrx_word' id='word_1_707' title='bbox 2250 2859 2598 2915; x_wconf 82' lang='lat' dir='ltr'><strong>multitudinis</strong></span> <span class='ocrx_word' id='word_1_708' title='bbox 2643 2861 2998 2916; x_wconf 86' lang='lat' dir='ltr'><strong>ordinationes</strong></span> <span class='ocrx_word' id='word_1_709' title='bbox 3022 2863 3140 2931; x_wconf 82' lang='lat' dir='ltr'><strong>ﬁeri</strong></span> <span class='ocrx_word' id='word_1_710' title='bbox 3168 2879 3271 2917; x_wconf 87' lang='lat' dir='ltr'><strong>non</strong></span> <span class='ocrx_word' id='word_1_711' title='bbox 3324 2865 3417 2920; x_wconf 82' lang='lat' dir='ltr'><strong>de-</strong></span> 
     </span>
    </p>
   </div>
   <div class='ocr_carea' id='block_1_110' title="bbox 1826 2931 3421 3000">
    <p class='ocr_par' dir='ltr' id='par_1_110' title="bbox 1826 2931 3421 3000">
     <span class='ocr_line' id='line_1_111' title="bbox 1826 2931 3421 3000; baseline 0.004 -15"><span class='ocrx_word' id='word_1_712' title='bbox 1826 2931 1962 2985; x_wconf 86' lang='lat' dir='ltr'><strong>bere.</strong></span> <span class='ocrx_word' id='word_1_713' title='bbox 1995 2932 2150 2996; x_wconf 74' lang='lat' dir='ltr'><strong>Quod</strong></span> <span class='ocrx_word' id='word_1_714' title='bbox 2191 2945 2297 2985; x_wconf 91' lang='lat' dir='ltr'><strong>non</strong></span> <span class='ocrx_word' id='word_1_715' title='bbox 2329 2933 2401 2985; x_wconf 90' lang='lat' dir='ltr'><strong>sit</strong></span> <span class='ocrx_word' id='word_1_716' title='bbox 2440 2931 2858 3000; x_wconf 87' lang='lat' dir='ltr'><strong>permittendum</strong></span> <span class='ocrx_word' id='word_1_717' title='bbox 2901 2934 3071 2987; x_wconf 84' lang='lat' dir='ltr'><strong>turbis</strong></span> <span class='ocrx_word' id='word_1_718' title='bbox 3124 2934 3421 2991; x_wconf 60' lang='lat' dir='ltr'><strong>electiones</strong></span> 
     </span>
    </p>
   </div>
   <div class='ocr_carea' id='block_1_111' title="bbox 1827 3000 3415 3072">
    <p class='ocr_par' dir='ltr' id='par_1_111' title="bbox 1827 3000 3415 3072">
     <span class='ocr_line' id='line_1_112' title="bbox 1827 3000 3415 3072; baseline 0.001 -17"><span class='ocrx_word' id='word_1_719' title='bbox 1827 3017 2016 3055; x_wconf 77' lang='lat' dir='ltr'><strong>eorum</strong></span> <span class='ocrx_word' id='word_1_720' title='bbox 2050 3000 2250 3065; x_wconf 79' lang='lat' dir='ltr'><strong>facere,</strong></span> <span class='ocrx_word' id='word_1_721' title='bbox 2277 3001 2368 3069; x_wconf 89' lang='lat' dir='ltr'><strong>qui</strong></span> <span class='ocrx_word' id='word_1_722' title='bbox 2394 3009 2522 3056; x_wconf 89' lang='lat' dir='ltr'><strong>sunt</strong></span> <span class='ocrx_word' id='word_1_723' title='bbox 2542 3004 2609 3055; x_wconf 91' lang='lat' dir='ltr'><strong>ad</strong></span> <span class='ocrx_word' id='word_1_724' title='bbox 2651 3001 3010 3056; x_wconf 83' lang='lat' dir='ltr'><strong>sacezdotium</strong></span> <span class='ocrx_word' id='word_1_725' title='bbox 3058 3006 3415 3072; x_wconf 81' lang='lat' dir='ltr'><strong>proveliendi.</strong></span> 
     </span>
    </p>
   </div>
   <div class='ocr_carea' id='block_1_112' title="bbox 1899 3094 3420 3167">
    <p class='ocr_par' dir='ltr' id='par_1_112' title="bbox 1899 3094 3420 3167">
     <span class='ocr_line' id='line_1_113' title="bbox 1899 3094 3420 3167; baseline 0.004 -20"><span class='ocrx_word' id='word_1_726' title='bbox 1899 3095 1985 3150; x_wconf 78' lang='lat'><strong>73.</strong></span> <span class='ocrx_word' id='word_1_727' title='bbox 2029 3094 2089 3167; x_wconf 78' lang='lat' dir='ltr'><strong>Si</strong></span> <span class='ocrx_word' id='word_1_728' title='bbox 2118 3095 2207 3166; x_wconf 88' lang='lat' dir='ltr'><strong>qui</strong></span> <span class='ocrx_word' id='word_1_729' title='bbox 2241 3095 2415 3167; x_wconf 84' lang='lat' dir='ltr'><strong>clerici</strong></span> <span class='ocrx_word' id='word_1_730' title='bbox 2443 3095 2507 3148; x_wconf 89' lang='lat' dir='ltr'><strong>ab</strong></span> <span class='ocrx_word' id='word_1_731' title='bbox 2555 3095 2809 3167; x_wconf 85' lang='lat' dir='ltr'><strong>episcopis</strong></span> <span class='ocrx_word' id='word_1_732' title='bbox 2838 3097 2945 3150; x_wconf 80' lang='lat' dir='ltr'><strong>suis</strong></span> <span class='ocrx_word' id='word_1_733' title='bbox 2969 3099 3192 3166; x_wconf 89' lang='lat' dir='ltr'><strong>promoti</strong></span> <span class='ocrx_word' id='word_1_734' title='bbox 3208 3109 3420 3154; x_wconf 87' lang='lat' dir='ltr'><strong>conten-</strong></span> 
     </span>
    </p>
   </div>
   <div class='ocr_carea' id='block_1_113' title="bbox 1830 3166 3414 3232">
    <p class='ocr_par' dir='ltr' id='par_1_113' title="bbox 1830 3166 3414 3232">
     <span class='ocr_line' id='line_1_114' title="bbox 1830 3166 3414 3232; baseline 0.003 -13"><span class='ocrx_word' id='word_1_735' title='bbox 1830 3166 2001 3220; x_wconf 80' lang='lat' dir='ltr'><strong>tlerint</strong></span> <span class='ocrx_word' id='word_1_736' title='bbox 2042 3166 2086 3232; x_wconf 73' lang='grc'><strong>⁵,</strong></span> <span class='ocrx_word' id='word_1_737' title='bbox 2114 3182 2204 3218; x_wconf 81' lang='lat' dir='ltr'><strong>nec</strong></span> <span class='ocrx_word' id='word_1_738' title='bbox 2233 3166 2341 3220; x_wconf 86' lang='lat' dir='ltr'><strong>illic</strong></span> <span class='ocrx_word' id='word_1_739' title='bbox 2380 3166 2645 3229; x_wconf 64' lang='lat' dir='ltr'><strong>maneant,</strong></span> <span class='ocrx_word' id='word_1_740' title='bbox 2691 3166 2826 3220; x_wconf 85' lang='lat' dir='ltr'><strong>unde</strong></span> <span class='ocrx_word' id='word_1_741' title='bbox 2856 3169 3091 3222; x_wconf 85' lang='lat' dir='ltr'><strong>recedere</strong></span> <span class='ocrx_word' id='word_1_742' title='bbox 3139 3169 3414 3223; x_wconf 87' lang='lat' dir='ltr'><strong>noluerint.</strong></span> 
     </span>
    </p>
   </div>
   <div class='ocr_carea' id='block_1_114' title="bbox 1830 3233 3417 3308">
    <p class='ocr_par' dir='ltr' id='par_1_114' title="bbox 1830 3233 3417 3308">
     <span class='ocr_line' id='line_1_115' title="bbox 1830 3233 3417 3308; baseline 0.004 -19"><span class='ocrx_word' id='word_1_743' title='bbox 1830 3235 1917 3290; x_wconf 75' lang='lat' dir='ltr'><strong>Ea:</strong></span> <span class='ocrx_word' id='word_1_744' title='bbox 1944 3237 2162 3308; x_wconf 85' lang='lat' dir='ltr'><strong>concilio</strong></span> <span class='ocrx_word' id='word_1_745' title='bbox 2185 3233 2501 3308; x_wconf 85' lang='lat' dir='ltr'><strong>Cartaginis.</strong></span> <span class='ocrx_word' id='word_1_746' title='bbox 2536 3235 2762 3301; x_wconf 82' lang='lat' dir='ltr'><strong>Placuit,</strong></span> <span class='ocrx_word' id='word_1_747' title='bbox 2794 3248 2854 3291; x_wconf 92' lang='lat' dir='ltr'><strong>ut</strong></span> <span class='ocrx_word' id='word_1_748' title='bbox 2882 3239 3208 3308; x_wconf 88' lang='lat' dir='ltr'><strong>quicumque</strong></span> <span class='ocrx_word' id='word_1_749' title='bbox 3233 3239 3417 3298; x_wconf 85' lang='lat' dir='ltr'><strong>clerici</strong></span> 
     </span>
    </p>
   </div>
   <div class='ocr_carea' id='block_1_115' title="bbox 1829 3307 3422 3379">
    <p class='ocr_par' dir='ltr' id='par_1_115' title="bbox 1829 3307 3422 3379">
     <span class='ocr_line' id='line_1_116' title="bbox 1829 3307 3422 3379; baseline 0.003 -18"><span class='ocrx_word' id='word_1_750' title='bbox 1829 3308 1911 3361; x_wconf 70' lang='lat' dir='ltr'><strong>vel</strong></span> <span class='ocrx_word' id='word_1_751' title='bbox 1932 3307 2144 3379; x_wconf 87' lang='lat' dir='ltr'><strong>diaconi</strong></span> <span class='ocrx_word' id='word_1_752' title='bbox 2168 3321 2264 3379; x_wconf 84' lang='lat' dir='ltr'><strong>pro</strong></span> <span class='ocrx_word' id='word_1_753' title='bbox 2282 3308 2694 3379; x_wconf 87' lang='lat' dir='ltr'><strong>necessitatibus</strong></span> <span class='ocrx_word' id='word_1_754' title='bbox 2716 3307 3063 3362; x_wconf 84' lang='lat' dir='ltr'><strong>ecclesiarum</strong></span> <span class='ocrx_word' id='word_1_755' title='bbox 3089 3326 3193 3363; x_wconf 92' lang='lat' dir='ltr'><strong>non</strong></span> <span class='ocrx_word' id='word_1_756' title='bbox 3216 3319 3422 3379; x_wconf 79' lang='lat' dir='ltr'><strong>optetu-</strong></span> 
     </span>
    </p>
   </div>
   <div class='ocr_carea' id='block_1_116' title="bbox 1829 3376 3417 3447">
    <p class='ocr_par' dir='ltr' id='par_1_116' title="bbox 1829 3376 3417 3447">
     <span class='ocr_line' id='line_1_117' title="bbox 1829 3376 3417 3447; baseline 0.004 -19"><span class='ocrx_word' id='word_1_757' title='bbox 1829 3377 2138 3447; x_wconf 81' lang='lat' dir='ltr'><strong>perarerint</strong></span> <span class='ocrx_word' id='word_1_758' title='bbox 2166 3376 2436 3447; x_wconf 87' lang='lat' dir='ltr'><strong>episc0pis</strong></span> <span class='ocrx_word' id='word_1_759' title='bbox 2465 3378 2576 3431; x_wconf 91' lang='lat' dir='ltr'><strong>suis</strong></span> <span class='ocrx_word' id='word_1_760' title='bbox 2600 3379 2904 3432; x_wconf 82' lang='lat' dir='ltr'><strong>volentibus</strong></span> <span class='ocrx_word' id='word_1_761' title='bbox 2933 3394 3028 3434; x_wconf 85' lang='lat' dir='ltr'><strong>eos</strong></span> <span class='ocrx_word' id='word_1_762' title='bbox 3052 3380 3118 3433; x_wconf 86' lang='lat' dir='ltr'><strong>ad</strong></span> <span class='ocrx_word' id='word_1_763' title='bbox 3152 3376 3417 3436; x_wconf 75' lang='lat' dir='ltr'><strong>honorent</strong></span> 
     </span>
    </p>
   </div>
   <div class='ocr_carea' id='block_1_117' title="bbox 1829 3446 3422 3519">
    <p class='ocr_par' dir='ltr' id='par_1_117' title="bbox 1829 3446 3422 3519">
     <span class='ocr_line' id='line_1_118' title="bbox 1829 3446 3422 3519; baseline 0.003 -18"><span class='ocrx_word' id='word_1_764' title='bbox 1829 3446 2146 3519; x_wconf 80' lang='lat' dir='ltr'><strong>ampliorem</strong></span> <span class='ocrx_word' id='word_1_765' title='bbox 2178 3446 2230 3500; x_wconf 89' lang='lat' dir='ltr'><strong>in</strong></span> <span class='ocrx_word' id='word_1_766' title='bbox 2279 3463 2374 3501; x_wconf 91' lang='lat' dir='ltr'><strong>sua</strong></span> <span class='ocrx_word' id='word_1_767' title='bbox 2422 3448 2650 3503; x_wconf 88' lang='lat' dir='ltr'><strong>ecclesia</strong></span> <span class='ocrx_word' id='word_1_768' title='bbox 2684 3464 3025 3519; x_wconf 62' lang='lat' dir='ltr'><strong>promerere,</strong></span> <span class='ocrx_word' id='word_1_769' title='bbox 3059 3466 3158 3503; x_wconf 85' lang='lat' dir='ltr'><strong>nec</strong></span> <span class='ocrx_word' id='word_1_770' title='bbox 3189 3452 3296 3506; x_wconf 89' lang='lat' dir='ltr'><strong>illic</strong></span> <span class='ocrx_word' id='word_1_771' title='bbox 3322 3452 3422 3506; x_wconf 82' lang='lat' dir='ltr'><strong>tui-</strong></span> 
     </span>
    </p>
   </div>
   <div class='ocr_carea' id='block_1_118' title="bbox 1831 3518 3273 3585">
    <p class='ocr_par' dir='ltr' id='par_1_118' title="bbox 1831 3518 3273 3585">
     <span class='ocr_line' id='line_1_119' title="bbox 1831 3518 3273 3585; baseline 0.001 -13"><span class='ocrx_word' id='word_1_772' title='bbox 1831 3518 2059 3573; x_wconf 78' lang='lat' dir='ltr'><strong>nistrent</strong></span> <span class='ocrx_word' id='word_1_773' title='bbox 2089 3519 2140 3573; x_wconf 90' lang='lat' dir='ltr'><strong>in</strong></span> <span class='ocrx_word' id='word_1_774' title='bbox 2165 3521 2334 3583; x_wconf 79' lang='lat' dir='ltr'><strong>gradu</strong></span> <span class='ocrx_word' id='word_1_775' title='bbox 2362 3534 2486 3585; x_wconf 79' lang='lat' dir='ltr'><strong>suo,</strong></span> <span class='ocrx_word' id='word_1_776' title='bbox 2511 3520 2654 3573; x_wconf 89' lang='lat' dir='ltr'><strong>unde</strong></span> <span class='ocrx_word' id='word_1_777' title='bbox 2676 3518 2933 3573; x_wconf 84' lang='lat' dir='ltr'><strong>recedere</strong></span> <span class='ocrx_word' id='word_1_778' title='bbox 2964 3522 3273 3576; x_wconf 85' lang='lat' dir='ltr'><strong>noluerunt.</strong></span> 
     </span>
    </p>
   </div>
   <div class='ocr_carea' id='block_1_119' title="bbox 1892 3608 3418 3682">
    <p class='ocr_par' dir='ltr' id='par_1_119' title="bbox 1892 3608 3418 3682">
     <span class='ocr_line' id='line_1_120' title="bbox 1892 3608 3418 3682; baseline 0.003 -20"><span class='ocrx_word' id='word_1_779' title='bbox 1892 3610 1987 3662; x_wconf 62' lang='lat'><strong>&#39;74.</strong></span> <span class='ocrx_word' id='word_1_780' title='bbox 2018 3608 2098 3662; x_wconf 71' lang='lat' dir='ltr'><strong>Er</strong></span> <span class='ocrx_word' id='word_1_781' title='bbox 2120 3610 2336 3664; x_wconf 87' lang='lat' dir='ltr'><strong>decretis</strong></span> <span class='ocrx_word' id='word_1_782' title='bbox 2360 3626 2527 3682; x_wconf 85' lang='lat' dir='ltr'><strong>papae</strong></span> <span class='ocrx_word' id='word_1_783' title='bbox 2559 3609 2798 3682; x_wconf 69' lang='lat' dir='ltr'><strong>Gregoni</strong></span> <span class='ocrx_word' id='word_1_784' title='bbox 2827 3610 3066 3675; x_wconf 88' lang='lat' dir='ltr'><strong>iunioris,</strong></span> <span class='ocrx_word' id='word_1_785' title='bbox 3104 3612 3166 3664; x_wconf 88' lang='lat' dir='ltr'><strong>de</strong></span> <span class='ocrx_word' id='word_1_786' title='bbox 3188 3613 3418 3667; x_wconf 75' lang='lat' dir='ltr'><strong>incestii.</strong></span> 
     </span>
    </p>
   </div>
   <div class='ocr_carea' id='block_1_120' title="bbox 1834 3679 3421 3749">
    <p class='ocr_par' dir='ltr' id='par_1_120' title="bbox 1834 3679 3421 3749">
     <span class='ocr_line' id='line_1_121' title="bbox 1834 3679 3421 3749; baseline 0.002 -14"><span class='ocrx_word' id='word_1_787' title='bbox 1834 3679 1890 3735; x_wconf 90' lang='lat' dir='ltr'><strong>Si</strong></span> <span class='ocrx_word' id='word_1_788' title='bbox 1919 3682 2039 3748; x_wconf 87' lang='lat' dir='ltr'><strong>quis</strong></span> <span class='ocrx_word' id='word_1_789' title='bbox 2062 3679 2440 3735; x_wconf 64' lang='lat' dir='ltr'><strong>coasnlarinam</strong></span> <span class='ocrx_word' id='word_1_790' title='bbox 2459 3679 2680 3735; x_wconf 73' lang='lat' dir='ltr'><strong>duxerit</strong></span> <span class='ocrx_word' id='word_1_791' title='bbox 2702 3684 2754 3734; x_wconf 91' lang='lat' dir='ltr'><strong>in</strong></span> <span class='ocrx_word' id='word_1_792' title='bbox 2778 3682 3105 3749; x_wconf 82' lang='lat' dir='ltr'><strong>coniugium,</strong></span> <span class='ocrx_word' id='word_1_793' title='bbox 3133 3685 3421 3739; x_wconf 77' lang='lat' dir='ltr'><strong>anathema</strong></span> 
     </span>
    </p>
   </div>
   <div class='ocr_carea' id='block_1_121' title="bbox 1827 3750 3425 3822">
    <p class='ocr_par' dir='ltr' id='par_1_121' title="bbox 1827 3750 3425 3822">
     <span class='ocr_line' id='line_1_122' title="bbox 1827 3750 3425 3822; baseline 0.001 -15"><span class='ocrx_word' id='word_1_794' title='bbox 1827 3754 1916 3822; x_wconf 81' lang='lat' dir='ltr'><strong>sit.</strong></span> <span class='ocrx_word' id='word_1_795' title='bbox 1943 3752 2008 3804; x_wconf 80' lang='lat' dir='ltr'><strong>Et</strong></span> <span class='ocrx_word' id='word_1_796' title='bbox 2043 3750 2085 3781; x_wconf 84' lang='grc'><strong>¹⁰</strong></span> <span class='ocrx_word' id='word_1_797' title='bbox 2114 3752 2274 3821; x_wconf 90' lang='lat' dir='ltr'><strong>paulo</strong></span> <span class='ocrx_word' id='word_1_798' title='bbox 2302 3764 2424 3820; x_wconf 85' lang='lat' dir='ltr'><strong>post</strong></span> <span class='ocrx_word' id='word_1_799' title='bbox 2453 3751 2614 3806; x_wconf 71' lang='grc' dir='ltr'><strong>ίιιῐιοη</strong></span> <span class='ocrx_word' id='word_1_800' title='bbox 2642 3759 2697 3806; x_wconf 80' lang='lat' dir='ltr'><strong>et</strong></span> <span class='ocrx_word' id='word_1_801' title='bbox 2724 3752 2895 3807; x_wconf 81' lang='lat' dir='ltr'><strong>dicit:</strong></span> <span class='ocrx_word' id='word_1_802' title='bbox 2934 3770 2950 3802; x_wconf 74' lang='grc' dir='ltr'>ι</span> <span class='ocrx_word' id='word_1_803' title='bbox 2973 3751 3189 3822; x_wconf 13' lang='lat' dir='ltr'><strong>‘Siquis</strong></span> <span class='ocrx_word' id='word_1_804' title='bbox 3212 3754 3279 3807; x_wconf 92' lang='lat' dir='ltr'><strong>de</strong></span> <span class='ocrx_word' id='word_1_805' title='bbox 3306 3769 3425 3822; x_wconf 86' lang='lat' dir='ltr'><strong>pro-</strong></span> 
     </span>
    </p>
   </div>
   <div class='ocr_carea' id='block_1_122' title="bbox 1828 3820 3423 3893">
    <p class='ocr_par' dir='ltr' id='par_1_122' title="bbox 1828 3820 3423 3893">
     <span class='ocr_line' id='line_1_123' title="bbox 1828 3820 3423 3893; baseline 0.002 -19"><span class='ocrx_word' id='word_1_806' title='bbox 1828 3821 1943 3893; x_wconf 86' lang='lat' dir='ltr'><strong>pria</strong></span> <span class='ocrx_word' id='word_1_807' title='bbox 1977 3820 2300 3893; x_wconf 85' lang='lat' dir='ltr'><strong>cognatione</strong></span> <span class='ocrx_word' id='word_1_808' title='bbox 2344 3822 2427 3875; x_wconf 85' lang='lat' dir='ltr'><strong>vel</strong></span> <span class='ocrx_word' id='word_1_809' title='bbox 2459 3836 2649 3893; x_wconf 87' lang='lat' dir='ltr'><strong>quam_</strong></span> <span class='ocrx_word' id='word_1_810' title='bbox 2669 3831 2931 3893; x_wconf 80' lang='lat' dir='ltr'><strong>cognatus</strong></span> <span class='ocrx_word' id='word_1_811' title='bbox 2972 3820 3161 3893; x_wconf 88' lang='lat' dir='ltr'><strong>habuit</strong></span> <span class='ocrx_word' id='word_1_812' title='bbox 3206 3820 3423 3878; x_wconf 80' lang='lat' dir='ltr'><strong>duxerit</strong></span> 
     </span>
    </p>
   </div>
   <div class='ocr_carea' id='block_1_123' title="bbox 1829 3889 3421 3960">
    <p class='ocr_par' dir='ltr' id='par_1_123' title="bbox 1829 3889 3421 3960">
     <span class='ocr_line' id='line_1_124' title="bbox 1829 3889 3421 3960; baseline 0.002 -15"><span class='ocrx_word' id='word_1_813' title='bbox 1829 3889 2076 3954; x_wconf 75' lang='lat' dir='ltr'><strong>uxorem,</strong></span> <span class='ocrx_word' id='word_1_814' title='bbox 2110 3892 2397 3944; x_wconf 64' lang='lat' dir='ltr'><strong>anithema</strong></span> <span class='ocrx_word' id='word_1_815' title='bbox 2428 3892 2522 3944; x_wconf 91' lang='lat' dir='ltr'><strong>sit.</strong></span> <span class='ocrx_word' id='word_1_816' title='bbox 2563 3910 2581 3941; x_wconf 76' lang='grc' dir='ltr'><strong><em>ι</em></strong></span> <span class='ocrx_word' id='word_1_817' title='bbox 2613 3889 2676 3943; x_wconf 85' lang='lat' dir='ltr'><strong>Et</strong></span> <span class='ocrx_word' id='word_1_818' title='bbox 2709 3890 2966 3945; x_wconf 87' lang='lat' dir='ltr'><strong>Dominus</strong></span> <span class='ocrx_word' id='word_1_819' title='bbox 2995 3893 3047 3944; x_wconf 91' lang='lat' dir='ltr'><strong>in</strong></span> <span class='ocrx_word' id='word_1_820' title='bbox 3092 3892 3210 3960; x_wconf 85' lang='lat' dir='ltr'><strong>lege</strong></span> <span class='ocrx_word' id='word_1_821' title='bbox 3240 3893 3421 3948; x_wconf 83' lang='lat' dir='ltr'><strong>divina</strong></span> 
     </span>
    </p>
   </div>
   <div class='ocr_carea' id='block_1_124' title="bbox 1828 3960 3426 4031">
    <p class='ocr_par' dir='ltr' id='par_1_124' title="bbox 1828 3960 3426 4031">
     <span class='ocr_line' id='line_1_125' title="bbox 1828 3960 3426 4031; baseline 0.001 -17"><span class='ocrx_word' id='word_1_822' title='bbox 1828 3964 1903 4015; x_wconf 87' lang='lat' dir='ltr'><strong>ait</strong></span> <span class='ocrx_word' id='word_1_823' title='bbox 1934 3978 1948 4014; x_wconf 91' lang='lat'><strong>:</strong></span> <span class='ocrx_word' id='word_1_824' title='bbox 1982 3960 2163 4015; x_wconf 84' lang='lat' dir='ltr'><strong>Omnis</strong></span> <span class='ocrx_word' id='word_1_825' title='bbox 2190 3965 2341 4015; x_wconf 85' lang='lat' dir='ltr'><strong>homo</strong></span> <span class='ocrx_word' id='word_1_826' title='bbox 2376 3962 2445 4014; x_wconf 91' lang='lat' dir='ltr'><strong>ad</strong></span> <span class='ocrx_word' id='word_1_827' title='bbox 2469 3964 2761 4029; x_wconf 74' lang='lat' dir='ltr'><strong>proximam</strong></span> <span class='ocrx_word' id='word_1_828' title='bbox 2789 3962 3056 4031; x_wconf 85' lang='lat' dir='ltr'><strong>sanguinis</strong></span> <span class='ocrx_word' id='word_1_829' title='bbox 3095 3962 3177 4015; x_wconf 85' lang='lat' dir='ltr'><strong>sui</strong></span> <span class='ocrx_word' id='word_1_830' title='bbox 3202 3979 3305 4016; x_wconf 91' lang='lat' dir='ltr'><strong>non</strong></span> <span class='ocrx_word' id='word_1_831' title='bbox 3335 3980 3426 4015; x_wconf 84' lang='lat' dir='ltr'><strong>ac-</strong></span> 
     </span>
    </p>
   </div>
   <div class='ocr_carea' id='block_1_125' title="bbox 1826 4031 3423 4100">
    <p class='ocr_par' dir='ltr' id='par_1_125' title="bbox 1826 4031 3423 4100">
     <span class='ocr_line' id='line_1_126' title="bbox 1826 4031 3423 4100; baseline 0.001 -15"><span class='ocrx_word' id='word_1_832' title='bbox 1826 4032 1994 4095; x_wconf 87' lang='lat' dir='ltr'><strong>cedat,</strong></span> <span class='ocrx_word' id='word_1_833' title='bbox 2020 4041 2076 4084; x_wconf 88' lang='lat' dir='ltr'><strong>ut</strong></span> <span class='ocrx_word' id='word_1_834' title='bbox 2100 4034 2281 4085; x_wconf 77' lang='lat' dir='ltr'><strong>rerelet</strong></span> <span class='ocrx_word' id='word_1_835' title='bbox 2303 4040 2422 4098; x_wconf 82' lang='lat' dir='ltr'><strong>turp</strong></span> <span class='ocrx_word' id='word_1_836' title='bbox 2446 4032 2671 4087; x_wconf 88' lang='lat' dir='ltr'><strong>tudinem</strong></span> <span class='ocrx_word' id='word_1_837' title='bbox 2691 4033 2821 4084; x_wconf 81' lang='lat' dir='ltr'><strong>eius.</strong></span> <span class='ocrx_word' id='word_1_838' title='bbox 2850 4031 2914 4083; x_wconf 77' lang='lat' dir='ltr'><strong>Et</strong></span> <span class='ocrx_word' id='word_1_839' title='bbox 2940 4032 3101 4100; x_wconf 91' lang='lat' dir='ltr'><strong>paulo</strong></span> <span class='ocrx_word' id='word_1_840' title='bbox 3117 4041 3236 4099; x_wconf 81' lang='lat' dir='ltr'><strong>post</strong></span> <span class='ocrx_word' id='word_1_841' title='bbox 3270 4051 3281 4085; x_wconf 89' lang='lat'><strong>:</strong></span> <span class='ocrx_word' id='word_1_842' title='bbox 3313 4034 3349 4083; x_wconf 70' lang='grc' dir='ltr'>Λ</span> <span class='ocrx_word' id='word_1_843' title='bbox 3365 4049 3423 4087; x_wconf 85' lang='lat' dir='ltr'><strong>ec</strong></span> 
     </span>
    </p>
   </div>
   <div class='ocr_carea' id='block_1_126' title="bbox 1828 4101 3423 4172">
    <p class='ocr_par' dir='ltr' id='par_1_126' title="bbox 1828 4101 3423 4172">
     <span class='ocr_line' id='line_1_127' title="bbox 1828 4101 3423 4172; baseline 0 -17"><span class='ocrx_word' id='word_1_844' title='bbox 1828 4103 2041 4155; x_wconf 79' lang='lat' dir='ltr'><strong>accedt</strong></span> <span class='ocrx_word' id='word_1_845' title='bbox 2084 4102 2152 4154; x_wconf 83' lang='lat' dir='ltr'><strong>ad</strong></span> <span class='ocrx_word' id='word_1_846' title='bbox 2196 4118 2407 4155; x_wconf 75' lang='lat' dir='ltr'><strong>uxorem</strong></span> <span class='ocrx_word' id='word_1_847' title='bbox 2450 4104 2588 4165; x_wconf 88' lang='lat' dir='ltr'><strong>eius,</strong></span> <span class='ocrx_word' id='word_1_848' title='bbox 2632 4103 2718 4172; x_wconf 89' lang='lat' dir='ltr'><strong>qui</strong></span> <span class='ocrx_word' id='word_1_849' title='bbox 2767 4101 2865 4155; x_wconf 89' lang='lat' dir='ltr'><strong>sibi</strong></span> <span class='ocrx_word' id='word_1_850' title='bbox 2900 4102 3162 4170; x_wconf 60' lang='lat' dir='ltr'><strong>afﬁni‘ate</strong></span> <span class='ocrx_word' id='word_1_851' title='bbox 3201 4103 3423 4157; x_wconf 87' lang='lat' dir='ltr'><strong>coniun-</strong></span> 
     </span>
    </p>
   </div>
   <div class='ocr_carea' id='block_1_127' title="bbox 1828 4172 3425 4243">
    <p class='ocr_par' dir='ltr' id='par_1_127' title="bbox 1828 4172 3425 4243">
     <span class='ocr_line' id='line_1_128' title="bbox 1828 4172 3425 4243; baseline -0.001 -18"><span class='ocrx_word' id='word_1_852' title='bbox 1828 4173 1984 4243; x_wconf 80' lang='lat' dir='ltr'><strong>gitur.</strong></span> <span class='ocrx_word' id='word_1_853' title='bbox 2012 4172 2141 4225; x_wconf 87' lang='lat' dir='ltr'><strong>Item</strong></span> <span class='ocrx_word' id='word_1_854' title='bbox 2174 4172 2317 4226; x_wconf 84' lang='lat' dir='ltr'><strong>unde</strong></span> <span class='ocrx_word' id='word_1_855' title='bbox 2357 4190 2517 4238; x_wconf 70' lang='lat' dir='ltr'><strong>supra</strong></span> <span class='ocrx_word' id='word_1_856' title='bbox 2555 4190 2567 4224; x_wconf 89' lang='lat'><strong><em>:</em></strong></span> <span class='ocrx_word' id='word_1_857' title='bbox 2607 4191 2625 4223; x_wconf 82' lang='grc' dir='ltr'>ι</span> <span class='ocrx_word' id='word_1_858' title='bbox 2660 4172 2847 4225; x_wconf 75' lang='lat' dir='ltr'><strong>Nullus</strong></span> <span class='ocrx_word' id='word_1_859' title='bbox 2877 4172 3011 4226; x_wconf 88' lang='lat' dir='ltr'><strong>certi</strong></span> <span class='ocrx_word' id='word_1_860' title='bbox 3052 4172 3248 4243; x_wconf 85' lang='lat' dir='ltr'><strong>gradus</strong></span> <span class='ocrx_word' id='word_1_861' title='bbox 3291 4190 3425 4227; x_wconf 87' lang='lat' dir='ltr'><strong>cou-</strong></span> 
     </span>
    </p>
   </div>
   <div class='ocr_carea' id='block_1_128' title="bbox 1827 4242 3419 4311">
    <p class='ocr_par' dir='ltr' id='par_1_128' title="bbox 1827 4242 3419 4311">
     <span class='ocr_line' id='line_1_129' title="bbox 1827 4242 3419 4311; baseline 0.001 -16"><span class='ocrx_word' id='word_1_862' title='bbox 1827 4242 2176 4308; x_wconf 71' lang='lat' dir='ltr'><strong>Sanguineam</strong></span> <span class='ocrx_word' id='word_1_863' title='bbox 2214 4243 2264 4295; x_wconf 91' lang='lat' dir='ltr'><strong>in</strong></span> <span class='ocrx_word' id='word_1_864' title='bbox 2310 4244 2618 4308; x_wconf 69' lang='lat' dir='ltr'><strong>coniugium</strong></span> <span class='ocrx_word' id='word_1_865' title='bbox 2665 4243 2899 4311; x_wconf 86' lang='lat' dir='ltr'><strong>accipiat</strong></span> <span class='ocrx_word' id='word_1_866' title='bbox 2927 4250 3018 4296; x_wconf 81' lang='lat' dir='ltr'><strong>aut</strong></span> <span class='ocrx_word' id='word_1_867' title='bbox 3051 4242 3152 4296; x_wconf 89' lang='lat' dir='ltr'><strong>sibi</strong></span> <span class='ocrx_word' id='word_1_868' title='bbox 3184 4244 3419 4298; x_wconf 88' lang='lat' dir='ltr'><strong>scelera-</strong></span> 
     </span>
    </p>
   </div>
   <div class='ocr_carea' id='block_1_129' title="bbox 1832 4312 3416 4382">
    <p class='ocr_par' dir='ltr' id='par_1_129' title="bbox 1832 4312 3416 4382">
     <span class='ocr_line' id='line_1_130' title="bbox 1832 4312 3416 4382; baseline 0.001 -16"><span class='ocrx_word' id='word_1_869' title='bbox 1832 4314 2124 4382; x_wconf 64' lang='lat' dir='ltr'><strong>tis-nuptiis</strong></span> <span class='ocrx_word' id='word_1_870' title='bbox 2152 4312 2421 4367; x_wconf 82' lang='lat' dir='ltr'><strong>desideret</strong></span> <span class='ocrx_word' id='word_1_871' title='bbox 2451 4314 2716 4382; x_wconf 83' lang='lat' dir='ltr'><strong>copulari.</strong></span> <span class='ocrx_word' id='word_1_872' title='bbox 2755 4331 2775 4364; x_wconf 70' lang='grc' dir='ltr'><strong><em>ι</em></strong></span> <span class='ocrx_word' id='word_1_873' title='bbox 2832 4312 2962 4367; x_wconf 83' lang='lat' dir='ltr'><strong>Item</strong></span> <span class='ocrx_word' id='word_1_874' title='bbox 2992 4327 3060 4367; x_wconf 79' lang='lat' dir='ltr'><strong>ex</strong></span> <span class='ocrx_word' id='word_1_875' title='bbox 3099 4313 3257 4367; x_wconf 87' lang='lat' dir='ltr'><strong>dictis</strong></span> <span class='ocrx_word' id='word_1_876' title='bbox 3297 4315 3416 4381; x_wconf 85' lang='lat' dir='ltr'><strong>epi-</strong></span> 
     </span>
    </p>
   </div>
   <div class='ocr_carea' id='block_1_130' title="bbox 1829 4382 3418 4453">
    <p class='ocr_par' dir='ltr' id='par_1_130' title="bbox 1829 4382 3418 4453">
     <span class='ocr_line' id='line_1_131' title="bbox 1829 4382 3418 4453; baseline 0.001 -15"><span class='ocrx_word' id='word_1_877' title='bbox 1829 4398 2121 4453; x_wconf 85' lang='lat' dir='ltr'><strong>scoporum</strong></span> <span class='ocrx_word' id='word_1_878' title='bbox 2148 4393 2204 4437; x_wconf 88' lang='lat' dir='ltr'><strong>et</strong></span> <span class='ocrx_word' id='word_1_879' title='bbox 2258 4383 2645 4453; x_wconf 84' lang='lat' dir='ltr'><strong>imperatorum</strong></span> <span class='ocrx_word' id='word_1_880' title='bbox 2702 4382 2991 4439; x_wconf 79' lang='lat' dir='ltr'><strong>Theolosii</strong></span> <span class='ocrx_word' id='word_1_881' title='bbox 3038 4392 3094 4437; x_wconf 89' lang='lat' dir='ltr'><strong>et</strong></span> <span class='ocrx_word' id='word_1_882' title='bbox 3144 4383 3418 4446; x_wconf 86' lang='lat' dir='ltr'><strong>aliorum:</strong></span> 
     </span>
    </p>
   </div>
   <div class='ocr_carea' id='block_1_131' title="bbox 1836 4454 3425 4524">
    <p class='ocr_par' dir='ltr' id='par_1_131' title="bbox 1836 4454 3425 4524">
     <span class='ocr_line' id='line_1_132' title="bbox 1836 4454 3425 4524; baseline 0.005 -19"><span class='ocrx_word' id='word_1_883' title='bbox 1836 4473 1855 4505; x_wconf 74' lang='grc' dir='ltr'>ι</span> <span class='ocrx_word' id='word_1_884' title='bbox 1898 4455 1951 4507; x_wconf 86' lang='lat' dir='ltr'><strong>lit</strong></span> <span class='ocrx_word' id='word_1_885' title='bbox 1973 4462 2179 4524; x_wconf 74' lang='lat' dir='ltr'><strong>septem</strong></span> <span class='ocrx_word' id='word_1_886' title='bbox 2208 4455 2463 4522; x_wconf 79' lang='lat' dir='ltr'><strong>gradibus</strong></span> <span class='ocrx_word' id='word_1_887' title='bbox 2488 4455 2669 4508; x_wconf 88' lang='lat' dir='ltr'><strong>omnia</strong></span> <span class='ocrx_word' id='word_1_888' title='bbox 2714 4454 3175 4523; x_wconf 75' lang='lat' dir='ltr'><strong>propinquitatem</strong></span> <span class='ocrx_word' id='word_1_889' title='bbox 3204 4456 3425 4515; x_wconf 78' lang='lat' dir='ltr'><strong>nomina</strong></span> 
     </span>
    </p>
   </div>
   <div class='ocr_carea' id='block_1_132' title="bbox 1832 4524 3427 4593">
    <p class='ocr_par' dir='ltr' id='par_1_132' title="bbox 1832 4524 3427 4593">
     <span class='ocr_line' id='line_1_133' title="bbox 1832 4524 3427 4593; baseline 0.003 -14"><span class='ocrx_word' id='word_1_890' title='bbox 1832 4526 2202 4591; x_wconf 83' lang='lat' dir='ltr'><strong>continentur,</strong></span> <span class='ocrx_word' id='word_1_891' title='bbox 2234 4524 2373 4578; x_wconf 89' lang='lat' dir='ltr'><strong>ultra</strong></span> <span class='ocrx_word' id='word_1_892' title='bbox 2404 4540 2541 4591; x_wconf 90' lang='lat' dir='ltr'><strong>quos</strong></span> <span class='ocrx_word' id='word_1_893' title='bbox 2589 4541 2689 4580; x_wconf 88' lang='lat' dir='ltr'><strong>nec</strong></span> <span class='ocrx_word' id='word_1_894' title='bbox 2719 4525 2953 4580; x_wconf 85' lang='lat' dir='ltr'><strong>afﬁnitas</strong></span> <span class='ocrx_word' id='word_1_895' title='bbox 3007 4526 3276 4593; x_wconf 70' lang='lat' dir='ltr'><strong>invenitur</strong></span> <span class='ocrx_word' id='word_1_896' title='bbox 3325 4542 3427 4584; x_wconf 85' lang='lat' dir='ltr'><strong>nec</strong></span> 
     </span>
    </p>
   </div>
   <div class='ocr_carea' id='block_1_133' title="bbox 1832 4594 2946 4666">
    <p class='ocr_par' dir='ltr' id='par_1_133' title="bbox 1832 4594 2946 4666">
     <span class='ocr_line' id='line_1_134' title="bbox 1832 4594 2946 4666; baseline -0.003 -15"><span class='ocrx_word' id='word_1_897' title='bbox 1832 4594 2102 4651; x_wconf 82' lang='lat' dir='ltr'><strong>successio</strong></span> <span class='ocrx_word' id='word_1_898' title='bbox 2131 4604 2309 4665; x_wconf 76' lang='lat' dir='ltr'><strong>pote:t</strong></span> <span class='ocrx_word' id='word_1_899' title='bbox 2330 4596 2559 4665; x_wconf 85' lang='lat' dir='ltr'><strong>amplius</strong></span> <span class='ocrx_word' id='word_1_900' title='bbox 2589 4597 2887 4666; x_wconf 85' lang='lat' dir='ltr'><strong>prorogari.</strong></span> <span class='ocrx_word' id='word_1_901' title='bbox 2928 4614 2946 4648; x_wconf 71' lang='grc' dir='ltr'><strong><em>ι</em></strong></span> 
     </span>
    </p>
   </div>
   <div class='ocr_carea' id='block_1_134' title="bbox 1902 4689 3424 4762">
    <p class='ocr_par' dir='ltr' id='par_1_134' title="bbox 1902 4689 3424 4762">
     <span class='ocr_line' id='line_1_135' title="bbox 1902 4689 3424 4762; baseline 0.001 -17"><span class='ocrx_word' id='word_1_902' title='bbox 1902 4691 1992 4747; x_wconf 83' lang='grc'><strong>75.</strong></span> <span class='ocrx_word' id='word_1_903' title='bbox 2026 4690 2161 4745; x_wconf 83' lang='lat' dir='ltr'><strong>Item</strong></span> <span class='ocrx_word' id='word_1_904' title='bbox 2211 4691 2275 4746; x_wconf 85' lang='lat' dir='ltr'><strong>de</strong></span> <span class='ocrx_word' id='word_1_905' title='bbox 2300 4693 2527 4762; x_wconf 69' lang='lat' dir='ltr'><strong>incestis.</strong></span> <span class='ocrx_word' id='word_1_906' title='bbox 2584 4690 2667 4745; x_wconf 79' lang='lat' dir='ltr'><strong>Ea:</strong></span> <span class='ocrx_word' id='word_1_907' title='bbox 2710 4691 2941 4755; x_wconf 78' lang='lat' dir='ltr'><strong>e;istolis</strong></span> <span class='ocrx_word' id='word_1_908' title='bbox 2973 4689 3209 4762; x_wconf 80' lang='lat' dir='ltr'><strong>Gregorii</strong></span> <span class='ocrx_word' id='word_1_909' title='bbox 3253 4707 3424 4762; x_wconf 84' lang='lat' dir='ltr'><strong>papae</strong></span> 
     </span>
    </p>
   </div>
   <div class='ocr_carea' id='block_1_135' title="bbox 1831 4761 3421 4831">
    <p class='ocr_par' dir='ltr' id='par_1_135' title="bbox 1831 4761 3421 4831">
     <span class='ocr_line' id='line_1_136' title="bbox 1831 4761 3421 4831; baseline 0.001 -15"><span class='ocrx_word' id='word_1_910' title='bbox 1831 4773 2013 4817; x_wconf 88' lang='lat' dir='ltr'><strong>sancto</strong></span> <span class='ocrx_word' id='word_1_911' title='bbox 2064 4764 2105 4793; x_wconf 83' lang='lat'>”</span> <span class='ocrx_word' id='word_1_912' title='bbox 2149 4762 2419 4827; x_wconf 78' lang='lat' dir='ltr'><strong>Bonifacio</strong></span> <span class='ocrx_word' id='word_1_913' title='bbox 2468 4761 2769 4831; x_wconf 48' lang='lat' dir='ltr'><strong>Mog&#39;ntiae</strong></span> <span class='ocrx_word' id='word_1_914' title='bbox 2807 4761 3191 4830; x_wconf 83' lang='lat' dir='ltr'><strong>archiepiscopo</strong></span> <span class='ocrx_word' id='word_1_915' title='bbox 3234 4761 3421 4823; x_wconf 80' lang='lat' dir='ltr'><strong>missis.</strong></span> 
     </span>
    </p>
   </div>
   <div class='ocr_carea' id='block_1_136' title="bbox 1838 4833 3421 4902">
    <p class='ocr_par' dir='ltr' id='par_1_136' title="bbox 1838 4833 3421 4902">
     <span class='ocr_line' id='line_1_137' title="bbox 1838 4833 3421 4902; baseline -0.002 -14"><span class='ocrx_word' id='word_1_916' title='bbox 1838 4833 2153 4902; x_wconf 77' lang='lat' dir='ltr'><strong>Progeniem</strong></span> <span class='ocrx_word' id='word_1_917' title='bbox 2185 4847 2338 4887; x_wconf 76' lang='lat' dir='ltr'><strong>suam</strong></span> <span class='ocrx_word' id='word_1_918' title='bbox 2365 4847 2801 4902; x_wconf 82' lang='lat' dir='ltr'><strong>unumquemque</strong></span> <span class='ocrx_word' id='word_1_919' title='bbox 2843 4847 3011 4901; x_wconf 89' lang='lat' dir='ltr'><strong>usque</strong></span> <span class='ocrx_word' id='word_1_920' title='bbox 3043 4834 3107 4885; x_wconf 87' lang='lat' dir='ltr'><strong>ad</strong></span> <span class='ocrx_word' id='word_1_921' title='bbox 3138 4833 3421 4900; x_wconf 87' lang='lat' dir='ltr'><strong>septimani</strong></span> 
     </span>
    </p>
   </div>
   <div class='ocr_carea' id='block_1_137' title="bbox 1835 4902 3424 4971">
    <p class='ocr_par' dir='ltr' id='par_1_137' title="bbox 1835 4902 3424 4971">
     <span class='ocr_line' id='line_1_138' title="bbox 1835 4902 3424 4971; baseline 0.002 -17"><span class='ocrx_word' id='word_1_922' title='bbox 1835 4907 2126 4959; x_wconf 67' lang='lat' dir='ltr'><strong>observare</strong></span> <span class='ocrx_word' id='word_1_923' title='bbox 2150 4904 2491 4956; x_wconf 81' lang='lat' dir='ltr'><strong>decernimus</strong></span> <span class='ocrx_word' id='word_1_924' title='bbox 2520 4903 2950 4970; x_wconf 63' lang='lat' dir='ltr'><strong>generationem.</strong></span> <span class='ocrx_word' id='word_1_925' title='bbox 2998 4909 3053 4955; x_wconf 91' lang='lat' dir='ltr'><strong>et</strong></span> <span class='ocrx_word' id='word_1_926' title='bbox 3074 4902 3330 4971; x_wconf 81' lang='lat' dir='ltr'><strong>quamdiu</strong></span> <span class='ocrx_word' id='word_1_927' title='bbox 3362 4918 3424 4957; x_wconf 88' lang='lat' dir='ltr'><strong>se</strong></span> 
     </span>
    </p>
   </div>
   <div class='ocr_carea' id='block_1_138' title="bbox 1836 4971 3425 5042">
    <p class='ocr_par' dir='ltr' id='par_1_138' title="bbox 1836 4971 3425 5042">
     <span class='ocr_line' id='line_1_139' title="bbox 1836 4971 3425 5042; baseline -0.001 -15"><span class='ocrx_word' id='word_1_928' title='bbox 1836 4982 2138 5042; x_wconf 84' lang='lat' dir='ltr'><strong>agnoscunt</strong></span> <span class='ocrx_word' id='word_1_929' title='bbox 2164 4971 2424 5026; x_wconf 79' lang='lat' dir='ltr'><strong>afﬁnitate</strong></span> <span class='ocrx_word' id='word_1_930' title='bbox 2447 4974 2778 5040; x_wconf 88' lang='lat' dir='ltr'><strong>propinquos</strong></span> <span class='ocrx_word' id='word_1_931' title='bbox 2815 4974 2876 5033; x_wconf 81' lang='lat'><strong>”.</strong></span> <span class='ocrx_word' id='word_1_932' title='bbox 2911 4971 2976 5025; x_wconf 89' lang='lat' dir='ltr'><strong>ad</strong></span> <span class='ocrx_word' id='word_1_933' title='bbox 3010 4973 3164 5027; x_wconf 84' lang='lat' dir='ltr'><strong>huius</strong></span> <span class='ocrx_word' id='word_1_934' title='bbox 3194 4975 3425 5041; x_wconf 83' lang='lat' dir='ltr'><strong>copulae</strong></span> 
     </span>
    </p>
   </div>
   <div class='ocr_carea' id='block_1_139' title="bbox 1834 5043 3420 5099">
    <p class='ocr_par' dir='ltr' id='par_1_139' title="bbox 1834 5043 3420 5099">
     <span class='ocr_line' id='line_1_140' title="bbox 1834 5043 3420 5099; baseline -0.003 0"><span class='ocrx_word' id='word_1_935' title='bbox 1834 5061 1943 5099; x_wconf 88' lang='lat' dir='ltr'><strong>non</strong></span> <span class='ocrx_word' id='word_1_936' title='bbox 1975 5044 2232 5097; x_wconf 86' lang='lat' dir='ltr'><strong>accedere</strong></span> <span class='ocrx_word' id='word_1_937' title='bbox 2261 5052 2599 5097; x_wconf 72' lang='lat' dir='ltr'><strong>societatem.</strong></span> <span class='ocrx_word' id='word_1_938' title='bbox 2639 5043 2704 5097; x_wconf 85' lang='lat' dir='ltr'><strong>Et</strong></span> <span class='ocrx_word' id='word_1_939' title='bbox 2730 5043 2772 5073; x_wconf 85' lang='grc'><strong>¹³</strong></span> <span class='ocrx_word' id='word_1_940' title='bbox 2797 5045 2847 5097; x_wconf 91' lang='lat' dir='ltr'><strong>in</strong></span> <span class='ocrx_word' id='word_1_941' title='bbox 2890 5044 3097 5098; x_wconf 86' lang='lat' dir='ltr'><strong>sanctis</strong></span> <span class='ocrx_word' id='word_1_942' title='bbox 3120 5044 3420 5098; x_wconf 74' lang='lat' dir='ltr'><strong>canouihns</strong></span> 
     </span>
    </p>
   </div>
   <div class='ocr_carea' id='block_1_140' title="bbox 1835 5113 3421 5179">
    <p class='ocr_par' dir='ltr' id='par_1_140' title="bbox 1835 5113 3421 5179">
     <span class='ocr_line' id='line_1_141' title="bbox 1835 5113 3421 5179; baseline -0.002 -11"><span class='ocrx_word' id='word_1_943' title='bbox 1835 5114 2026 5179; x_wconf 75' lang='lat' dir='ltr'><strong>spiritu</strong></span> <span class='ocrx_word' id='word_1_944' title='bbox 2076 5113 2168 5166; x_wconf 91' lang='lat' dir='ltr'><strong>Dei</strong></span> <span class='ocrx_word' id='word_1_945' title='bbox 2218 5115 2448 5167; x_wconf 87' lang='lat' dir='ltr'><strong>conditis</strong></span> <span class='ocrx_word' id='word_1_946' title='bbox 2480 5116 2548 5168; x_wconf 88' lang='lat' dir='ltr'><strong>de</strong></span> <span class='ocrx_word' id='word_1_947' title='bbox 2578 5114 2799 5169; x_wconf 67' lang='lat' dir='ltr'><strong>incestis</strong></span> <span class='ocrx_word' id='word_1_948' title='bbox 2832 5114 3057 5167; x_wconf 86' lang='lat' dir='ltr'><strong>habetur</strong></span> <span class='ocrx_word' id='word_1_949' title='bbox 3115 5115 3371 5167; x_wconf 70' lang='lat' dir='ltr'><strong>insertum</strong></span> <span class='ocrx_word' id='word_1_950' title='bbox 3407 5130 3421 5165; x_wconf 91' lang='lat'><strong>:</strong></span> 
     </span>
    </p>
   </div>
   <div class='ocr_carea' id='block_1_141' title="bbox 1836 5185 3423 5253">
    <p class='ocr_par' dir='ltr' id='par_1_141' title="bbox 1836 5185 3423 5253">
     <span class='ocr_line' id='line_1_142' title="bbox 1836 5185 3423 5253; baseline -0.003 -14"><span class='ocrx_word' id='word_1_951' title='bbox 1836 5185 2058 5240; x_wconf 75' lang='lat' dir='ltr'><strong>Inceslis</strong></span> <span class='ocrx_word' id='word_1_952' title='bbox 2088 5186 2563 5239; x_wconf 86' lang='lat' dir='ltr'><strong>coniiuictionibus</strong></span> <span class='ocrx_word' id='word_1_953' title='bbox 2604 5185 2731 5238; x_wconf 87' lang='lat' dir='ltr'><strong>nihil</strong></span> <span class='ocrx_word' id='word_1_954' title='bbox 2776 5199 2999 5253; x_wconf 82' lang='lat' dir='ltr'><strong>prorsus</strong></span> <span class='ocrx_word' id='word_1_955' title='bbox 3030 5185 3216 5237; x_wconf 66' lang='lat' dir='ltr'><strong>veniae</strong></span> <span class='ocrx_word' id='word_1_956' title='bbox 3247 5186 3423 5237; x_wconf 74' lang='lat' dir='ltr'><strong>reser-</strong></span> 
     </span>
    </p>
   </div>
   <div class='ocr_carea' id='block_1_142' title="bbox 1838 5254 3418 5325">
    <p class='ocr_par' dir='ltr' id='par_1_142' title="bbox 1838 5254 3418 5325">
     <span class='ocr_line' id='line_1_143' title="bbox 1838 5254 3418 5325; baseline -0.001 -20"><span class='ocrx_word' id='word_1_957' title='bbox 1838 5272 2042 5319; x_wconf 81' lang='lat' dir='ltr'><strong>vamus,</strong></span> <span class='ocrx_word' id='word_1_958' title='bbox 2069 5255 2169 5309; x_wconf 90' lang='lat' dir='ltr'><strong>nisi</strong></span> <span class='ocrx_word' id='word_1_959' title='bbox 2195 5271 2315 5310; x_wconf 91' lang='lat' dir='ltr'><strong>cum</strong></span> <span class='ocrx_word' id='word_1_960' title='bbox 2334 5256 2656 5309; x_wconf 87' lang='lat' dir='ltr'><strong>adulterium</strong></span> <span class='ocrx_word' id='word_1_961' title='bbox 2675 5254 3016 5325; x_wconf 88' lang='lat' dir='ltr'><strong>separatione</strong></span> <span class='ocrx_word' id='word_1_962' title='bbox 3041 5260 3371 5308; x_wconf 86' lang='lat' dir='ltr'><strong>sanaverint.</strong></span> <span class='ocrx_word' id='word_1_963' title='bbox 3399 5272 3418 5304; x_wconf 72' lang='grc' dir='ltr'><strong>ι</strong></span> 
     </span>
    </p>
   </div>
   <div class='ocr_carea' id='block_1_143' title="bbox 1838 5325 3425 5394">
    <p class='ocr_par' dir='ltr' id='par_1_143' title="bbox 1838 5325 3425 5394">
     <span class='ocr_line' id='line_1_144' title="bbox 1838 5325 3425 5394; baseline -0.001 -13"><span class='ocrx_word' id='word_1_964' title='bbox 1838 5327 2079 5381; x_wconf 77' lang='lat' dir='ltr'><strong>Incestus</strong></span> <span class='ocrx_word' id='word_1_965' title='bbox 2135 5341 2267 5380; x_wconf 77' lang='lat' dir='ltr'><strong>Vero</strong></span> <span class='ocrx_word' id='word_1_966' title='bbox 2323 5326 2467 5379; x_wconf 84' lang='lat' dir='ltr'><strong>nullo</strong></span> <span class='ocrx_word' id='word_1_967' title='bbox 2516 5326 2753 5392; x_wconf 86' lang='lat' dir='ltr'><strong>coniugii</strong></span> <span class='ocrx_word' id='word_1_968' title='bbox 2802 5325 3019 5379; x_wconf 91' lang='lat' dir='ltr'><strong>nomine</strong></span> <span class='ocrx_word' id='word_1_969' title='bbox 3071 5325 3425 5394; x_wconf 83' lang='lat' dir='ltr'><strong>appellandos</strong></span> 
     </span>
    </p>
   </div>
   <div class='ocr_carea' id='block_1_144' title="bbox 1840 5395 3428 5465">
    <p class='ocr_par' dir='ltr' id='par_1_144' title="bbox 1840 5395 3428 5465">
     <span class='ocr_line' id='line_1_145' title="bbox 1840 5395 3428 5465; baseline -0.004 -11"><span class='ocrx_word' id='word_1_970' title='bbox 1840 5397 2173 5462; x_wconf 79' lang='lat' dir='ltr'><strong>sauccimus;</strong></span> <span class='ocrx_word' id='word_1_971' title='bbox 2214 5396 2306 5453; x_wconf 85' lang='lat' dir='ltr'><strong>sed</strong></span> <span class='ocrx_word' id='word_1_972' title='bbox 2335 5397 2531 5465; x_wconf 76' lang='lat' dir='ltr'><strong>quibus</strong></span> <span class='ocrx_word' id='word_1_973' title='bbox 2567 5396 2764 5451; x_wconf 81' lang='lat' dir='ltr'><strong>inlicita</strong></span> <span class='ocrx_word' id='word_1_974' title='bbox 2796 5395 3108 5450; x_wconf 88' lang='lat' dir='ltr'><strong>coniunctio</strong></span> <span class='ocrx_word' id='word_1_975' title='bbox 3152 5395 3428 5449; x_wconf 83' lang='lat' dir='ltr'><strong>interdici-</strong></span> 
     </span>
    </p>
   </div>
   <div class='ocr_carea' id='block_1_145' title="bbox 1846 5467 3428 5537">
    <p class='ocr_par' dir='ltr' id='par_1_145' title="bbox 1846 5467 3428 5537">
     <span class='ocr_line' id='line_1_146' title="bbox 1846 5467 3428 5537; baseline -0.001 -16"><span class='ocrx_word' id='word_1_976' title='bbox 1846 5480 1951 5531; x_wconf 89' lang='lat' dir='ltr'><strong>tur,</strong></span> <span class='ocrx_word' id='word_1_977' title='bbox 1984 5468 2083 5521; x_wconf 81' lang='lat' dir='ltr'><strong>nisi</strong></span> <span class='ocrx_word' id='word_1_978' title='bbox 2115 5468 2168 5521; x_wconf 87' lang='lat' dir='ltr'><strong>lii</strong></span> <span class='ocrx_word' id='word_1_979' title='bbox 2219 5477 2360 5533; x_wconf 88' lang='lat' dir='ltr'><strong>sunt,</strong></span> <span class='ocrx_word' id='word_1_980' title='bbox 2406 5482 2544 5536; x_wconf 88' lang='lat' dir='ltr'><strong>quos</strong></span> <span class='ocrx_word' id='word_1_981' title='bbox 2593 5478 2900 5523; x_wconf 88' lang='lat' dir='ltr'><strong>sanctorum</strong></span> <span class='ocrx_word' id='word_1_982' title='bbox 2949 5476 3161 5537; x_wconf 84' lang='lat' dir='ltr'><strong>patrum</strong></span> <span class='ocrx_word' id='word_1_983' title='bbox 3209 5467 3428 5521; x_wconf 85' lang='lat' dir='ltr'><strong>decreta</strong></span> 
     </span>
    </p>
   </div>
   <div class='ocr_carea' id='block_1_146' title="bbox 1376 5558 2210 5620">
    <p class='ocr_par' dir='ltr' id='par_1_146' title="bbox 1376 5558 2210 5620">
     <span class='ocr_line' id='line_1_147' title="bbox 1376 5558 2210 5620; baseline -0.001 -5"><span class='ocrx_word' id='word_1_984' title='bbox 1376 5558 1769 5619; x_wconf 66' lang='lat' dir='ltr'><strong>VARIANTISS</strong></span> <span class='ocrx_word' id='word_1_985' title='bbox 1812 5562 2210 5620; x_wconf 60' lang='lat' dir='ltr'><strong>LEC&#39;I‘IUNES.</strong></span> 
     </span>
    </p>
   </div>
   <div class='ocr_carea' id='block_1_147' title="bbox 906 5650 1230 5708">
    <p class='ocr_par' dir='ltr' id='par_1_147' title="bbox 906 5650 1230 5708">
     <span class='ocr_line' id='line_1_148' title="bbox 906 5650 1230 5708; baseline 0.012 -4"><span class='ocrx_word' id='word_1_986' title='bbox 906 5652 926 5682; x_wconf 83' lang='grc'>²</span> <span class='ocrx_word' id='word_1_987' title='bbox 971 5651 1119 5705; x_wconf 87' lang='lat' dir='ltr'><strong>Deest</strong></span> <span class='ocrx_word' id='word_1_988' title='bbox 1166 5650 1230 5708; x_wconf 79' lang='lat' dir='ltr'><strong>G.</strong></span> 
     </span>
    </p>
   </div>
   <div class='ocr_carea' id='block_1_148' title="bbox 743 5722 1230 5791">
    <p class='ocr_par' dir='ltr' id='par_1_148' title="bbox 743 5722 1230 5791">
     <span class='ocr_line' id='line_1_149' title="bbox 743 5722 1230 5791; baseline 0.002 -15"><span class='ocrx_word' id='word_1_989' title='bbox 743 5723 765 5753; x_wconf 88' lang='grc'><strong><em>⁸</em></strong></span> <span class='ocrx_word' id='word_1_990' title='bbox 796 5737 918 5777; x_wconf 89' lang='lat' dir='ltr'><strong>cum</strong></span> <span class='ocrx_word' id='word_1_991' title='bbox 969 5723 1120 5791; x_wconf 87' lang='lat' dir='ltr'><strong>plura</strong></span> <span class='ocrx_word' id='word_1_992' title='bbox 1163 5722 1230 5777; x_wconf 72' lang='grc' dir='ltr'><strong>(ἶ.</strong></span> 
     </span>
    </p>
   </div>
   <div class='ocr_carea' id='block_1_149' title="bbox 226 5649 811 5719">
    <p class='ocr_par' dir='ltr' id='par_1_149' title="bbox 226 5649 811 5719">
     <span class='ocr_line' id='line_1_150' title="bbox 226 5649 811 5719; baseline 0.005 -17"><span class='ocrx_word' id='word_1_993' title='bbox 226 5650 241 5680; x_wconf 80' lang='grc'>⁸</span> <span class='ocrx_word' id='word_1_994' title='bbox 281 5664 647 5719; x_wconf 86' lang='lat' dir='ltr'><strong>quaecumque</strong></span> <span class='ocrx_word' id='word_1_995' title='bbox 693 5649 811 5705; x_wconf 87' lang='lat' dir='ltr'><strong>Bal.</strong></span> 
     </span>
    </p>
   </div>
   <div class='ocr_carea' id='block_1_150' title="bbox 151 5719 647 5783">
    <p class='ocr_par' dir='ltr' id='par_1_150' title="bbox 151 5719 647 5783">
     <span class='ocr_line' id='line_1_151' title="bbox 151 5719 647 5783; baseline 0.006 -10"><span class='ocrx_word' id='word_1_996' title='bbox 151 5722 176 5754; x_wconf 91' lang='lat'><em>&quot;</em></span> <span class='ocrx_word' id='word_1_997' title='bbox 218 5719 544 5783; x_wconf 70' lang='lat' dir='ltr'><strong>Nasilitanus</strong></span> <span class='ocrx_word' id='word_1_998' title='bbox 580 5721 647 5776; x_wconf 71' lang='grc' dir='ltr'><strong>(ἱ.</strong></span> 
     </span>
    </p>
   </div>
   <div class='ocr_carea' id='block_1_151' title="bbox 1308 5652 1870 5713">
    <p class='ocr_par' dir='ltr' id='par_1_151' title="bbox 1308 5652 1870 5713">
     <span class='ocr_line' id='line_1_152' title="bbox 1308 5652 1870 5713; baseline 0.011 -6"><span class='ocrx_word' id='word_1_999' title='bbox 1308 5652 1329 5684; x_wconf 88' lang='grc'>³</span> <span class='ocrx_word' id='word_1_1000' title='bbox 1359 5654 1719 5712; x_wconf 85' lang='lat' dir='ltr'><strong>oblatiooilms</strong></span> <span class='ocrx_word' id='word_1_1001' title='bbox 1751 5658 1870 5713; x_wconf 86' lang='lat' dir='ltr'><strong>Bri&#39;.</strong></span> 
     </span>
    </p>
   </div>
   <div class='ocr_carea' id='block_1_152' title="bbox 1307 5724 1926 5794">
    <p class='ocr_par' dir='ltr' id='par_1_152' title="bbox 1307 5724 1926 5794">
     <span class='ocr_line' id='line_1_153' title="bbox 1307 5724 1926 5794; baseline 0.008 -19"><span class='ocrx_word' id='word_1_1002' title='bbox 1307 5724 1327 5753; x_wconf 86' lang='grc'><strong>⁹</strong></span> <span class='ocrx_word' id='word_1_1003' title='bbox 1355 5731 1780 5794; x_wconf 43' lang='lat' dir='ltr'><strong>contempserint</strong></span> <span class='ocrx_word' id='word_1_1004' title='bbox 1816 5729 1926 5783; x_wconf 65' lang='grc' dir='ltr'><strong>[ἐπ’.</strong></span> 
     </span>
    </p>
   </div>
   <div class='ocr_carea' id='block_1_153' title="bbox 1946 5653 3425 5730">
    <p class='ocr_par' dir='ltr' id='par_1_153' title="bbox 1946 5653 3425 5730">
     <span class='ocr_line' id='line_1_154' title="bbox 1946 5653 3425 5730; baseline -0.001 -19"><span class='ocrx_word' id='word_1_1005' title='bbox 1946 5660 1966 5688; x_wconf 77' lang='grc'>⁸</span> <span class='ocrx_word' id='word_1_1006' title='bbox 1996 5656 2278 5730; x_wconf 71' lang='lat' dir='ltr'><strong>saeculare</strong></span> <span class='ocrx_word' id='word_1_1007' title='bbox 2303 5653 2369 5709; x_wconf 88' lang='lat' dir='ltr'><strong>G.</strong></span> <span class='ocrx_word' id='word_1_1008' title='bbox 2471 5655 2492 5685; x_wconf 87' lang='grc'>⁸</span> <span class='ocrx_word' id='word_1_1009' title='bbox 2520 5671 2566 5711; x_wconf 93' lang='lat' dir='ltr'><strong>s.</strong></span> <span class='ocrx_word' id='word_1_1010' title='bbox 2587 5729 2591 5730; x_wconf 12' lang='grc' dir='ltr'>ί</span> <span class='ocrx_word' id='word_1_1011' title='bbox 2612 5655 2660 5711; x_wconf 88' lang='lat' dir='ltr'><strong>ei</strong></span> <span class='ocrx_word' id='word_1_1012' title='bbox 2692 5656 2764 5730; x_wconf 33' lang='lat' dir='ltr'><strong>de</strong></span> <span class='ocrx_word' id='word_1_1013' title='bbox 2794 5656 2911 5711; x_wconf 87' lang='lat' dir='ltr'><strong>Bal.</strong></span> <span class='ocrx_word' id='word_1_1014' title='bbox 3010 5657 3030 5686; x_wconf 80' lang='grc'>⁶</span> <span class='ocrx_word' id='word_1_1015' title='bbox 3062 5663 3277 5730; x_wconf 68' lang='lat' dir='ltr'><strong>oportet</strong></span> <span class='ocrx_word' id='word_1_1016' title='bbox 3305 5654 3425 5730; x_wconf 79' lang='lat' dir='ltr'><strong>Bal.</strong></span> 
     </span>
    </p>
   </div>
   <div class='ocr_carea' id='block_1_154' title="bbox 2010 5726 3427 5797">
    <p class='ocr_par' dir='ltr' id='par_1_154' title="bbox 2010 5726 3427 5797">
     <span class='ocr_line' id='line_1_155' title="bbox 2010 5726 3427 5797; baseline 0.001 -17"><span class='ocrx_word' id='word_1_1017' title='bbox 2010 5728 2050 5758; x_wconf 85' lang='grc'><strong>¹⁰</strong></span> <span class='ocrx_word' id='word_1_1018' title='bbox 2092 5726 2296 5780; x_wconf 78' lang='lat' dir='ltr'><strong>Verba:</strong></span> <span class='ocrx_word' id='word_1_1019' title='bbox 2327 5737 2457 5797; x_wconf 88' lang='lat' dir='ltr'><strong>etp.</strong></span> <span class='ocrx_word' id='word_1_1020' title='bbox 2495 5742 2547 5796; x_wconf 90' lang='lat' dir='ltr'><strong>p.</strong></span> <span class='ocrx_word' id='word_1_1021' title='bbox 2584 5729 2618 5780; x_wconf 92' lang='lat' dir='ltr'><strong>i.</strong></span> <span class='ocrx_word' id='word_1_1022' title='bbox 2648 5743 2698 5781; x_wconf 81' lang='lat' dir='ltr'><strong>ei</strong></span> <span class='ocrx_word' id='word_1_1023' title='bbox 2735 5728 2823 5792; x_wconf 87' lang='lat' dir='ltr'><strong>d.;</strong></span> <span class='ocrx_word' id='word_1_1024' title='bbox 2869 5742 2972 5782; x_wconf 88' lang='lat' dir='ltr'><strong>tum</strong></span> <span class='ocrx_word' id='word_1_1025' title='bbox 2995 5740 3042 5782; x_wconf 78' lang='lat' dir='ltr'><strong>ct</strong></span> <span class='ocrx_word' id='word_1_1026' title='bbox 3081 5726 3139 5781; x_wconf 82' lang='lat' dir='ltr'><strong>D.</strong></span> <span class='ocrx_word' id='word_1_1027' title='bbox 3175 5729 3226 5781; x_wconf 91' lang='lat' dir='ltr'><strong>in</strong></span> <span class='ocrx_word' id='word_1_1028' title='bbox 3272 5731 3306 5779; x_wconf 89' lang='grc' dir='ltr'><strong>Ι.</strong></span> <span class='ocrx_word' id='word_1_1029' title='bbox 3339 5726 3427 5782; x_wconf 87' lang='lat' dir='ltr'><strong>di-</strong></span> 
     </span>
    </p>
   </div>
   <div class='ocr_carea' id='block_1_155' title="bbox 156 5791 3427 5870">
    <p class='ocr_par' dir='ltr' id='par_1_155' title="bbox 156 5791 3427 5870">
     <span class='ocr_line' id='line_1_156' title="bbox 156 5791 3427 5870; baseline 0.002 -26"><span class='ocrx_word' id='word_1_1030' title='bbox 156 5791 314 5870; x_wconf 62' lang='lat' dir='ltr'><strong>vina;</strong></span> <span class='ocrx_word' id='word_1_1031' title='bbox 341 5799 445 5846; x_wconf 83' lang='lat' dir='ltr'><strong>tum</strong></span> <span class='ocrx_word' id='word_1_1032' title='bbox 473 5802 530 5847; x_wconf 90' lang='lat' dir='ltr'><strong>et</strong></span> <span class='ocrx_word' id='word_1_1033' title='bbox 567 5794 728 5870; x_wconf 79' lang='lat' dir='ltr'><strong>paulo</strong></span> <span class='ocrx_word' id='word_1_1034' title='bbox 762 5802 882 5870; x_wconf 80' lang='lat' dir='ltr'><strong>post</strong></span> <span class='ocrx_word' id='word_1_1035' title='bbox 900 5810 924 5870; x_wconf 86' lang='lat'><strong>_;</strong></span> <span class='ocrx_word' id='word_1_1036' title='bbox 969 5803 1083 5870; x_wconf 68' lang='lat' dir='ltr'><strong>tum</strong></span> <span class='ocrx_word' id='word_1_1037' title='bbox 1116 5793 1241 5870; x_wconf 67' lang='lat' dir='ltr'><strong>item</strong></span> <span class='ocrx_word' id='word_1_1038' title='bbox 1274 5794 1412 5870; x_wconf 83' lang='lat' dir='ltr'><strong>unde</strong></span> <span class='ocrx_word' id='word_1_1039' title='bbox 1466 5791 1662 5865; x_wconf 72' lang='lat' dir='ltr'><strong>supra;</strong></span> <span class='ocrx_word' id='word_1_1040' title='bbox 1691 5799 1909 5868; x_wconf 79' lang='lat' dir='ltr'><strong>denique</strong></span> <span class='ocrx_word' id='word_1_1041' title='bbox 1939 5800 2065 5852; x_wconf 82' lang='lat' dir='ltr'><strong>item</strong></span> <span class='ocrx_word' id='word_1_1042' title='bbox 2096 5812 2161 5850; x_wconf 77' lang='lat' dir='ltr'><strong>ex</strong></span> <span class='ocrx_word' id='word_1_1043' title='bbox 2192 5796 2244 5851; x_wconf 91' lang='lat' dir='ltr'><strong>d.</strong></span> <span class='ocrx_word' id='word_1_1044' title='bbox 2281 5831 2341 5851; x_wconf 93' lang='lat'><strong>...</strong></span> <span class='ocrx_word' id='word_1_1045' title='bbox 2369 5791 2598 5870; x_wconf 54' lang='lat' dir='ltr'><strong>aliorum</strong></span> <span class='ocrx_word' id='word_1_1046' title='bbox 2642 5799 2707 5870; x_wconf 59' lang='grc' dir='ltr'><strong>(ᾖ.</strong></span> <span class='ocrx_word' id='word_1_1047' title='bbox 2742 5791 2904 5853; x_wconf 85' lang='lat' dir='ltr'><strong>minio</strong></span> <span class='ocrx_word' id='word_1_1048' title='bbox 2945 5801 3172 5870; x_wconf 83' lang='lat' dir='ltr'><strong>scripsit,</strong></span> <span class='ocrx_word' id='word_1_1049' title='bbox 3204 5814 3300 5870; x_wconf 57' lang='lat' dir='ltr'><strong>sea;</strong></span> <span class='ocrx_word' id='word_1_1050' title='bbox 3347 5797 3427 5870; x_wconf 67' lang='lat' dir='ltr'><strong>ita</strong></span> 
     </span>
    </p>
   </div>
   <div class='ocr_carea' id='block_1_156' title="bbox 163 5861 787 5934">
    <p class='ocr_par' dir='ltr' id='par_1_156' title="bbox 163 5861 787 5934">
     <span class='ocr_line' id='line_1_157' title="bbox 163 5861 787 5934; baseline 0 -15"><span class='ocrx_word' id='word_1_1051' title='bbox 163 5861 324 5927; x_wconf 83' lang='lat' dir='ltr'><strong>capita</strong></span> <span class='ocrx_word' id='word_1_1052' title='bbox 348 5876 412 5915; x_wconf 70' lang='lat' dir='ltr'><strong>ex</strong></span> <span class='ocrx_word' id='word_1_1053' title='bbox 438 5878 540 5919; x_wconf 88' lang='lat' dir='ltr'><strong>uno</strong></span> <span class='ocrx_word' id='word_1_1054' title='bbox 570 5861 787 5934; x_wconf 62' lang='lat' dir='ltr'><strong>{ueiens}</strong></span> 
     </span>
    </p>
   </div>
   <div class='ocr_carea' id='block_1_157' title="bbox 872 5862 2761 5943">
    <p class='ocr_par' dir='ltr' id='par_1_157' title="bbox 872 5862 2761 5943">
     <span class='ocr_line' id='line_1_158' title="bbox 872 5862 2761 5943; baseline 0.004 -26"><span class='ocrx_word' id='word_1_1055' title='bbox 872 5864 909 5893; x_wconf 90' lang='grc'><strong>¹¹</strong></span> <span class='ocrx_word' id='word_1_1056' title='bbox 944 5864 1081 5919; x_wconf 84' lang='lat' dir='ltr'><strong>deest</strong></span> <span class='ocrx_word' id='word_1_1057' title='bbox 1132 5862 1246 5919; x_wconf 73' lang='lat' dir='ltr'><strong>llal.</strong></span> <span class='ocrx_word' id='word_1_1058' title='bbox 1331 5868 1368 5895; x_wconf 83' lang='lat'>”</span> <span class='ocrx_word' id='word_1_1059' title='bbox 1414 5862 1810 5939; x_wconf 69' lang='lat' dir='ltr'><strong>propinquitate</strong></span> <span class='ocrx_word' id='word_1_1060' title='bbox 1826 5862 1973 5943; x_wconf 55' lang='lat' dir='ltr'><strong>&#39;quos</strong></span> <span class='ocrx_word' id='word_1_1061' title='bbox 2004 5874 2280 5943; x_wconf 68' lang='lat' dir='ltr'><strong>(superscr.</strong></span> <span class='ocrx_word' id='word_1_1062' title='bbox 2336 5867 2418 5924; x_wconf 81' lang='lat' dir='ltr'><strong>vel</strong></span> <span class='ocrx_word' id='word_1_1063' title='bbox 2448 5875 2564 5942; x_wconf 82' lang='lat' dir='ltr'><strong>cos)</strong></span> <span class='ocrx_word' id='word_1_1064' title='bbox 2605 5869 2673 5928; x_wconf 75' lang='lat' dir='ltr'><strong>ad</strong></span> <span class='ocrx_word' id='word_1_1065' title='bbox 2700 5870 2761 5926; x_wconf 70' lang='grc' dir='ltr'><strong>(ἐ.</strong></span> 
     </span>
    </p>
   </div>
   <div class='ocr_carea' id='block_1_158' title="bbox 2843 5864 3424 5940">
    <p class='ocr_par' dir='ltr' id='par_1_158' title="bbox 2843 5864 3424 5940">
     <span class='ocr_line' id='line_1_159' title="bbox 2843 5864 3424 5940; baseline 0.01 -21"><span class='ocrx_word' id='word_1_1066' title='bbox 2843 5871 2883 5901; x_wconf 84' lang='grc'><strong>¹³</strong></span> <span class='ocrx_word' id='word_1_1067' title='bbox 2929 5864 3086 5926; x_wconf 79' lang='lat' dir='ltr'><strong>minio</strong></span> <span class='ocrx_word' id='word_1_1068' title='bbox 3117 5864 3323 5940; x_wconf 81' lang='lat' dir='ltr'><strong>scripsit</strong></span> <span class='ocrx_word' id='word_1_1069' title='bbox 3353 5864 3424 5925; x_wconf 71' lang='grc' dir='ltr'><strong>(ἓ.</strong></span> 
     </span>
    </p>
   </div>
  </div>
