3974 6340
107 325 224 381 9οὲ

550 323 704 381 COD.
751 322 1022 381 DIPLOM.
1061 354 1132 365 —
1169 323 1534 380 BENi-ZDICTl
1573 321 2087 380 CAPITULARIUM
2127 322 2524 382 COLLECTIO.
2569 354 2638 366 —
2680 318 2838 377 ADD.
2883 317 2972 377 iV.

3292 323 3396 378 906

226 441 317 514 18.
360 441 438 497 De
480 443 745 499 cuiuslibet
796 443 1008 512 prapria
1041 457 1201 498 uxore
1230 441 1554 514 dimissave!
1579 441 1783 514 Asine'A
1811 439 2078 514 perdant;
2115 449 2171 496 et
2198 439 2638 512 quibcncticium
2663 455 2774 494 non
2799 439 2984 506 habet,
3018 438 3254 495 bannum
3285 441 3398 496 soi-

106 517 270 582 cntpa
293 512 593 584 interfecta.
642 511 975 584 Quicumque
1013 514 1227 584 propria
1252 527 1423 584 uxore
1449 511 1705 584 derelicta

107 581 207 638 vel
227 587 348 639 sine
373 583 529 652 culpa
557 583 863 650 interfecta,
890 581 1056 636 aliam
1076 581 1308 652 duxerit,
1342 581 1505 635 armis
1538 581 1706 649 depo-

109 657 258 718 sitis,
307 651 572 724 publicam
616 663 741 724 agat
784 653 1192 723 paenitentiam.
1227 651 1294 724 Et
1321 653 1365 706 si
1410 658 1706 724 contumax

112 721 824 794 fuerit;corttprelteudatur
864 739 913 794 a~
941 725 1138 778 comite
1164 730 1218 778 et
1241 722 1390 777 ferro
1419 721 1703 786 vinciatur,

114 805 171 850 et
194 797 251 848 in
279 792 582 849 custodiam
627 794 867 850 mittatur
887 792 1061 850 donec
1082 807 1168 850 res
1193 793 1209 823 ¹
1237 794 1306 848 ad
1345 799 1584 847 nostram
1609 806 1707 846 no-

114 865 297 920 titiam
325 855 640 920 deducatur.

193 943 335 1016 119.7
365 943 441 1000 De
461 959 541 1006 eo,
571 942 657 1016 qui
683 959 765 1016 res
791 942 989 1000 alienas
1014 942 1220 1001 cuilibet
1241 944 1436 1016 homini
1467 941 1709 1016 vendide-

116 1017 206 1069 rit.
235 1015 678 1084 Quicumque’res
701 1015 904 1071 alienas
923 1017 1144 1073 cuilibet
1162 1015 1365 1071 homini
1385 1015 1703 1079 vendiderit,

118 1095 175 1141 et
222 1087 340 1143 inse
387 1086 549 1140 homo
576 1084 792 1139 easdem
835 1101 924 1142 res
968 1085 1128 1143 alicui
1158 1086 1311 1140 alteri
1341 1085 1552 1140 dederit
1595 1084 1710 1140 sive

120 1155 450 1217 vendiderit,
481 1164 538 1209 et
574 1155 689 1224 ipse
730 1155 821 1224 qui
852 1165 978 1211 tunc
1001 1156 1221 1214 easdem
1249 1171 1339 1211 res
1368 1163 1710 1224 comparatas

121 1227 308 1297 habet,
352 1242 450 1296 per
492 1223 692 1297 malum
722 1223 991 1297 ingenium
1025 1227 1245 1297 proprio
1281 1226 1390 1281 lilio
1419 1223 1515 1297 aut
1551 1223 1710 1297 alteri

120 1294 369 1351 cuilibet—
397 1294 622 1351 necdum
680 1295 946 1358 legitimos
1001 1294 1174 1352 annos
1213 1297 1428 1351 habenti
1476 1294 1713 1350 iustitiae

123 1367 398 1421 tollendae
437 1380 594 1420 causa
645 1365 950 1431 tradiderit;
993 1369 1241 1422 volumus
1282 1375 1446 1436 atque
1490 1365 1714 1436 firmiter

125 1437 507 1507 praecipimus,
536 1446 590 1488 ut
617 1436 661 1490 si
693 1445 847 1504 pater
872 1437 1112 1493 eiusdem
1135 1437 1340 1506 parvuli
1362 1435 1574 1502 vixerit,
1598 1435 1714 1505 ipse

125 1507 292 1576 intret
345 1509 397 1560 in
445 1521 661 1560 causam
704 1508 965 1564 rationem
996 1507 1254 1564 reddendi
1301 1522 1400 1576 pro
1445 1507 1554 1561 lilio
1590 1519 1712 1560 suo.

124 1575 181 1629 Si
211 1582 393 1630 autem
424 1584 578 1646 pater
603 1584 844 1630 mortuus
867 1586 969 1643 est,
998 1585 1128 1633 tunc
1155 1575 1421 1646 legitimus
1449 1578 1565 1632 eius
1589 1589 1717 1646 pro-

126 1649 380 1716 pinquus,
413 1645 503 1716 qui
525 1645 664 1701 iuste
689 1647 738 1700 ei
769 1654 914 1702 tutor
938 1655 1030 1702 aut
1059 1645 1308 1702 defensor
1333 1663 1452 1702 esse
1481 1645 1711 1712 videtur,

127 1715 229 1788 pro
261 1719 379 1786 ipso
409 1715 675 1788 rationem
705 1716 927 1788 reddere
965 1717 1316 1788 conpellatur.
1362 1717 1620 1773 Similiter
1646 1715 1715 1771 de

1810 517 1900 564 vat
1937 511 1980 564 ⁷.

1877 577 2011 656 129.⁸
2045 579 2112 634 Ut
2134 578 2416 656 periurium
2455 583 2566 656 quis
2599 580 3057 656 faciens__manum
3092 579 3294 656 perdat.
3325 579 3400 634 Dc

1806 663 1893 711 eo,
1922 649 2013 718 qui
2035 651 2326 720 periurium
2379 649 2676 716 fecerit,'ut
2716 650 2916 705 nullam
2964 649 3397 720 redemptionem

1805 720 2002 790 solvat,
2027 719 2131 790 sed,
2147 737 2359 778 manum
2385 725 2593 790 perdat.
2625 720 2782 786 Quod
2832 721 2878 776 si
2931 719 3216 776 accusator
3264 737 3397 775 con-

1807 788 2028 864 tendere
2052 789 2283 864 voluerit
2305 792 2372 848 de
2388 788 2511 864 ipse
2535 791 2773 862 periurio
2799 833 2814 859 ,
2863 799 3008 846 stent
3028 790 3094 844 ad
3136 805 3394 864 crucem;

1805 861 1937 931 etsi
1974 860 2182 915 iurator
2207 860 2439 928 vicerit,
2492 860 2609 931 lege
2654 869 3081 931 suaiaccusator
3121 860 3395 931 emendet.

1809 928 1924 984 Hoc
1974 944 2103 985 vero
2157 931 2227 985 de
2294 928 2588 988 minoribus
2633 930 2812 986 causis
2853 930 3269 986 observandum.
3322 930 3401 986 De

1808 1000 2104 1072 maioribus
2123 1015 2253 1057 vero
2276 1005 2437 1058 rebus
2455 1002 2632 1057 autde
2656 1010 2800 1057 statu
2827 1000 3173 1072 ingenuitatis
3199 1016 3397 1058 secun-

1808 1069 1937 1124 dum
1969 1072 2139 1140 legem
2163 1073 2494 1128 custodiant.

1881 1149 2004 1205 150.
2049 1151 2128 1205 De
2163 1152 2392 1207 vindicta
2437 1161 2489 1208 et
2518 1153 2708 1208 iudicio
2736 1153 3016 1207 latronum.
3062 1152 3141 1208 De
3167 1153 3403 1209 vindicta

1811 1229 1870 1294 et
1899 1222 2096 1276 iudicio
2133 1223 2182 1275 in
2215 1223 2455 1278 latrones
2480 1223 2626 1278 facto
2671 1222 2993 1294 testimonio
3017 1224 3400 1294 episcoporum

1812 1293 2016 1362 absque
2044 1300 2266 1362 peccato
2293 1294 2506 1349 comitis
2549 1307 2672 1350 esse
2704 1294 2924 1357 dicunt,
2984 1293 3065 1348 ita
3088 1293 3302 1356 tamen,
3343 1303 3404 1349 ut

1813 1362 2015 1429 absque
2073 1362 2268 1417 invidia
2297 1371 2393 1418 aut
2439 1362 2725 1420 occasione
2769 1362 2910 1417 mala
2941 1363 3070 1418 nihil
3126 1363 3268 1418 aliud
3331 1364 3406 1419 ibi

1813 1434 2188 1502 interponatur
2215 1433 2316 1504 nisi
2349 1449 2472 1488 vera
2498 1435 2698 1488 iustitia
2721 1433 2788 1488 ad
2809 1431 3212 1504 perliciendum.
3245 1433 3405 1501 Quod

1815 1504 1930 1574 ipse
1955 1503 2174 1574 quiper
2214 1503 2397 1574 odium
2442 1504 2534 1574 vel
2582 1504 2781 1558 malum
2835 1503 3108 1572 ingenium
3152 1503 3254 1558 nisi
3304 1518 3404 1573 pro

1816 1573 2016 1630 iustitia
2039 1573 2282 1644 facienda
2307 1573 2582 1630 hominem
2611 1574 2883 1642 punierit,
2931 1575 3190 1644 honorem
3243 1589 3405 1629 suum

1815 1643 2025 1715 perdat,
2057 1651 2113 1698 ct
2141 1642 2366 1713 legibus,
2399 1653 2589 1699 contra
2618 1659 2777 1715 quem
2805 1644 3004 1715 iniuste
3035 1642 3182 1709 fecit,
3206 1658 3407 1698 secun-

1817 1714 1942 1770 dum
1968 1729 2198 1782 poenam
2220 1730 2381 1784 quam
2414 1715 2595 1770 intulit
2625 1714 2898 1770 emendet.

130 1786 866 1866 aliis_omuibus_iusti§iisead
885 1803 1008 1842 eum
1037 1786 1713 1866 ρὲειςιῑηεηιίδιιεςθξοθρια
1747 1790 1792 1850 Β
1889 1794 2016 1848 ist.
2062 1793 2130 1850 Ut
2157 1797 2298 1866 regia
2354 1796 2582 1849 sanccita
2637 1795 2880 1866 inviolate
2922 1793 3299 1848 custodiantur.
3333 1794 3410 1850 Ea

130 1870 224 1911 sua
257 1857 490 1926 legitima
543 1856 862 1929 hereditate,
898 1856 1056 1926 quae'
1079 1859 1130 1912 ei
1177 1874 1274 1929 per
1317 1856 1713 1929 successionem

131 1936 416 1995 parentum
445 1941 663 1981 suorum
707 1927 944 1992 legitime
971 1927 1192 1984 evenire
1231 1929 1437 1984 debuit.
1479 1928 1634 1994 Quod
1672 1927 1719 1984 si

131 1995 252 2067 quis
294 1999 435 2052 hanc
478 2006 717 2067 nostram
767 1999 1061 2054 iussionem
1099 1999 1482 2067 contempserit
1508 1997 1595 2053 vel
1624 2012 1720 2052 ne-

133 2065 399 2138 glexerit,
414 2067 557 2121 sicut
597 2066 664 2121 de
709 2069 905 2124 ceteris
933 2065 1413 2138 contemptoribus,
1446 2070 1518 2124 ita
1547 2067 1616 2124 de
1652 2082 1719 2124 eo

135 2147 348 2209 agatur.
385 2136 435 2191 ls
461 2151 612 2209 vero,
642 2138 732 2208 qui
765 2139 980 2193 easdem
1019 2154 1105 2194 res
1135 2136 1336 2209 primus
1365 2139 1620 2193 invaserit
1665 2146 1720 2194 et

137 2208 336 2262 iniuste
361 2206 632 2272 vendidit,
660 2206 886 2264 'necnon
917 2217 973 2263 et
991 2206 1289 2279 emptores.
1338 2218 1564 2278 excepta
1605 2209 1722 2266 sola

134 2291 366 2359 persona
396 2279 622 2359 parvuli,
656 2279 785 2359 hoc,
805 2279 946 2348 quod
977 2278 1343 2359 fraudulenter
1367 2280 1720 2359 admiserunt,

138 2348 278 2402 intra
319 2348 550 2418 patriam
578 2351 885 2420 emendare
923 2360 1208 2420 cogantur.
1237 2352 1340 2420 iEt‘
1369 2359 1556 2420 postea
1585 2349 1726 2420 sicui

141 2417 545 2488 contemptores
573 2419 825 2474 iussionis
855 2417 1072 2476 nostrae
1096 2423 1196 2476 sub
1225 2417 1625 2477 ﬁdeiussoribus
1655 2418 1726 2475 ad

140 2497 378 2543 nostram
401 2489 760 2558 praesentiam
786 2489 970 2545 venire
997 2491 1407 2560 compellantur.

215 2569 366 2642 Anno
396 2565 625 2642 feliciter
667 2568 727 2622 11
771 2569 1147 2642 regui_domni
1182 2571 1351 2642 nostri
1389 2570 1567 2628 Karoli
1606 2571 1726 2642 glo-

142 2639 422 2724 riosissimi
444 2639 591 2724 regis
607 2640 666 2724 in
690 2653 876 2724 mense
899 2638 1106 2721 Martio,
1130 2641 1362 2724 qualiter
1387 2638 1730 2724 congregatis

142 2713 196 2766 in
229 2725 390 2763 unum
413 2709 641 2780 sinodali
669 2709 898 2763 concilio
928 2709 1214 2780 episcopis,
1238 2709 1537 2775 abbatibus,
1569 2709 1728 2768 viris-

142 2796 250 2850 que
284 2779 614 2847 inlustribus,
646 2795 751 2833 una
781 2794 901 2833 cum
949 2779 1254 2846 comitibus,
1298 2785 1592 2838 secundum
1635 2784 1729 2838 Dei

141 2852 480 2905 voluntatem
523 2865 618 2918 pro
661 2851 839 2905 causis
894 2852 1212 2920 opportunis
1257 2863 1544 2909 censentur
1582 2856 1603 2884 '
1631 2854 1728 2910 de-

137 2931 313 2977 creta.

217 2990 341 3063 1710.
375 2987 465 3063 _De
511 2990 1064 3063 [ηεινοροζὶιωιίιμῡο
1110 2991 1130 3022 ³
1175 2993 1628 3063 metropolitanis,
1671 3003 1731 3049 ut

143 3060 391 3141 episcopi
436 3059 859 3141 suffragaiieieis
885 3061 1165 3141 adiutores
1187 3065 1209 3093 ⁵
1235 3059 1369 3141 sint,
1395 3073 1450 3119 et
1473 3079 1558 3128 ea,
1588 3059 1728 3135 quae

1823 1880 1975 1932 vero,
2005 1879 2144 1935 quae
2187 1865 2358 1919 bonae
2387 1865 2682 1920 memoriae
2737 1865 2950 1934 genitor
2976 1873 3162 1920 noster
3218 1866 3270 1919 in
3300 1866 3412 1920 suis

1821 1936 2033 2009 placitis
2085 1944 2139 1990 et
2169 1935 2389 2006 synodis
2429 1935 2710 1992 constituit
2752 1949 3080 1990 conservare
3137 1935 3408 1990 volumus.

1893 2015 2014 2071 152.
2057 2015 2136 2070 De
2162 2016 2312 2070 rebus
2340 2017 2696 2082 ecclesiarum,
2711 2014 2774 2069 de
2801 2015 2980 2086 quibus
2996 2030 3180 2069 census
3199 2024 3411 2081 exeunt,

1821 2089 2050 2143 decimae
2074 2096 2122 2140 et
2151 2102 2318 2140 nonac
2340 2087 2625 2141 solvantur.
2678 2087 2753 2140 ile
2802 2085 2964 2140 rebus
2993 2099 3122 2139 vero
3151 2086 3413 2141 ecclesia-

1821 2174 1962 2225 rum,
1989 2156 2132 2212 undc
2148 2171 2290 2211 nunc
2310 2171 2470 2212 censa
2495 2164 2716 2220 exeunt,
2743 2154 2990 2210 decimae
3010 2161 3067 2210 et
3089 2169 3264 2210 nonae
3284 2171 3414 2211 cum

1823 2229 1944 2298 ipso
1972 2241 2138 2284 cense
2191 2227 2502 2289 solvantur,
2530 2235 2586 2282 et
2607 2226 2750 2281 unde
2777 2234 2936 2298 antea
2991 2240 3096 2279 non
3128 2227 3415 2298 exierunt,

1822 2294 2068 2364 similiter
2094 2312 2268 2352 nonae
2287 2307 2344 2352 et
2368 2298 2608 2352 decimae
2629 2297 2843 2351 dentur.
2881 2294 2957 2348 De
3000 2297 3199 2350 casatis
3228 2297 3249 2325 "
3280 2310 3413 2351 vero

1823 2369 2100 2437 sexaginta
2127 2366 2284 2424 solidi
2325 2369 2584 2436 quinque,
2617 2367 2687 2422 de
2727 2367 2942 2437 triginta
2966 2366 3144 2437 solidi
3194 2367 3303 2422 duo
3357 2374 3416 2419 et

1825 2434 2115 2502 dimidius,
2169 2437 2245 2508 de,
2277 2434 2582 2508 quindecim
2629 2436 2929 2508 transmissi
2962 2434 2983 2464 ⁹
3035 2446 3288 2505 quatuor.
3349 2437 3417 2490 Et

1863 2508 2102 2565 recariae
2128 2505 2652 2564 modo'renoveutur.
2677 2505 2846 2561 Etubi
2876 2521 2983 2560 non
3012 2515 3138 2560 sunt
3156 2508 3414 2576 scriptae,

1863 2525 2102 2565 recariae
2128 2525 2288 2563 "1000
2305 2525 2652 2564 renoventur.
2677 2525 2744 2560 bl.
2759 2525 2846 2561 11111
2876 2525 2983 2560 11011
3012 2525 3138 2560 511111
3156 2525 3414 2576 scriptae,

1824 2525 1922 2636 ﬁat
1947 2578 2240 2647 descriptio
2273 2579 2413 2634 inter
2439 2585 2801 2633 conventores
2826 2577 2892 2630 de
2919 2578 3085 2631 verbo
3116 2588 3329 2632 nostro.
3349 2575 3418 2629 Et

1828 2651 1920 2721 qui
1944 2648 2222 2721 praedicta
2251 2649 2433 2721 facere
2462 2648 2733 2714 noluerint
2779 2655 2835 2700 et
2863 2659 3174 2721 Asp'vnlanea
3225 2647 3420 2721 volun-

1831 2717 2104 2775 t‘ate‘haee
2130 2719 2233 2774 tria
2256 2720 2564 2788 persolvere
2591 2725 2646 2772 et
2668 2717 2941 2788 precariae
2969 2717 3219 2788 accipere
3254 2718 3420 2788 citis-

1829 2790 1966 2847 sime
1986 2785 2310 2850 distulerint.
2345 2789 2573 2858 perdant
2609 2785 3060 2858 beneficia,quae
3109 2787 3419 2858 habebant;

1829 2875 1970 2932 quae
1997 2869 2179 2932 tamen
2208 2857 2638 2932 ecclesia,__unde
2665 2865 2840 2932 erant,
2868 2857 3072 2926 absque
3099 2857 3261 2932 ullius
3283 2871 3422 2932 con-

1829 2925 2158 3056 gradictione
2186 2930 2273 2986 vel
2303 2929 2690 3001 impedimento
2717 2927 2770 2981 in
2822 2925 3140 2998 perpetuum
3162 2927 3264 2982 sibi
3295 2925 3414 2981 vin-

1869 3015 1948 3056 tce
1977 3040 1992 3054 .

1869 3001 1992 3056 icet.

1905 3079 2027 3134 15⁸5.
2073 3079 2142 3134 Ut
2177 3080 2240 3134 de
2265 3081 2480 3136 cerariis
2507 3081 2583 3135 ita
2607 3081 2704 3151 ﬁat
2735 3121 2752 3148 ,
2801 3078 3288 3151 sicut-constitutum
3308 3085 3415 3151 est.

146 3129 276 3217 eiga
321 3129 666 3211 ministerium
716 3131 929 3217 illorum
976 3132 1313 3214 emendanda
1365 3129 1721 3205 cognoscunt,

1836 3129 2158 3207 Deserat-viis
2178 3129 2240 3207 Εἰ
2266 3129 3115 3208 istiuas};amissaa?iis
3131 3129 3420 3217 regem;

143 3199 333 3256 libenti
362 3200 538 3255 animo
560 3201 843 3255 emendeut
866 3210 1025 3270 atque
1049 3203 1338 3271 corrigunt.

218 3279 340 3334 121.
387 3279 460 3334 De
484 3281 735 3355 episcOpis
763 3281 1091 3355 ordinandis.
1124 3283 1200 3338 De
1226 3285 1514 3355 episcopis.
1549 3283 1647 3341 Ubi
1675 3285 1726 3342 in

147 3366 406 3476 praesen?
437 3351 676 3423 episcopi
695 3351 932 3407 ordinati
979 3369 1084 3408 non
1106 3360 1232 3409 sunt
1246 3351 1274 3421 ,ἡ
1307 3351 1428 3412 sine
1475 3356 1728 3413 tarditate

148 3436 207 3475 or
247 3435 369 3474 mea
399 3435 481 3474 ur.

148 3435 481 3475 ordinentur.

219 3499 347 3575 ηε.
382 3498 461 3554 De
485 3501 814 3575 mortasteriis
841 3502 932 3575 sub
959 3503 1140 3575 regula
1185 3506 1494 3560 constitutis.
1520 3504 1588 3562 Ut
1608 3523 1725 3563 mo-

157 3571 406 3646 nasteyia,
425 3586 566 3641 quae
594 3573 696 3627 sub
726 3574 911 3646 regula
944 3571 1162 3646 fuerint,
1185 3577 1499 3646 subregula
1523 3579 1723 3632 vivant.

156 3638 483 3713 Similiteret
498 3638 833 3713 monasteria
877 3645 1174 3713 puellarum
1216 3638 1457 3700 ordinEm
1481 3657 1726 3702 sanctum

135 3707 567 3792 'eusttxlialtl..liit
611 3707 966 3792 unaquaeque
989 3716 1268 3792 abbatissa
1313 3715 1368 3770 in
1402 3732 1502 3772 suo
1539 3733 1729 3772 mona-

139 3783 312 3835 sterio
334 3783 453 3836 sine
474 3783 873 3838 intermissione
898 3785 1149 3839 resideat.

214 3857 342 3938 125.
382 3857 461 3938 De
490 3869 745 3938 iotestate
768 3863 1126 3938 episcoporum
1155 3882 1308 3938 super
1349 3867 1654 3935 presbiteros
1678 3877 1727 3921 et

132 3927 376 4002 clericos.
415 3926 481 3984 Ut
509 3931 748 4002 episcopi
782 3926 849 3987 de
877 3926 1188 4002 presbitcris
1217 3926 1296 3991 'et
1334 3926 1548 3992 clericis
1591 3938 1726 3992 infra

133 4001 360 4059 inornm
389 4001 728 4071 parrochiam
771 4001 1094 4073 potestatem
1146 4008 1381 4063 habeant
1430 4007 1724 4064 secundum

135 4085 409 4125 canones.

210 4147 338 4202 121.
381 4148 461 4227 pe
498 4151 798 4227 incestuosis
844 4154 1153 4227 nominibus.
1188 4156 1256 4211 Ut
1294 4156 1532 4227 episcopi
1581 4158 1726 4212 ince.

135 4225 362 4296 stuosus
390 4221 952 4296 immines_cmemleut
992 4233 1060 4296 et
1100 4221 1347 4296 magnam
1397 4221 1726 4295 diligentiam

135 4287 381 4368 habeant
405 4302 472 4368 ex
504 4291 604 4346 eis.
633 4291 738 4368 Sed
764 4302 820 4368 et
845 4294 911 4348 de
954 4294 1128 4368 viduis
1159 4287 1520 4368 itifraisuam'
1538 4313 1730 4368 parro-

133 4360 323 4413 chiam
347 4366 667 4427 potestatem
691 4361 926 4417 habeant
943 4367 1009 4418 ad
1039 4367 1436 4434 corrigendum.

212 4434 343 4514 1_
384 4435 463 4514 _De
490 4441 700 4514 alterius
723 4443 910 4496 clerico
936 4445 1161 4514 episwpi
1196 4461 1297 4498 non
1325 4445 1615 4512 recipiendo
1635 4463 1726 4500 nec

132 4506 458 4588 ordinando.
490 4509 558 4564 Ut
600 4527 710 4588 non
743 4514 900 4566 liceat
929 4506 1152 4588 alterius
1188 4506 1442 4570 clericum
1483 4518 1726 4588 recipere

131 4591 245 4632 nec
266 4575 519 4634 ordinare
547 4582 611 4632 ad
639 4582 871 4650 aliqu-sm
914 4584 1157 4652 gradum.

215 4653 365 4732 196;.
387 4654 468 4732 De
492 4658 782 4732 homicidia,
813 4665 897 4732 qui
945 4665 1224 4718 secundum
1256 4667 1416 4732 legem
1457 4669 1588 4722 mori
1630 4669 1724 4722 de-

132 4725 286 4803 ξειει.
325 4721 389 4803 Ut
414 4727 716 4803 homicidae
745 4721 1021 4803 vel'ceteri
1054 4735 1170 4798 rei,
1219 4721 1542 4803 quiulegibus
1587 4721 1724 4792 modii

131 4791 367 4876 debent,
398 4796 443 4876 si
464 4797 534 4850 ad
556 4801 876 4876 accelesiani
916 4791 1278 4876 coitlttgcritni,
1307 4791 1417 4860 non
1459 4791 1726 4862 cacus-en;

133 4870 356 4984 tqgret
379 4869 425 4916 si
449 4881 510 4922 se
537 4869 827 4925 emendare
857 4872 878 4902 ⁵
920 4875 1208 4941 noluerint,
1239 4876 1416 4931 nullus
1448 4879 1526 4932 eis
1557 4879 1733 4932 victus.

129 4952 150 4984 ι
317 4970 332 4984 ο

223 5009 348 5065 127.
390 5010 699 5094 De_decimis
719 5014 928 5094 demtis.
960 5021 1035 5075 De
1069 5021 1314 5078 decimis.
1349 5024 1418 5080 Ut
1438 5026 1728 5094 unusquis-

126 5095 253 5150 que
281 5095 432 5166 suam
458 5083 720 5166 decimam
749 5087 916 5142 donet
959 5097 1121 5158 atque
1164 5105 1262 5159 per
1302 5083 1732 5166 iussionem'epi-

125 5152 295 5220 scopi
337 5151 695 5220 dispensetur.

215 5227 344 5302 1:28.
385 5227 464 5282 De
484 5230 769 5302 latronibus
797 5236 863 5286 ad
893 5235 1138 5302 placitum
1176 5240 1377 5294 comitis
1402 5242 1725 5299 cxltibcndis.

129 5299 487 5379 Utiatrpnes
514 5301 583 5354 de
615 5301 752 5355 infra
787 5299 1139 5379 emunita_tem
1168 5308 1188 5338 °
1216 5309 1290 5363 illi
1322 5310 1526 5366 iudices
1556 5314 1608 5367 in
1638 5332 1730 5368 co-

122 5368 982 5451 initispplacitumpraesenteut._
1016 5375 1080 5430 Et
1103 5379 1198 5451 qui
1219 5379 1332 5451 hoc
1360 5396 1467 5435 non
1518 5382 1729 5451 fecerit,

125 5440 468 5518 beneﬁcium
491 5448 548 5494 et
571 5442 830 5518 honorem
858 5446 1065 5518 perdat.
1097 5440 1358 5503 Similiter
1395 5453 1534 5506 vassi
1565 5440 1731 5508 nostri

122 5507 179 5562 si
227 5507 365 5563 haec
400 5523 508 5564 non
554 5507 985 5582 adimplc‘rerint,
1016 5518 1334 5574 beneﬁcium
1365 5528 1420 5575 et
1466 5507 1728 5578 honorem

1832 3232 2075 3290 tempore
2107 3222 2268 3288 longo
2295 3224 2574 3278 decretum
2605 3229 2707 3277 est.

1903 3301 2027 3357 151.
2066 3300 2146 3372 die
2174 3302 2358 3372 aliquis
2380 3318 2493 3372 pro
2524 3301 2755 3372 gildonia
2775 3369 2783 3372 Α
2807 3309 3189 3372 sacramentum
3243 3301 3421 3372 facere

1830 3373 2040 3427 audeat.
2075 3371 2152 3425 De
2179 3369 2531 3442 sacramentis
2557 3387 2654 3442 pro
2681 3369 2916 3440 gildonia
2946 3371 3175 3442 invicem
3224 3370 3421 3442 coniu-

1831 3443 2093 3506 rantibus,
2124 3449 2183 3495 nt
2212 3456 2372 3496 nemo
2395 3439 2573 3498 facere
2603 3439 2931 3511 praesumat.
2957 3440 3079 3494 Alio
3105 3454 3234 3511 vero
3261 3439 3421 3493 modo

1831 3515 1898 3568 de
1928 3513 2145 3566 illorum
2174 3511 2487 3567 elemosinis
2513 3509 2701 3565 autde
2729 3510 2995 3566 incendiis
3021 3517 3114 3562 aut
3160 3509 3227 3563 de
3283 3523 3427 3565 nau-.

1830 3582 2033 3652 fragiis,
2063 3582 2308 3651 quamvis
2336 3581 2701 3637 conibcntiam
2739 3577 2962 3646 faciant,
2991 3593 3150 3634 nemo
3208 3579 3264 3634 in
3321 3579 3424 3632 hoc

1830 3654 2010 3709 iurare
2035 3660 2364 3722 praesumat.

1902 3717 2129 3786 135.-th
2151 3732 2403 3802 palatium
2447 3738 2712 3802 pergentes
2755 3745 2902 3784 nemo
2944 3717 3174 3802 adsalire
3213 3728 3423 3784 audeat.

1830 3802 1907 3858 De
1932 3802 2270 3864 iterantibus,
2301 3800 2389 3870 qui
2419 3800 2486 3854 ad
2513 3800 2773 3870 palatium
2827 3806 2920 3852 aut
2972 3800 3135 3870 aliubi
3166 3810 3420 3868 pergunt,

1828 3881 1890 3926 ut
1917 3886 2014 3926 eos
2043 3885 2139 3940 per
2161 3869 2444 3925 collectam
2492 3869 2652 3940 nemo
2701 3869 2785 3940 sit
2828 3883 2991 3922 ausus
3045 3869 3296 3922 adsalire.
3358 3872 3424 3920 Et

1829 3957 1990 3997 nemo
2012 3938 2233 3994 herbam
2255 3941 2475 3994 alterius
2488 3938 2819 3993 defensionis
2842 3945 3089 4005 tempore
3113 3947 3425 4006 praesumat

1829 4012 2040 4074 tollere,
2071 4011 2172 4064 nisi
2201 4011 2254 4063 in
2282 4010 2492 4064 hostem
2518 4018 2707 4078 pergat
2729 4016 2823 4061 aut
2849 4009 3045 4060 missus
3098 4015 3282 4060 noster
3325 4009 3417 4060 sit.

1902 4091 2023 4146 136.
2058 4092 2130 4145 De
2152 4091 2748 4157 teloneis,sicutalongo
2772 4090 3029 4157 decretum
3061 4097 3417 4149 cst,servctur.

1830 4164 1905 4220 De
1930 4162 2182 4225 teloneis,
2210 4162 2440 4232 qualiter
2467 4169 2623 4232 antea
2658 4155 2942 4232 Iarbannfti
2977 4155 3212 4232 fuerunt,
3232 4159 3423 4212 ob~er-

1828 4242 2001 4293 vetur,
2030 4241 2088 4286 nt
2119 4227 2279 4286 nemo
2321 4231 2474 4286 tollat
2502 4230 2601 4284 nisi
2625 4227 2772 4298 quod
2802 4230 2867 4282 ab
2899 4229 3123 4296 antiquo
3177 4239 3423 4299 tempore

1829 4312 2088 4360 statutum
2122 4312 2258 4358 erat.

1898 4384 2022 4438 157.
2055 4382 2131 4436 De
2157 4381 2428 4448 mancipiis
2473 4396 2574 4435 non
2606 4379 2878 4434 vendendis
2910 4379 3013 4435 nisi
3038 4379 3092 4433 in
3133 4383 3424 4448 praesentia

1830 4463 2104 4510 rectorum.
2129 4452 2206 4509 De
2234 4451 2534 4522 mancipiis,
2564 4459 2624 4505 ut
2651 4465 2758 4522 non
2788 4451 3089 4506 vendantur
3113 4453 3214 4506 nisi
3246 4464 3336 4506 aut
3370 4455 3422 4505 iu

1832 4525 2134 4598 praesentia
2183 4521 2426 4598 episcopi
2471 4522 2557 4577 vel
2603 4521 2820 4598 comitis
2868 4530 2960 4598 aut
3008 4522 3421 4598 i_n_pracse_uti_a

1830 4591 2198 4653 archidiaconi
2223 4591 2322 4648 aut
2343 4591 2638 4648 centenarii
2657 4600 2750 4645 aut
2773 4591 3092 4645 vicedomini
3117 4600 3208 4645 aut
3235 4592 3424 4646 iudicis

1829 4666 2042 4723 comitis
2078 4677 2173 4719 aut
2207 4674 2335 4719 ante
2357 4664 2492 4718 bene
2519 4670 2644 4717 nota
2689 4662 3018 4716 testimonia.
3074 4660 3140 4714 Et
3183 4673 3242 4714 ut
3295 4661 3424 4714 furis

1831 4751 2066 4792 marcam
2096 4750 2255 4790 nemo
2284 4733 2549 4802 mancipia
2578 4732 2795 4786 vendat.
2831 4730 2898 4784 Et
2925 4731 3017 4798 qui
3049 4731 3161 4802 hoc,
3212 4730 3418 4790 iecerit.

1829 4815 2006 4863 tantas
2032 4808 2175 4861 vices
2205 4809 2434 4858 bannum
2465 4799 2658 4865 solvat,
2690 4809 2891 4870 quanta
2931 4799 3199 4870 mancipia
3230 4802 3421 4855 vendi-

1830 4877 1926 4931 dit.
1955 4874 2091 4928 Etsi
2123 4890 2229 4928 non
2257 4875 2419 4928 habet
2448 4871 2701 4940 pretium,
2727 4871 2781 4926 in
2827 4870 3058 4924 wadium
3113 4885 3211 4939 pro
3261 4886 3423 4925 servo

1835 4945 2184 5014 semetipsum
2211 4942 2395 4998 comiti
2436 4941 2624 5009 donet,
2657 4955 2827 5011 usque
2864 4941 2991 4995 dum
3018 4940 3134 5010 ipse
3185 4941 3420 4995 bannum

1835 5015 2028 5072 solvat.

1913 5094 2034 5148 1'58.
2071 5091 2146 5147 De
2173 5093 2344 5147 loricis
2390 5101 2536 5146 extra
2565 5105 2778 5160 regnum
2832 5105 2935 5143 non
2986 5088 3286 5160 vendendis.
3349 5090 3425 5146 Dc

1837 5166 2042 5219 brnaiis
2061 5203 2078 5229 ,
2109 5172 2165 5218 ut
2195 5163 2372 5219 nullus
2409 5163 2554 5217 foras
2585 5159 2772 5215 uestro
2801 5173 2968 5229 regno
2994 5159 3228 5215 vendere
3258 5176 3424 5230 prae-

1836 5247 2037 5290 sumat.

1910 5315 2031 5370 1'59.
2069 5314 2142 5369 De
2161 5315 2346 5369 comite
2370 5311 2592 5367 iustitias
2621 5326 2724 5364 non
2754 5312 2986 5380 faciente.
3040 5309 3098 5364 Si
3144 5323 3328 5364 comes
3369 5311 3422 5364 in

1833 5401 1933 5440 suo
1955 5385 2252 5439 ministerio
2285 5383 2511 5436 iustitias
2533 5395 2640 5435 non
2669 5380 2876 5443 fecerit,
2909 5380 3084 5434 missis
3111 5380 3311 5434 nostris
3351 5380 3422 5435 de

1834 5456 1946 5509 suis
1972 5455 2178 5510 exeniis
2203 5455 2424 5517 serviat,
2455 5465 2626 5519 usque
2654 5450 2779 5504 dum
2831 5450 3065 5504 iustitiae
3119 5451 3190 5504 ibi
3243 5456 3424 5506 tactae

1836 5524 2052 5580 fuerint.
2087 5523 2152 5577 Et
2180 5525 2226 5579 si
2249 5539 2434 5577 vassus
2463 5533 2647 5576 noster
2672 5520 2900 5575 iustitias
2929 5536 3038 5574 non
3063 5519 3269 5586 fecerit,
3299 5531 3424 5578 tunc
3499 5589 3501 5594 η

1249 5615 1269 5634 ⁶
1365 5632 1754 5695 VARIANTES
1791 5635 2190 5693 LECTIONES.

217 5730 252 5817 ’γ
275 5730 415 5817 άςεει
445 5735 558 5817 ﬁat.
593 5809 608 5817 Α
629 5739 650 5767 ‘
674 5754 724 5794 c.
757 5740 959 5817 utiliter
987 5755 1108 5817 esse
1129 5740 1339 5817 (1.ΑΒ..1.
1411 5745 1432 5777 ³
1456 5745 1530 5817 De
1551 5745 1979 5817 metropoiitauis
2007 5746 2189 5799 ίιρειιηι
2218 5743 2322 5817 17..Δ
2369 5743 2388 5773 ⁸
2413 5743 2640 5798 subiecti
2673 5742 2968 5817 (Iupituiure
2991 5744 3119 5796 anni
3145 5743 3261 5817 779.
3290 5815 3297 5817 _
3341 5745 3422 5817 “si

130 5816 265 5858 otns
294 5802 426 5858 dare
451 5804 492 5858 (ἱ
591 5809 610 5838 ⁸
639 5813 1020 5865 communitate
1047 5812 1111 5866 G.
1186 5815 1203 5844 τ
1230 5816 1447 5885 habent,
1473 5816 1524 5872 b.
1550 5802 1761 5873 solvan't
1787 5815 1908 5872 Bal.
1985 5817 2005 5847 ⁸
2035 5832 2097 5871 ea
2128 5816 2258 5869 satis
2280 5813 2343 5868 (ὲ.
2421 5817 2441 5844 τ’
2468 5825 2613 5869 trans
2634 5802 2810 5869 uiSsizs
2837 5813 2901 5868 ϐ.
2950 5816 2988 5843 ¹⁰
3013 5815 3327 5870 cartallariis
3357 5814 3421 5868 ϐ.

553 5901 823 5961 l’naoL.
867 5909 1119 5972 XCVII.

2948 5926 3026 5984 29
