3974 6340
61 352 191 408 9οὲ
537 351 692 408 COD.
738 350 1010 409 DIPLOM.
1049 383 1118 393 —
1157 351 1521 408 BENEDICTI
1560 351 2074 410 CAPITULARIUM
2115 351 2511 412 COLLECTIO.
2555 384 2625 396 —
2666 349 2824 408 ADD.
2869 347 2959 407 IV.
3279 354 3383 410 906

194 469 301 544 19»Ῑ
345 469 426 524 De
444 543 447 544 ν
467 471 732 544 cuiuslibet
783 471 996 540 prapria
1028 486 1188 544 uxore
1217 471 1432 525 dimissa
1455 471 1541 544 vel
1567 469 1770 544 sine'A
1798 468 2025 544 perdant
2050 486 2066 535 ;
2103 478 2158 526 et
2185 471 2274 542 qui
2304 469 2624 526 beneﬁcium
2649 485 2759 525 non
2786 469 2970 537 habet,
3004 469 3240 526 batillum
3271 472 3384 526 sol-

62 545 246 610 cuipa
272 539 580 612 interfecta.
629 539 962 612 Quicumque
1000 543 1215 612 pr0pria
1244 556 1410 595 uxore
1437 539 1714 612 derelicta
1797 540 1967 612 vat_"_.

64 614 166 666 vel
197 614 333 666 sine
359 611 516 680 culpa
545 610 850 678 interfecta,
881 610 1042 665 aliam
1063 611 1294 675 duxerit,
1330 610 1492 664 armis
1525 610 1694 678 depoo

66 684 232 746 sitis,
288 682 559 752 publicam
603 691 728 752 ngat
771 681 1179 750 poenitentiam.
1214 680 1352 752 Etsi
1397 687 1693 752 contumax

69 750 811 822 fuerit;comprehendatur
851 767 901 822 a~
927 753 1126 806 comite
1151 759 1205 806 et
1229 751 1377 806 Terro
1405 750 1690 816 vinciatur,

72 832 136 877 et
163 825 224 876 in
257 820 568 877 custodiam
615 821 854 877 mittatur
874 820 1048 878 donec
1069 835 1155 879 res
1180 822 1197 851 ¹
1225 822 1293 876 ad
1333 828 1572 876 nostram
1596 835 1694 875 no-

72 893 277 948 titiam
308 881 626 947 deducatur.

161 971 319 1044 H9.
350 970 427 1027 De
447 987 527 1033 eo,
557 969 644 1044 qui
669 987 752 1044 res
779 970 976 1029 alienas
1001 971 1207 1030 cuilibet
1228 973 1424 1029 homini
1453 970 1696 1044 vendide-

75 1045 175 1096 rit.
209 1042 665 1112 Quicumque‘res
688 1043 891 1100 alienas
910 1045 1131 1102 cuilibet
1150 1044 1352 1099 homini
1372 1043 1690 1108 vendiderit,

79 1123 142 1168 et
195 1114 324 1172 ipse
372 1113 536 1167 homo
563 1112 778 1167 easdem
821 1129 910 1170 res
955 1113 1115 1172 alicui
1144 1114 1298 1169 alteri
1327 1113 1539 1170 dederit
1582 1113 1697 1169 sive

81 1183 436 1245 vendiderit,
468 1193 524 1237 et
561 1184 675 1252 ipse
717 1183 808 1252 qui
839 1193 965 1239 tunc
988 1185 1208 1242 easdem
1236 1199 1325 1240 res
1355 1193 1696 1253 comparatas

83 1254 291 1326 habet,
337 1269 436 1324 per
479 1254 680 1326 malum
708 1253 978 1326 ingenium
1012 1256 1232 1326 proprio
1267 1255 1376 1310 lilio
1406 1263 1502 1326 aut
1537 1253 1696 1326 alteri

84 1322 354 1379 miiiihet'
382 1322 608 1378 necdum
667 1323 934 1385 legitimos
987 1322 1160 1381 annos
1199 1325 1414 1380 habenti
1463 1323 1700 1379 iustitiae

87 1395 383 1448 tollendae
423 1407 581 1448 causa
631 1394 937 1459 tradiderit;
980 1397 1228 1452 volumus
1269 1404 1432 1464 atque
1477 1395 1701 1450 ﬁrmiter

90 1465 493 1535 praecipimus,
523 1473 576 1516 ut
604 1464 648 1518 si
680 1473 834 1532 pater
858 1465 1098 1521 eiusdem
1121 1466 1326 1535 parvuli
1348 1465 1560 1531 vixerit,
1585 1464 1700 1534 ipse

1864 606 1998 685 129._
2032 609 2099 664 Ut
2121 612 2402 685 periurium
2441 612 2553 685 quis
2585 610 3042 685 faciens__manum
3078 610 3280 685 perdat.
3311 611 3386 666 De

1793 692 1880 750 eo,
1909 679 2313 750 qui'periurium
2366 679 2663 745 iecerit,’ut
2703 680 2902 735 nullam
2950 679 3384 750 redemptionem

1793 749 1988 820 solvat,
2013 748 2346 820 sedmanum
2372 755 2580 820 perdat.
2611 749 2769 815 Quod
2818 751 2865 805 si
2917 748 3202 808 accusator
3250 767 3383 805 cou-

1794 817 2016 893 tendere
2039 818 2270 893 voluerit
2292 822 2358 877 de
2375 817 2498 893 ipso
2521 821 2759 892 periurio
2785 862 2800 889 ,
2849 829 2995 875 stent
3014 820 3080 874 ad
3122 835 3380 893 crucem;

1792 897 1852 961 et
1877 890 1923 944 si
1960 889 2172 961 iurator
2194 889 2425 956 vicerit,
2479 889 2595 961 lege
2640 899 3067 961 suaqaccusator
3107 891 3382 961 emendet.

1795 957 1910 1013 Hoc
1961 973 2089 1014 vero
2144 960 2214 1015 de
2281 957 2574 1018 minoribus
2619 959 2798 1016 causis
2838 960 3255 1016 observandum.
3309 961 3386 1017 De

1795 1030 2090 1101 maioribus
2110 1044 2240 1086 vero
2263 1034 2423 1088 rebus
2441 1031 2618 1086 autde
2642 1040 2786 1087 statu
2813 1031 3159 1101 ingenuitatis
3185 1046 3383 1088 secun-

1795 1099 1924 1154 dum
1955 1102 2126 1169 legem
2150 1103 2480 1158 custodiant.

1867 1179 1990 1234 150.
2034 1180 2114 1234 De
2149 1181 2378 1236 vindicta
2423 1191 2476 1238 et
2504 1183 2693 1238 iudicio
2722 1183 3002 1238 latronum.
3049 1183 3127 1238 De
3152 1183 3389 1240 vindicia

1797 1258 1856 1324 et
1885 1251 2082 1306 iudicio
2118 1252 2168 1304 in
2202 1252 2440 1324 latrones
2467 1253 2613 1308 facto
2658 1253 2977 1324 testimonio,
3003 1255 3385 1324 episcoporum

1798 1322 2001 1392 absque
2029 1329 2252 1392 peccato
2279 1323 2492 1379 comitis
2535 1337 2658 1379 esse
2690 1324 2910 1388 dicunt,
2969 1322 3288 1386 ita—tamen,
3328 1333 3391 1379 ut

1799 1391 2001 1458 absque
2034 1391 2254 1447 invidia
2283 1401 2378 1448 aut
2425 1392 2711 1450 occasione
2755 1392 2895 1448 mala
2927 1393 3056 1449 nihil
3112 1393 3255 1448 aliud
3317 1395 3392 1449 ibi

1800 1463 2174 1534 interponatur
2202 1463 2302 1534 nisi
2334 1479 2458 1518 vera
2484 1464 2684 1519 iustitia
2706 1463 2774 1518 ad
2795 1461 3198 1534 perliciendum.
3231 1463 3390 1531 Quod

91 1535 273 1606 intret
329 1536 383 1587 in
431 1549 647 1588 causam
689 1535 952 1590 rationem
983 1536 1240 1592 reddendi
1287 1551 1386 1606 pro
1432 1536 1540 1591 lilio
1576 1548 1697 1590 suo.

90 1603 153 1657 Si
185 1610 380 1658 autem
410 1611 564 1675 pater
589 1613 830 1659 mortuus
853 1614 956 1672 est,
984 1614 1114 1662 tunc
1141 1603 1407 1675 legitimus
1436 1607 1551 1661 eius
1575 1618 1703 1675 pro-

93 1677 366 1743 pinquus,
399 1673 489 1744 qui
513 1673 650 1729 iuste
675 1675 725 1729 ei
755 1683 901 1731 tutor
924 1684 1016 1730 aut
1045 1673 1294 1731 defensor
1319 1691 1437 1731 esse
1467 1673 1696 1741 videtur,

95 1758 206 1816 pro
240 1747 364 1814 ipso
394 1746 655 1816 rationem
691 1744 914 1816 reddere
951 1746 1302 1816 conpellatur.
1348 1745 1606 1802 Similiter
1633 1745 1701 1800 de

1801 1533 2160 1604 ipsequiper
2200 1533 2383 1588 odium
2427 1534 2520 1604 vel
2568 1534 2766 1588 malum
2800 1533 3093 1602 ingenium
3138 1535 3239 1589 nisi
3289 1549 3390 1604 pro

1801 1602 2002 1674 iustitia
2025 1602 2267 1674 facienda
2292 1603 2567 1660 hominem
2597 1604 2868 1673 punierit,
2916 1605 3176 1674 honorem
3229 1602 3391 1660 suum

1801 1673 2012 1746 perdat,
2043 1681 2099 1728 et
2127 1672 2352 1743 legibus,
2385 1683 2574 1730 contra
2601 1672 2762 1746 quem
2790 1674 2990 1746 iniuste
3021 1672 3167 1739 fecit,
3191 1689 3392 1729 set-un-

1802 1745 1928 1800 dum
1954 1758 2184 1812 poenam
2205 1759 2366 1814 quam
2399 1745 2580 1800 intulit
2611 1745 2882 1800 emendet.

99 1814 852 1895 aliis_on_u_tibusjustitiisad
872 1831 994 1871 eum
1024 1814 1699 1895 pertinentibus;escepla
1733 1819 1778 1878 Β
1876 1824 2003 1878 151.
2047 1823 2116 1879 Ut
2143 1827 2284 1895 regia
2340 1827 2568 1879 sanccita
2622 1825 2865 1879 inviolate
2907 1824 3284 1879 custodiantur.
3318 1825 3395 1880 Ea

100 1898 200 1938 sua
236 1884 477 1954 legitima
528 1885 847 1957 hereditate,
884 1884 1042 1954 quae'
1065 1888 1115 1941 ei
1163 1903 1260 1957 per
1302 1884 1699 1957 successionem

102 1963 402 2023 parentum
431 1969 649 2009 suorum
694 1955 930 2022 legitime
957 1955 1179 2012 evenire
1217 1957 1423 2014 debuit.
1465 1957 1620 2023 Quod
1657 1956 1705 2012 si

102 2023 231 2096 quis
276 2027 438 2096 hanc,
464 2034 703 2096 nostram
754 2027 1046 2082 iussionem
1085 2028 1466 2096 contempserit
1495 2026 1580 2082 vel
1609 2041 1706 2082 ne-

105 2093 542 2166 glexerittsicat
583 2095 650 2150 de
694 2098 890 2152 ceteris
919 2093 1398 2166 contemptoribus,
1432 2099 1503 2154 ita
1533 2097 1601 2154 de
1637 2112 1705 2152 eo

107 2174 334 2238 agatur.
371 2165 421 2220 is
445 2179 598 2238 vero,
627 2167 717 2236 qui
750 2168 966 2222 easdem
1005 2183 1090 2222 res
1120 2165 1322 2238 primus
1350 2168 1606 2223 invaserit
1650 2175 1706 2224 et

109 2236 320 2290 iniuste
346 2235 617 2308 vendidit,
644 2235 871 2308 necnon
902 2245 958 2308 et
974 2235 1274 2308 emptores,
1323 2247 1549 2308 excepta
1591 2239 1707 2295 sola

107 2319 351 2387 persona
381 2307 608 2387 parvuli,
641 2307 770 2387 hoc,
790 2307 932 2377 quod
963 2307 1328 2387 fraudulenter
1352 2307 1706 2387 admiserunt,

112 2377 258 2430 intra
302 2377 534 2446 patriam
561 2379 870 2449 emendare
909 2384 1193 2448 cogantur.
1221 2381 1324 2449 "Et
1354 2389 1541 2449 postea
1571 2379 1711 2449 sicut

115 2453 530 2516 contemptores
558 2447 810 2502 iussionis
840 2446 1058 2504 nostrae
1081 2453 1182 2505 sub
1210 2446 1609 2506 ﬁde‘uissoribus
1639 2447 1711 2504 ad

113 2525 362 2571 nostram
385 2518 744 2585 praesentiam
771 2518 956 2574 venire
982 2521 1392 2589 compellantur.

193 2598 350 2671 Anno
380 2594 610 2671 feliciter
651 2595 712 2650 11
755 2597 929 2671 regni
951 2597 1133 2671 domui
1167 2601 1336 2671 nostri
1373 2599 1552 2657 Karoli
1590 2601 1711 2671 glo-

117 2667 406 2752 riosissimi
427 2667 575 2752 regis
590 2668 650 2752 in
674 2681 860 2752 mense
883 2666 1091 2750 Martio,
1115 2670 1347 2752 qualiter
1372 2666 1715 2752 congregatis

118 2741 174 2793 in
208 2753 374 2809 unum
396 2737 625 2809 sinodali
653 2738 883 2792 concilio
913 2737 1199 2809 episcopis,
1223 2737 1520 2805 abbatibus,
1554 2737 1712 2797 viris-

120 2824 230 2878 que
266 2808 598 2875 inlustribus,
629 2823 736 2862 una
766 2823 885 2861 cum
934 2808 1238 2875 comitibus,
1283 2814 1575 2867 secundum
1619 2813 1713 2868 Dei

120 2879 463 2933 voluntatem
505 2893 600 2946 pro
645 2879 823 2933 causis
878 2881 1196 2949 opportunis
1242 2893 1528 2938 censentur
1566 2885 1587 2914 ’
1615 2883 1712 2938 de-

117 2959 296 3004 creta.

197 3018 324 3092 sit).
358 3015 448 3092 _De
493 3018 1050 3092 metropolitanis.A_De
1094 3019 1115 3052 ³
1159 3021 1612 3092 metropolitanis,
1655 3032 1715 3079 ut

123 3088 375 3168 episcopi
419 3087 843 3170 subragaueieis
870 3089 1150 3170 adiutores
1172 3093 1194 3122 δ
1221 3087 1354 3170 sint,
1378 3102 1435 3148 et
1457 3109 1542 3158 ea,
1572 3087 1712 3164 quae

1808 1909 1961 1961 vero,
1991 1909 2130 1964 quae
2173 1896 2344 1949 bonae
2373 1896 2668 1951 memoriae
2719 1895 2935 1964 genitor
2961 1904 3146 1950 noster
3203 1897 3256 1950 in
3285 1897 3398 1951 suis

1807 1965 2019 2038 placitis
2071 1974 2125 2020 et
2154 1965 2374 2036 synodis
2413 1965 2695 2022 constituit
2737 1979 3064 2020 conservare
3122 1967 3393 2021 volumus.

1879 2046 2000 2101 {52.
2043 2045 2121 2099 De
2148 2045 2297 2100 rebus
2325 2046 2680 2111 ecclesiarum,
2695 2045 2758 2100 de
2785 2046 2966 2116 quibus
2981 2061 3164 2100 census
3184 2055 3396 2111 exeunt,

1807 2119 2036 2172 decimae
2059 2125 2108 2170 et
2136 2132 2303 2170 nonae
2325 2117 2610 2171 solvantur.
2662 2116 2737 2170 lle
2787 2116 2948 2170 rebus
2977 2129 3107 2169 vero
3135 2117 3398 2172 ecclesia-

1807 2204 1948 2254 rum,
1975 2186 2117 2242 uude
2134 2201 2276 2241 nunc
2296 2201 2454 2242 censa
2479 2195 2700 2250 exeunt,
2727 2184 2974 2240 decimae
2995 2191 3052 2240 et
3071 2201 3250 2241 nonae
3269 2201 3399 2241 cum

1809 2259 1929 2328 ipso
1958 2271 2123 2313 censo
2177 2256 2487 2318 solvantur,
2515 2265 2572 2312 et
2591 2256 2734 2311 unde
2761 2264 2920 2328 antea
2976 2271 3082 2309 non
3113 2258 3400 2328 exierunt,

1808 2324 2053 2394 similiter
2079 2341 2254 2382 nonae
2273 2337 2329 2382 et
2353 2328 2593 2382 decimae
2614 2328 2826 2381 dentur.
2864 2324 2941 2379 De
2985 2327 3184 2381 casatis
3213 2327 3234 2355 ⁸
3265 2341 3398 2381 vero

1808 2398 2086 2467 sexaginta
2112 2395 2270 2454 solidi
2311 2398 2569 2467 quinque,
2602 2397 2672 2452 de
2711 2397 2926 2467 triginta
2950 2397 3129 2467 solidi
3179 2397 3288 2452 duo
3342 2406 3401 2450 et

1810 2465 2100 2532 dimidius,
2154 2467 2231 2538 de,
2261 2465 2567 2538 quindecim
2613 2466 2913 2538 transmissi
2946 2465 2967 2494 °
3019 2476 3273 2536 quatuor.
3334 2468 3402 2520 Et

1809 2535 2636 2610 precariaemodo—renoventur.
2661 2535 2728 2590 Et
2743 2537 2838 2610 ubi
2860 2552 2967 2590 non
2996 2545 3122 2610 sunt
3140 2539 3399 2610 scriptae,

1811 2606 1908 2664 iiat
1932 2607 2226 2677 descriptio
2257 2609 2398 2664 inter
2425 2615 2784 2663 conventores
2810 2607 2876 2661 de
2903 2609 3070 2662 verbo
3100 2619 3313 2663 nostro.
3334 2606 3402 2660 Et

1812 2680 1905 2750 qui
1929 2678 2207 2750 praedicta
2237 2679 2418 2734 facere
2447 2677 2716 2744 noluerint
2763 2684 2818 2730 et
2848 2690 3157 2750 _sp'vnlatte:l
3210 2678 3403 2750 volun-

1816 2747 2089 2805 t‘ate’haec
2115 2749 2219 2803 tria
2241 2750 2548 2818 persolvere
2576 2755 2630 2802 et
2652 2747 2925 2818 precarias
2953 2749 3204 2818 accipere
3253 2749 3404 2802 citis-

1813 2820 1950 2876 sime
1971 2816 2295 2880 distulerint.
2331 2819 2557 2888 perdant
2593 2816 2872 2880 benelieia,
2901 2831 3044 2886 quae
3093 2817 3404 2888 habebant;

1814 2905 1954 2961 quae
1982 2898 2164 2961 tamen
2193 2887 2460 2961 ecclesia,_
2473 2888 2622 2961 unde
2648 2896 2824 2961 erant,
2851 2887 3056 2956 absque
3083 2887 3241 2961 ullius
3268 2902 3406 2961 con-

1813 2956 2143 3086 gradictione
2171 2961 2258 3016 vel
2288 2959 2674 3031 impedimento
2700 2958 2754 3012 in
2805 2969 3124 3028 perpetuum
3146 2958 3248 3012 sibi
3279 2956 3398 3012 vin-

1851 3045 1932 3086 ice
1961 3070 1976 3084 .

1851 3031 1976 3086 icet.

1890 3110 2011 3164 155.
2058 3109 2127 3182 Ut
2161 3110 2225 3165 de
2249 3111 2464 3167 cerariis
2491 3111 2567 3166 ita
2591 3112 2688 3182 ﬁat
2719 3152 2735 3179 ,
2784 3109 3272 3182 sicut-constitutum
3292 3114 3399 3182 est.

128 3157 258 3248 erga
305 3157 650 3238 ministerium
701 3159 914 3248 illorum
961 3161 1298 3242 emendanda
1349 3157 1705 3234 cognoscunt,

1820 3157 2142 3237 oc'éér'ar'ii's
2162 3157 2224 3238 Si
2250 3157 3403 3248 Iasiusanimatae"?iis;signa;

126 3227 316 3283 libenti
345 3227 522 3283 animo
543 3229 826 3283 emendeut
850 3238 1009 3299 atque
1034 3231 1322 3300 corrigant.

201 3307 324 3362 121.
370 3307 444 3361 De
467 3309 720 3384 episwpis
747 3309 1076 3384 ordinandis.
1108 3311 1185 3366 lie
1210 3313 1499 3384 episcopis.
1533 3312 1631 3370 Ulli
1658 3315 1710 3371 in

131 3393 390 3503 prscscuf
421 3379 660 3452 episcopi
679 3379 916 3435 ordinati
963 3397 1068 3436 non
1091 3389 1216 3437 sunt
1230 3379 1259 3449 ,⁷
1291 3379 1413 3441 sine
1459 3385 1712 3442 tarditate

132 3464 191 3502 or
231 3462 352 3502 men
383 3463 466 3502 ur.

132 3462 466 3502 ordinentur.

204 3526 331 3604 iﬁ.
365 3526 445 3582 De
469 3530 798 3604 monasteriis
825 3531 916 3604 sub
945 3531 1124 3604 regula
1169 3535 1478 3589 constitutis.
1504 3534 1571 3590 Ut
1591 3552 1709 3592 mo-

142 3599 390 3676 pasteria,
408 3614 550 3669 quae
578 3602 680 3655 sub
711 3603 896 3676 regula
928 3599 1146 3676 iuerint,
1169 3606 1482 3676 subregula
1507 3608 1707 3662 vivant.

143 3665 393 3742 Similiter
412 3665 467 3723 et
482 3665 816 3742 monasteria
861 3674 1158 3742 puellarqu
1200 3665 1440 3729 ordinEm
1465 3686 1710 3732 sanctum

122 3735 552 3820 'cAusttxiiaut..Et
596 3735 1252 3820 unaquaequeabbatissa
1296 3744 1351 3798 in
1386 3761 1486 3802 suo
1522 3762 1712 3802 mona-

127 3811 296 3862 sterio
319 3811 436 3863 sine
458 3811 857 3866 intermissione
883 3813 1133 3868 resideat.

201 3885 325 3966 iiﬁ.
366 3885 445 3966 lle
474 3897 730 3966 sotestate
753 3891 1110 3966 episcoporum
1139 3911 1292 3966 super
1333 3896 1636 3964 presbiteros
1661 3906 1710 3951 et

122 3955 361 4031 clericos.
399 3954 465 4011 Ut
492 3959 732 4031 episcOpi
766 3954 833 4015 de
861 3954 1171 4031 presbiteris
1201 3954 1280 4020 ἐι
1317 3954 1532 4022 clericis
1573 3967 1710 4022 iul'ra

124 4028 344 4086 iuorutu
373 4028 712 4098 parrochiam
754 4028 1078 4102 potestatem
1130 4037 1364 4092 habeant
1413 4037 1707 4093 secundum

125 4112 392 4152 ωηυηεε.

200 4174 323 4230 lii.
364 4175 444 4256 pe
482 4179 782 4256 incestuosis
827 4182 1137 4256 licininibus.
1172 4185 1239 4240 Ut
1278 4185 1514 4256 episcopi
1564 4187 1708 4241 ince-

127 4252 346 4324 stuosos
374 4249 935 4324 homiues_cn_temleut
978 4261 1044 4324 et
1083 4249 1330 4324 magnam
1380 4249 1708 4324 diligentiam

129 4314 365 4397 inspeant
389 4330 456 4397 ex
487 4320 587 4374 eis.
617 4319 722 4397 Sed
747 4331 804 4397 _et
829 4322 894 4377 de
937 4323 1112 4397 viduis
1142 4314 1503 4397 iiilrasuamv
1521 4342 1712 4397 parro-

127 4387 308 4440 chiam
332 4395 650 4454 potestatem
674 4390 910 4446 habeant
927 4395 993 4446 ad
1021 4395 1419 4462 corrigendum.

368 4463 446 4542 _De
473 4469 684 4542 alterius
707 4471 892 4524 clerico
919 4473 1144 4542 episcopi
1179 4489 1280 4526 non
1308 4474 1597 4540 recipiendo
1617 4493 1709 4530 nec

127 4533 442 4617 ordinando.
473 4537 541 4592 Ut
584 4555 693 4617 non
727 4542 883 4594 liceat
911 4533 1136 4617 alterius
1171 4533 1424 4598 clericum
1465 4547 1708 4617 recipere

128 4619 234 4658 nec
253 4603 502 4662 ordinare
531 4609 594 4660 ad
623 4610 854 4678 aliquem
897 4612 1140 4680 gradum.

207 4680 349 4760 126;.
371 4682 451 4760 De
475 4686 764 4760 homicidia,
795 4693 879 4760 qui
928 4692 1206 4746 secundum
1238 4694 1398 4760 legem
1440 4697 1571 4750 mori
1613 4697 1706 4752 de-

130 4751 274 4831 bent.
310 4749 372 4831 Ut
397 4755 699 4831 homicidae
728 4749 819 4831 vel
840 4761 1003 4815 ceteri
1036 4763 1153 4826 rei,
1202 4749 1524 4831 qui'len-ibus
1558 4749 1706 4822 mosi

130 4819 350 4903 debent,
381 4824 425 4903 si
447 4825 858 4903 ad'aecclesiaut
899 4819 1260 4903 confugerini,
1290 4819 1400 4888 non
1442 4819 1708 4891 escusen;

132 4897 339 5012 tltg‘irel
362 4897 408 4943 si
432 4909 493 4949 se
519 4897 810 4952 emendare
840 4899 860 4930 ⁸
901 4902 1191 4968 noluerint,
1221 4905 1399 4960 nullus
1431 4907 1509 4960 eis
1539 4908 1714 4962 victus.

129 4978 148 5010 ι
302 4997 316 5012 ο

215 5037 332 5092 127.
373 5037 682 5123 Βεμεςὶηιὶε
701 5042 910 5123 dandis.
943 5049 1017 5103 De
1051 5049 1297 5106 decimis.
1332 5052 1710 5123 Utuuusquis-

128 5123 246 5194 qtae
269 5123 419 5194 ξυῇηξ
440 5111 703 5194 decimam
731 5115 898 5170 donet
941 5125 1104 5186 atque
1147 5133 1244 5188 per
1284 5111 1714 5194 iussiouetu'epi-

127 5179 282 5246 scopi
321 5178 677 5247 dispensetur.

131 5311 174 5331 ζ,
210 5254 328 5331 1ἐ8.
368 5255 445 5310 De
467 5257 752 5331 latronibus
779 5264 846 5315 ad
875 5263 1120 5331 placitum
1158 5269 1359 5322 comitis
1384 5269 1707 5327 exitibenrlis.

132 5326 209 5381 Ut
237 5326 469 5396 latrones
496 5329 565 5382 de
597 5330 734 5384 intra
769 5326 1121 5389 emunitatem
1151 5337 1170 5368 °
1199 5338 1272 5392 illi
1305 5339 1507 5395 iudices
1538 5343 1589 5395 in
1619 5326 1712 5396 eo;

126 5395 965 5480 ruitisplacitumpraesentents
997 5403 1062 5459 Et
1089 5409 1180 5474 qui
1201 5408 1314 5480 hoc
1342 5425 1448 5464 non
1498 5395 1711 5480 fecerit,

131 5467 451 5542 beneﬁcium
472 5476 530 5522 et
552 5467 812 5542 honorem
840 5474 1047 5542 perdat.
1079 5467 1340 5532 Similiter
1376 5482 1515 5535 vassi
1545 5467 1712 5537 nostri

127 5534 180 5589 si
222 5534 349 5591 haec
382 5551 490 5592 nou
536 5534 967 5611 adimplc‘veriut,
998 5546 1316 5602 benelicium
1347 5558 1402 5604 et
1447 5534 1710 5607 honorem

1815 3261 2059 3320 tempore
2091 3252 2252 3319 longo
2279 3254 2558 3308 decretum
2589 3259 2691 3308 est.

1887 3331 2011 3386 15L
2050 3330 2130 3402 Ne
2158 3332 2342 3402 aliquis
2364 3349 2458 3402 pro
2507 3331 2766 3402 gildoniai
2790 3340 3173 3386 sacramentum
3227 3332 3405 3402 facere

1815 3403 2024 3457 audeat.
2059 3401 2136 3456 De
2163 3401 2513 3472 saeramentis
2540 3417 2637 3472 pro
2664 3401 2900 3470 gildonia
2929 3401 3158 3472 invicem
3207 3401 3405 3472 coniu—

1814 3472 2077 3536 rantibus,
2109 3479 2168 3525 ut
2197 3486 2356 3526 nemo
2379 3469 2556 3528 facere
2585 3469 2914 3542 praesumat.
2941 3471 3063 3524 Alio
3089 3485 3218 3542 vero
3243 3469 3405 3524 modo

1814 3545 1883 3598 de
1912 3543 2128 3596 illorum
2158 3542 2470 3598 elemosinis
2496 3540 2598 3596 aut
2617 3541 2684 3595 de
2713 3541 2978 3597 incendiis
3005 3548 3097 3593 aut
3143 3540 3210 3594 de
3267 3554 3410 3596 nau-.

1814 3611 2017 3682 fragiis,
2048 3612 2292 3680 quamvis
2320 3612 2684 3668 conibentiam
2721 3609 2946 3677 faciant,
2974 3624 3134 3665 nemo
3192 3610 3247 3664 in
3304 3610 3407 3663 hoc

1813 3683 1994 3738 iurare
2019 3690 2348 3751 praesumat.

1885 3749 2386 3832 135._Utpalati:tn_t
2431 3768 2695 3832 pergentes
2738 3776 2885 3815 nemo
2927 3749 3157 3832 adsalire
3197 3760 3407 3816 audeat.

1813 3831 1890 3887 De
1916 3831 2254 3894 iterantibus,
2285 3830 2372 3900 qui
2403 3830 2470 3884 ad
2497 3830 2756 3900 palatium
2811 3837 2903 3883 aut
2955 3831 3117 3885 aliubi
3149 3841 3403 3900 pergunt,

1811 3910 1873 3956 ut
1901 3915 1997 3956 eos
2026 3915 2123 3969 per
2144 3900 2428 3955 collectam
2475 3914 2636 3954 nemo
2685 3900 2756 3953 sit
2811 3913 2974 3952 ausus
3028 3900 3279 3954 adsalire.
3341 3904 3408 3952 Et

1813 3986 1973 4026 nemo
1996 3971 2216 4024 herbam
2239 3970 2459 4024 alterius
2471 3969 2802 4024 defensionis
2825 3977 3072 4036 tempore
3096 3979 3408 4037 praesumat

1813 4041 2023 4104 tollere,
2054 4041 2156 4094 nisi
2186 4041 2238 4093 in
2265 4040 2475 4094 hostem
2501 4049 2690 4108 pergat
2712 4047 2805 4092 aut
2833 4040 3028 4091 missus
3081 4047 3266 4092 noster
3309 4041 3400 4092 sit.

1885 4121 2006 4176 156.
2041 4122 2114 4175 De
2135 4121 2731 4187 teloneis,sicutalongo
2755 4121 3012 4171 decretura
3044 4129 3400 4180 est,servetur.

1813 4193 1888 4249 De
1914 4192 2165 4255 teloncis,
2193 4192 2424 4262 qualiter
2451 4199 2606 4262 antea
2640 4190 2925 4262 [orbannfti
2960 4187 3194 4262 luerunt,
3215 4191 3406 4243 obser-

1811 4272 1984 4322 vetur,
2013 4271 2071 4316 ut
2101 4258 2262 4316 neuio
2303 4261 2458 4316 tollat
2485 4260 2584 4314 nisi
2608 4258 2754 4329 quod
2785 4261 2850 4313 ab
2883 4261 3106 4328 antiquo
3160 4269 3406 4330 tempore

1811 4341 2071 4390 statutum
2105 4341 2241 4388 erat.

1881 4413 2005 4468 157.
2037 4412 2114 4466 De
2140 4411 2411 4478 mancipiis
2456 4426 2557 4465 non
2589 4410 2861 4464 vendendis
2893 4411 2996 4465 nisi
3021 4411 3074 4464 in
3116 4415 3406 4480 praesentia

1813 4493 2086 4540 rectorum.
2112 4482 2189 4539 De
2217 4481 2529 4552 mancipiis,
2547 4489 2607 4535 ut
2634 4495 2741 4534 non
2771 4481 3072 4536 vendantur
3095 4483 3196 4537 nisi
3229 4495 3318 4537 aut
3353 4487 3404 4537 in

1813 4555 2117 4628 praesentia
2165 4551 2409 4628 episcopi
2454 4551 2540 4607 vel
2586 4551 2802 4628 comitis
2851 4561 2942 4628 aut
2991 4553 3404 4628 inpraesentia

1812 4621 2181 4682 archidiaconi
2206 4621 2305 4678 aut
2326 4621 2620 4678 centenarii
2640 4630 2733 4675 aut
2755 4621 3074 4676 vicetlomiui
3099 4621 3191 4676 aut
3217 4625 3406 4678 Iudicis

1811 4695 2024 4752 comitis
2061 4707 2155 4750 aut
2190 4704 2318 4750 ante
2340 4695 2475 4748 bene
2503 4700 2626 4748 nota
2672 4693 3000 4746 testimonia.
3056 4691 3122 4745 Et
3165 4704 3223 4745 ut
3277 4692 3406 4746 luris

1812 4782 2049 4822 marcam
2078 4781 2238 4822 nemo
2266 4763 2531 4832 mancipia
2560 4763 2777 4816 vendat.
2813 4760 2881 4815 Et
2907 4762 3000 4829 qui
3031 4762 3141 4832 hoc
3195 4761 3401 4822 iecerit.

1812 4844 1989 4893 tantas
2014 4838 2158 4891 vices
2187 4839 2417 4890 bannum
2447 4830 2640 4894 solvat,
2672 4840 2873 4900 quanta
2913 4830 3182 4901 mancipia
3213 4834 3403 4886 vendi-

1812 4906 1908 4960 dit.
1936 4903 2006 4958 Et
2031 4906 2074 4959 si
2105 4920 2212 4959 non
2240 4905 2401 4958 habet
2431 4902 2684 4970 pretium,
2710 4902 2764 4956 in
2809 4901 3040 4954 wadium
3095 4915 3194 4970 pro
3243 4918 3405 4956 servo

1818 4975 2166 5044 semetipsum
2193 4973 2377 5028 comiti
2418 4973 2606 5039 donet,
2639 4986 2809 5041 usque
2846 4971 2973 5026 dum
3001 4971 3117 5040 ipse
3167 4972 3402 5026 banmnn

1817 5045 2011 5101 solvat.

1896 5123 2016 5177 158.
2054 5121 2129 5176 De
2156 5123 2327 5176 loricis
2372 5132 2519 5177 extra
2548 5136 2760 5190 regnum
2815 5136 2918 5173 non
2968 5119 3268 5174 vendendis.
3329 5122 3407 5177 De

1819 5195 2024 5248 bruaiis
2044 5232 2061 5259 ,
2091 5202 2148 5247 ut
2177 5193 2354 5248 nullus
2391 5193 2536 5248 foras
2567 5199 2754 5246 nostro
2782 5203 2950 5259 regno
2976 5190 3210 5246 vendere
3239 5208 3406 5261 prae-

1819 5276 2020 5318 sumat.

1892 5343 2014 5400 159.
2051 5343 2124 5398 De
2143 5343 2328 5398 comite
2352 5342 2573 5397 iustitias
2603 5355 2706 5411 non
2735 5342 2968 5411 faciente.
3022 5339 3080 5411 Si
3125 5353 3309 5396 comes
3351 5342 3405 5395 iu

1815 5429 1915 5469 suo
1938 5414 2236 5469 ministerio
2268 5413 2493 5466 iustitias
2515 5426 2622 5465 non
2651 5410 2858 5472 iecerit,
2891 5410 3066 5463 missis
3092 5411 3292 5464 nostris
3333 5412 3403 5466 de

1816 5485 1928 5538 suis
1955 5485 2160 5540 exeniis
2185 5485 2406 5547 serviat,
2438 5495 2608 5549 usque
2636 5480 2761 5534 dum
2812 5480 3047 5534 iustitiae
3100 5480 3172 5534 ibi
3225 5486 3405 5537 tactae

1817 5553 2035 5610 fuerint.
2069 5552 2135 5607 Et
2163 5554 2208 5608 si
2231 5569 2417 5607 vassus
2445 5563 2629 5606 noster
2653 5550 2882 5605 iustitias
2911 5565 3019 5604 non
3045 5549 3251 5616 fecerit,
3281 5562 3407 5608 luuc
3479 5621 3483 5626 Α

1231 5643 1252 5662 ⁶
1347 5662 1735 5724 VARIANTES
1773 5665 2172 5723 LECTIONES.

214 5757 402 5848 ξ-
427 5763 540 5848 Ea"
573 5837 591 5848 .
611 5767 632 5795 ²
657 5782 706 5822 (⁵·
738 5767 940 5848 “mlier
969 5782 1090 5848 θεξρ
1111 5768 1185 5848 ἀ·-
1393 5773 1413 5805 ³
1437 5774 1510 5848 De
1531 5775 1962 5848 metropolitanis
1989 5777 2172 5829 desunt
2201 5773 2304 5848 VG.”
2352 5774 2370 5803 ⁸
2396 5773 2621 5848 subicui
2655 5772 3100 5848 Capita-{Memmi
3271 5845 3279 5848 Α
3323 5776 3405 5848 “si

138 5844 258 5885 usus
283 5829 408 5885 dare
433 5832 474 5885 (ἱ
573 5837 592 5866 ⁸
621 5841 1002 5893 conuuunitate
1029 5840 1093 5894 G.
1168 5843 1185 5871 τ
1212 5844 1429 5914 habent,
1455 5829 1505 5900 b.
1531 5829 1931 5903 solvan'tillali"
1967 5848 1988 5878 ⁸
2018 5862 2079 5901 ea
2110 5847 2240 5900 satis
2263 5845 2325 5899 (ἰ.
2405 5847 2424 5874 ν
2450 5856 2595 5898 trans
2616 5829 2791 5899 niSsiis
2818 5843 2882 5898 (ἱ.
2931 5845 2970 5873 ¹⁰
2994 5845 3308 5900 cartallariis
3339 5845 3403 5898 (ἱ.

534 5929 805 5989 Parant.
849 5937 1015 5996 XCV
1027 5940 1101 6000 ll.

2930 5956 3007 6014 29
