3974 6340
71 373 164 433 ῐῢθ

71 489 250 546 iachis
269 502 484 558 quoque
512 485 807 558 praesentis
836 481 1134 558 sententiae
1166 481 1335 534 l‘orma
1362 483 1626 558 servetur.
1653 474 1704 531 Δ

71 559 218 626 )uod
271 546 314 613 si
353 546 636 612 verborum
678 554 1046 626 increpatione
1099 567 1203 626 non
1251 546 1636 626 emendaverit,

71 619 226 684 z'tiam
259 627 570 683 verberibus
596 619 881 680 statuimus
907 639 1029 677 eum
1057 619 1355 676 coherceri.

131 721 260 776 158.
292 719 345 774 Ν
349 737 377 772 e
402 720 615 772 clericus
637 717 748 771 sine
773 717 1023 785 parntissu
1043 714 1267 785 episcopi
1303 711 1383 785 siti
1427 712 1642 785 pro/iei-

71 803 260 845 iratur.
291 790 377 844 Ea:
408 790 624 844 concilio
640 781 908 856 Agatensi,
939 781 1164 855 capitulo
1188 783 1278 838 52.
1316 781 1388 835 De
1410 782 1636 856 clericis,

71 865 138 915 ini
174 862 290 914 sine
316 859 536 930 epistola
580 852 841 930 pontiﬁcis
864 857 966 930 _au_i
1001 852 1431 930 proficiscenti".
1463 852 1642 930 .Pi‘es:

72 941 206 985 nter
263 920 359 984 aut
385 920 640 983 diaconus
699 920 782 982 vel
830 920 1060 981 clericus
1105 920 1223 980 sine
1254 922 1506 976 antistitis
1555 920 1640 976 sui

71 1001 310 1069 :pistolis
342 998 639 1064 ambulans,
678 995 1115 1052 communionem
1143 997 1194 1051 ei
1220 991 1397 1049 nullus
1425 992 1639 1062 impen-

71 1073 172 1124 lat.
1181 1073 1192 1084 '

135 1161 263 1218 159.
290 1161 369 1216 De
395 1161 494 1226 liis,
512 1163 594 1229 qui
615 1161 668 1214 in
689 1157 1641 1232 propriisprovincii§_nor1§omrrtuni-

71 1243 205 1288 rant.
245 1233 327 1286 Ea:
372 1227 588 1287 concilio
617 1227 862 1302 Africano
893 1227 1120 1302 capitulo
1175 1229 1263 1302 18.
1311 1227 1539 1302 Placuit,
1566 1235 1644 1302 _ut

72 1306 396 1370 iuicumque
437 1318 545 1356 non
575 1296 1301 1370 communicarisinpropria
1340 1296 1640 1370 provincia,

80 1393 113 1426 ιι
150 1374 277 1427 aliis
304 1367 597 1442 provinciis
627 1371 707 1424 vel
738 1367 1114 1442 transmarinis
1137 1367 1644 1442 partibusadcom:

73 1437 452 1498 nunicandum
476 1440 800 1511 obrepserit,
830 1440 1094 1496 iacturam
1118 1437 1512 1494 Communionis
1554 1437 1643 1494 vel

71 1515 357 1567 :lericatus
383 1512 636 1581 excipiat.

135 1602 263 1658 160.
294 1601 373 1658 De
418 1602 768 1673 patratoribus
812 1602 1128 1657 diversarum
1177 1600 1452 1656 malorum.
1506 1596 1646 1673 sunt

71 1690 202 1728 sane
232 1671 566 1728 diversarum
598 1672 862 1727 malorum
915 1680 1237 1738 patratores,
1281 1686 1418 1740 quos
1461 1678 1516 1724 et
1544 1671 1645 1740 ilex

71 1745 251 1797 divina
283 1743 530 1812 inprobat
559 1751 614 1798 et
640 1743 1034 1812 condempnat;
1078 1756 1175 1812 pro
1205 1739 1436 1812 quorum
1481 1739 1642 1812 etiam

72 1813 296 1868 Jiversis
323 1811 618 1868 sceleribus
647 1823 702 1868 et
737 1811 951 1882 ﬂagitiis
973 1811 1202 1880 poiiulus
1231 1811 1370 1882 tame
1393 1821 1448 1864 et
1477 1811 1642 1879 pesti-

71 1885 234 1938 lentia
266 1882 564 1951 ﬂagellatur
586 1891 643 1938 et
696 1878 986 1938 ecclésiae‘
1015 1878 1188 1951 status
1241 1878 1541 1951 inﬁrmatur
1589 1890 1642 1935 et

71 1968 294 2021 regnum
317 1950 672 2022 periclitatur.
705 1951 770 2006 Et
799 1967 1122 2022 quamquam
1173 1950 1311 2004 haec
1342 1950 1416 2022 Ain
1472 1952 1642 2004 sacris

71 2020 298 2092 eldquiis
318 2020 456 2076 satis
479 2025 588 2078 sint
616 2020 913 2087 exsecrata,
948 2020 1060 2092 nos,
1085 2020 1448 2092 necessarium
1482 2035 1639 2092 prae-

71 2090 320 2158 vidimus,
350 2092 546 2148 iterum
591 2101 777 2150 nostra
831 2091 1236 2153 ammonitione,
1266 2090 1642 2144 exhortatione

71 2171 235 2232 atque
279 2163 636 2233 prohibitione
695 2161 1006 2233 praecaveri
1070 2161 1290 2215 omnino
1347 2171 1640 2230 oportere;

71 2231 213 2286 sicut
234 2231 356 2287 sunt
381 2231 712 2288 diversarum
758 2231 1113 2302 pollutionum
1162 2240 1482 2302 patratores,
1513 2246 1644 2302 quas

71 2317 216 2374 cum
250 2303 499 2374 masculis
549 2311 606 2357 et
648 2300 930 2374 pecoribus
983 2301 1224 2374 nonnulli
1272 2300 1646 2374 diversissimis

71 2370 248 2444 modis
270 2372 592 2444 admittunt;
623 2370 764 2444 quae
790 2371 1265 2444 incomparabilem
1306 2370 1645 2426 dulcedinem

74 2442 302 2511 piissimi
355 2441 657 2498 Creatoris'
687 2442 754 2497 ad
815 2441 1224 2495 amaritudinem
1293 2450 1646 2509 provocantes

73 2521 229 2568 tanto
276 2513 490 2582 gravius
528 2513 864 2582 delinquunt,
896 2523 1100 2582 quanto
1154 2518 1344 2565 contra
1399 2520 1647 2582 naturain

71 2579 319 2651 peccaui.
347 2580 452 2638 Pro
482 2598 589 2652 quo
615 2579 774 2637 etiam
805 2579 1009 2637 scelere
1040 2581 1160 2651 igne
1189 2581 1410 2636 coelein
1441 2579 1646 2652 conﬂa-

71 2663 259 2720 gratae
286 2651 584 2723 infernique
613 2654 758 2706 hiatu
787 2653 1025 2722 quinque
1054 2656 1341 2723 absorptae
1367 2661 1494 2705 sunt
1520 2651 1651 2723 civi-

72 2729 232 2793 tates,
264 2737 472 2778 necnon
496 2721 851 2793 quadraginta
879 2733 936 2793 et
963 2737 1029 2776 eo
1060 2721 1289 2790 amplius
1316 2723 1478 2793 _niilia
1528 2721 1650 2775 stir-

71 2791 156 2860 pis
183 2789 555 2848 Beniaminea'e
604 2789 864 2847 mucrone
915 2789 1162 2846 fraterno
1201 2789 1448 2845 conio-sa
1503 2801 1647 2846 sunt.

73 2863 223 2917 llaec
245 2877 405 2932 porro
429 2863 617 2917 indicia
637 2873 691 2917 et
718 2861 996 2916 evidentes
1041 2860 1306 2932 vindictae
1356 2861 1648 2926 declarant,

75 2946 242 3000 quam
273 2932 588 2986 detestabile
617 2942 668 2986 et
696 2933 1030 2986 exsecrabile
1059 2935 1199 3000 apud
1245 2931 1476 2984 divinam
1534 2947 1649 2984 ma-

78 3003 329 3072 iestatem
362 3003 465 3056 hoc
499 3003 677 3056 vitium
731 3011 897 3057 extet.
946 3001 1156 3072 Sciinos
1203 3003 1366 3065 enim,
1403 3001 1652 3072 quoniam

81 3071 276 3142 talium
304 3071 581 3126 criminum
621 3081 920 3142 patratvvres
964 3074 1051 3126 lex
1098 3069 1356 3136 Romana,
1387 3069 1526 3142 quae
1574 3078 1656 3142 est

79 3141 328 3210 omnium
377 3141 720 3196 humanarum
776 3152 945 3196 mater
993 3143 1207 3210 legum,
1260 3141 1656 3210 igne’cremari

487 367 642 426 COD.
685 365 959 423 DlPLOM.
1003 393 1070 405 —
1112 357 1472 418 BENEDICTI
1511 350 2024 413 CAPITULARIUM
2065 348 2464 407 COLLECTIO.
2507 377 2572 388 —
2611 346 2769 402 ADD.
2809 345 2900 403 IV.

3217 344 3324 403 910

1733 469 1882 530 latet,
1905 469 1952 521 id
1971 467 2427 524 esthomicidium.
2452 465 2588 533 Quia
2604 464 2727 519 dum
2746 464 2867 519 illae
2880 467 3190 520 meretrices
3210 463 3328 533 sive

1745 539 2148 594 monasteria'es
2172 543 2280 591 sive
2316 532 2586 591 seculares
2611 535 2749 589 male
2776 540 3068 603 conceptas
3108 532 3325 589 soboles

1746 612 1798 664 in
1838 609 2072 678 peccatis
2097 613 2606 678 genueruiit,_saepe
2643 605 2870 678 maxima
2904 619 2983 678 Lex
3033 613 3322 678 pa_rte_o_c-

1744 673 1945 741 cidunt,
1961 694 2065 730 non
2090 673 2372 746 iinplentes
2393 673 2589 730 Christi
2613 675 2872 746 ecclesias
2899 673 3017 746 liliis
3035 674 3324 746 adoptivis,

1743 751 1837 802 sed
1869 748 2102 801 tumulos
2132 743 2446 815 corporibus
2473 744 2746 815 etinleros
2790 743 2999 802 miseris
3036 744 3323 815 animabus

1747 819 1766 848 ³
1796 819 2015 873 satiant.
2068 813 2406 880 Absit—enim,
2453 825 2509 869 ut
2537 830 2632 884 pro
2681 814 2876 869 talibus
2919 813 3153 883 pereatis
3179 813 3222 877 ⁵,
3267 823 3324 867 et

1745 905 1844 944 nos
1882 886 2039 941 simul
2063 902 2182 941 cum
2207 899 2371 953 regno
2398 883 2654 940 cadainus
2679 885 2958 950 gloriaque
2985 885 3145 938 totius
3171 883 3323 952 regni

1746 967 1958 1028 pereat;
1991 957 2244 1028 quoniam
2266 971 2333 1008 ex
2360 955 2802 1028 praecedentibus
2825 954 3159 1021 agnovimus,
3183 968 3325 1028 quae

1744 1023 2042 1090 secuturis,
2098 1027 2198 1081 nisi
2252 1026 2494 1095 praevisa
2560 1025 2776 1089 iuerint,
2815 1033 3039 1092 possunt
3084 1023 3324 1080 evenire.

1743 1099 1920 1154 Satius
1944 1105 2024 1151 est
2051 1111 2266 1165 quoque
2297 1095 2451 1149 nobis
2499 1095 2690 1148 talivus
2735 1109 3155 1165 t-arerepquam
3201 1109 3323 1165 cum

1745 1169 1826 1223 his
1850 1183 2030 1232 ruere,
2056 1163 2384 1233 regnumque
2415 1167 2482 1217 ab
2510 1165 2701 1218 etiiicis
2728 1173 2889 1233 atque
2926 1163 3044 1233 eius
3091 1163 3326 1233 popula-

1745 1241 1890 1294 ribus
1921 1238 2096 1290 futuro
2123 1231 2364 1304 tempore
2405 1233 2683 1304 adnullari
2710 1231 2813 1288 vel
2838 1231 3144 1304 possideri};
3173 1231 3327 1304 Scire

1744 1308 1888 1364 enim
1916 1322 2012 1361 vos
2042 1301 2308 1375 cupimus,
2334 1305 2640 1374 quicunque
2669 1303 2688 1334 ⁸
2714 1317 2877 1375 super
2906 1303 2986 1375 his
3008 1311 3100 1356 aut
3121 1301 3326 1357 ficiens

1746 1389 1840 1432 aut
1870 1373 2478 1432 libenter—consentiens
2527 1375 2774 1428 inventus
2822 1373 3001 1436 luerit,
3056 1388 3152 1428 nos
3198 1387 3322 1428 eum

1745 1449 1893 1503 iuxta
1925 1445 2265 1517 praedictam
2294 1445 2589 1517 Romanam
2621 1443 2791 1517 legem
2825 1443 3013 1517 punire
3036 1443 3077 1517 ἢ.

1817 1513 1939 1571 liii:
1974 1515 2048 1569 De
2072 1532 2149 1580 eo,
2178 1515 2266 1584 qui
2299 1515 2509 1583 propria
2535 1529 2691 1584 na‘are
2718 1513 2959 1566 derelicta
2981 1513 3056 1566 vel
3072 1513 3194 1584 sine
3213 1513 3329 1567 cul-

1745 1604 1812 1659 pa
1842 1589 2112 1659 interfecta
2143 1582 2304 1659 aliam
2335 1582 2491 1659 ttulit.
2537 1583 2873 1659 Quicumque
2905 1582 3118 1659 propria
3149 1599 3330 1659 uxore

1747 1652 2003 1712 derelicta
2031 1655 2114 1709 vel
2145 1655 2260 1710 sine
2288 1655 2445 1723 culpa
2469 1652 2751 1707 interfecta
2785 1652 2943 1723 aliain
2973 1652 3208 1723 duxerit,
3235 1669 3332 1706 ar-

1749 1729 1850 1782 mis
1879 1725 2140 1795 depositis
2163 1721 2432 1795 publicani
2455 1732 2581 1792 agat
2609 1722 3022 1795 poenitentiam.
3041 1721 3107 1795 [fit
3128 1723 3173 1776 si
3197 1738 3334 1795 con-

1754 1791 2144 1859 tumax'l‘uerit,
2164 1791 2653 1859 comprehendatur
2681 1808 2710 1846 a
2739 1791 2936 1847 comite
2963 1799 3017 1846 et
3047 1791 3190 1846 ferro
3214 1793 3335 1848 vino

1679 1853 1723 1916 Β
1748 1867 1920 1922 ciatur
1949 1875 2004 1920 et
2036 1867 2086 1918 in
2119 1853 2362 1920 custodia
2394 1865 2660 1930 mittatur,
2681 1861 2854 1917 donec
2885 1877 2970 1917 res
2992 1861 3058 1916 ad
3087 1870 3333 1918 nostram

1744 1938 1987 1992 notitiam
2017 1936 2335 1990 deducatur.

1818 2006 1938 2059 161.
1968 2004 2046 2058 De
2074 2022 2151 2069 eo,
2186 2007 2272 2069 qui
2303 2020 2381 2057 res
2409 2003 2608 2057 alienas
2635 2003 2773 2055 malo
2803 2001 3011 2071 ingenio
3039 2011 3238 2071 emptas
3273 2004 3337 2068 ﬁ-

1743 2076 1812 2132 lio
1842 2092 1934 2130 suo
1965 2085 2051 2144 aut
2080 2075 2283 2128 cuilibet
2311 2089 2559 2144 personae
2597 2073 2848 2144 legitimos
2879 2087 3191 2144 annosnon
3240 2073 3336 2144 lia:

1744 2147 1878 2201 benti
1918 2142 2210 2198 tradiderit.
2245 2141 2582 2212 Quicumque
2621 2157 2708 2196 res
2748 2141 2952 2196 alienas
2979 2141 3205 2196 cuilibet
3237 2142 3336 2198 ho-

1746 2218 1872 2272 mini
1903 2213 2209 2280 vindiderit,
2227 2223 2282 2268 et
2303 2215 2416 2281 ipse
2440 2215 2621 2277 homo,
2646 2211 2740 2278 qui
2761 2213 2974 2281 easdem
2998 2225 3084 2281 res
3105 2225 3334 2280 compa-

1745 2296 1888 2342 ratas
1915 2285 2094 2350 habet,
2129 2299 2225 2354 per
2245 2279 2730 2354 malumingeniuin
2756 2280 2973 2354 proprio
3005 2279 3113 2354 lilio
3139 2279 3335 2354 autal-

1748 2356 1847 2412 teri
1870 2355 2085 2410 cuilibet
2107 2350 2334 2409 necdum
2362 2351 2625 2420 legitimos
2649 2365 2820 2405 annos
2849 2350 3066 2404 habenti
3099 2351 3337 2415 iustitiae

1746 2427 2015 2481 tollenlae
2059 2439 2218 2478 causa
2250 2422 2556 2486 tradiderit,
2609 2423 2851 2474 volumus
2900 2429 3061 2485 atque
3112 2420 3337 2476 liriniter

1747 2495 2124 2578 praecipimus,
2152 2503 2213 2548 ut
2237 2494 2281 2549 si
2305 2502 2456 2578 pater
2481 2492 2717 2578 eiusdem
2741 2490 2945 2578 parvuli
2979 2491 3191 2578 vixerit,
3223 2490 3339 2578 ipse

1751 2559 1912 2620 intret
1934 2559 1994 2618 in
2024 2579 2240 2618 causam
2284 2559 2544 2618 rationem
2577 2559 2828 2614 reddendi
2859 2575 2957 2630 pro
2990 2559 3097 2614 lilio
3127 2559 3256 2620 suo.
3277 2559 3339 2616 Si

1749 2646 1930 2690 autem
1962 2636 2076 2702 ipse
2106 2643 2259 2704 pater
2299 2641 2542 2704 mortuus
2581 2639 2696 2698 est,
2740 2639 2869 2704 tunc
2908 2630 3182 2704 legitimus
3224 2631 3341 2704 eius

1752 2698 2122 2776 pr0pinq'uus;
2148 2705 2236 2772 qui
2268 2704 2405 2776 iuste
2435 2703 2483 2756 ci
2530 2711 2673 2776 tutor
2690 2709 2794 2776 aut
2832 2698 3084 2776 defensor
3114 2715 3232 2755 esse
3263 2703 3341 2776 vi-

1752 2769 1938 2858 detur,
1967 2769 2231 2858 'pro'ipjso
2270 2774 2536 2858 rationem
2574 2771 2800 2858 reddere
2815 2769 3186 2858 jcompellatur
3217 2788 3231 2824 :
3266 2771 3342 2852 si-

1755 2846 1954 2899 militer
1983 2841 2051 2898 de
2081 2841 2200 2898 aliis
2229 2845 2480 2898 omnibus
2524 2843 2575 2895 iu
2610 2842 2740 2894 titiis
2771 2841 2838 2894 ad
2869 2855 2991 2894 eum
3026 2841 3343 2910 pertinenti-

1756 2917 1891 2978 bus;
1921 2925 2149 2983 excepta
2179 2930 2273 2968 sua
2317 2913 2553 2979 legitima
2587 2911 2927 2983 hereditate,
2953 2923 3094 2983 quae
3143 2912 3192 2965 ei
3245 2926 3344 2980 per

1758 2979 2155 3040 successionem
2206 2993 2487 3052 parentum
2545 2996 2769 3035 suorum
2827 2979 3065 3052 legitime
3119 2979 3347 3044 evenire,

1757 3055 1960 3110 debuit.
1985 3054 2137 3120 Quod
2183 3051 2227 3108 si
2269 3054 2387 3120 quis
2430 3053 2570 3106 hanc
2606 3059 2847 3106 nostram
2883 3051 3174 3104 ihssionem
3205 3067 3336 3106 con-

1761 3129 2037 3194 tempserit
2065 3123 2150 3178 vel
2181 3123 2493 3192 neglexerit,
2517 3123 2656 3176 sicut
2685 3122 2752 3174 de
2782 3122 2983 3194 ceteris
3002 3128 3343 3194 contempto-

91 3191 269 3282 iubei;
283 3191 620 3282 vonwga‘
638 3191 1242 3268 ὖὶὶίιιἷῦιῖέἲειῖίἷῑὶίἱῖὶῗι·
1260 3191 1653 3266 Ἰόἑῖιυῆὶῐιίῆἷιὶέ

1765 3191 1935 3276 ribus,
1966 3195 2037 3248 ita
2068 3195 2135 3282 de
2162 3208 2229 3282 eo
2256 3191 2467 3282 agatur.
2505 3195 2708 3282 Isvvlero
2746 3192 2837 3260 qui
2863 3191 3076 3282 easdem
3108 3205 3195 3282 res
3226 3192 3340 3262 pri-

81 3281 386 3358 ijestrisqtte
412 3281 618 3358 cunctis
649 3298 710 3336 ac
740 3282 1302 3358 vobisfamulantibus
1329 3291 1493 3358 atque
1535 3284 1660 3336 sub-

85 3350 348 3429 di_tisuna
379 3353 649 3408 vobiscum
678 3353 916 3429 subDei
963 3354 1206 3429 districto
1253 3353 1448 3429 iudicio
1503 3361 1662 3429 atque

78 3421 339 3494 tidetitate
366 3433 547 3478 nostra
574 3424 948 3494 praecipimus,
978 3423 1046 3477 ab
1092 3423 1173 3478 his
1210 3423 1408 3488 caveri,
1439 3433 1493 3477 et
1530 3421 1663 3477 haec

86 3490 399 3547 facientibus
437 3509 536 3549 nec
563 3490 740 3548 verbis
759 3490 870 3548 'nec
911 3495 1063 3548 tactis
1091 3494 1196 3547 ullo
1228 3494 1388 3546 modo
1435 3507 1661 3550 conserto

90 3561 224 3623 tire;
252 3565 504 3631 quoniam
551 3565 642 3634 qui
693 3565 816 3618 talia
869 3573 1051 3634 agunt,
1086 3564 1332 3632 apo-telo
1374 3566 1662 3633 pollceiite

95 3642 309 3698 regnum
340 3633 436 3688 Dei
463 3633 1268 3703 non,consequentur.'l'einpus
1292 3650 1523 3703 namque
1554 3645 1654 3702 est,

99 3711 162 3752 ut
191 3703 808 3778 multitudinipereuntis
855 3706 1061 3778 populi
1090 3705 1336 3778 parcatis,
1385 3707 1474 3778 qui
1515 3708 1526 3736 ¹
1575 3723 1660 3759 se-

85 3775 300 3837 quendo
326 3777 572 3845 exempla
604 3775 874 3844 peccantis
897 3776 1150 3846 principis
1186 3777 1411 3828 cadebat
1454 3777 1507 3830 in
1556 3792 1658 3845 pti-

84 3848 236 3895 teum
263 3846 450 3917 mortis
493 3865 506 3917 ;
554 3847 676 3914 quia
728 3845 1188 3917 quantuscumque
1238 3845 1321 3897 vel
1375 3860 1470 3913 per
1520 3850 1658 3900 bona

83 3915 334 3986 exempla
358 3919 424 3968 ad
455 3916 616 3969 vitam
644 3915 893 3972 coelestis
917 3917 1123 3986 patriae
1162 3919 1528 3971 contrahimus
1575 3921 1660 3972 vel

85 3996 185 4050 per
209 3985 345 4056 mala
373 3988 616 4055 exempla
645 3987 712 4040 ad
741 3985 1090 4056 perditionem
1119 3994 1402 4054 sequentes
1433 3988 1658 4056 praeibi«

85 4068 210 4106 mus
234 4055 276 4116 ³,
312 4056 379 4108 de
406 4049 566 4109 tantis
607 4049 795 4125 procul
820 4059 984 4112 dubio
1014 4057 1081 4109 ab
1110 4049 1333 4110 aeterno
1375 4049 1548 4112 iudice
1579 4057 1660 4113 vel
1691 4097 1694 4099 λ

87 4136 294 4191 poenas
321 4127 401 4180 vel
424 4132 660 4198 praemia
683 4129 953 4198 accepturi
978 4141 1181 4198 sumus.
1233 4125 1290 4179 Si
1345 4127 1486 4180 enim
1530 4141 1661 4195 gens

87 4204 294 4268 nostra,
325 4200 462 4268 sicut
483 4211 578 4264 per
601 4197 730 4268 istas
761 4195 1064 4268 provincias
1113 4195 1439 4264 divulgatum
1488 4208 1570 4252 est
1607 4207 1662 4252 et

89 4261 245 4315 nobis
274 4265 327 4337 in
347 4261 572 4337 Francia
605 4278 657 4320 ct
686 4267 736 4320 in
759 4261 909 4322 italia
951 4261 1328 4334 inprOperatur
1354 4277 1410 4322 et
1437 4268 1503 4322 ab
1531 4269 1660 4337 ipsis

89 4335 314 4400 paganis
343 4336 705 4405 iiipioperiuin
737 4347 836 4401 est,
870 4337 1062 4406 spretis
1092 4338 1349 4403 legalibus
1379 4335 1660 4394 connubiis

91 4408 446 4459 adutterando
471 4415 526 4460 et
580 4408 899 4462 luxuriando
948 4407 1013 4460 ad
1062 4406 1228 4460 instar
1272 4407 1660 4464 Sodomitauae

91 4476 270 4540 gentis
295 4472 505 4529 laedam
537 4478 698 4530 vitam
722 4480 938 4532 duxerit
967 4493 980 4529 :
1022 4478 1089 4530 de
1137 4477 1227 4529 tali
1275 4481 1660 4536 commixtione

93 4547 435 4622 meretricum
462 4547 856 4622 aestimandum
885 4547 1300 4622 est__degeneres
1338 4555 1564 4618 populos
1603 4560 1659 4607 et

93 4612 353 4678 ignobiles
379 4625 434 4670 et
456 4618 692 4673 furentes
715 4618 929 4673 libidine
971 4612 1485 4684 l'orc'procreai'idos,
1511 4631 1564 4676 et
1591 4621 1659 4675 ad

95 4691 393 4759 extremum
419 4692 718 4741 universam
749 4688 956 4752 plebem
983 4687 1050 4740 ad
1089 4689 1362 4759 deteriora
1404 4705 1460 4744 et
1509 4693 1661 4759 igno-

95 4753 280 4833 oili‘ora
311 4766 640 4833 vergentem,
671 4760 1043 4833 etnowssime
1071 4771 1170 4833 nee
1199 4758 1250 4812 in
1270 4760 1408 4833 bello
1430 4753 1660 4816 seculari

98 4827 288 4902 fortem
310 4840 410 4880 nec
442 4832 494 4902 iii
529 4827 628 4883 tide
648 4827 892 4902 stabilem
923 4836 976 4882 et
1005 4844 1106 4882 nec
1151 4827 1519 4885 honorabiem
1564 4835 1661 4887 lio-

103 4896 326 4972 niuibus
347 4896 573 4972 neeDeo
595 4899 1018 4972 amabilemesse
1039 4908 1314 4972 venturam
1341 4919 1352 4952 :
1385 4903 1522 4955 sicut
1545 4905 1663 4957 aliis

99 4966 342 5039 gentibus
389 4964 707 5039 Hispaniae,
746 4966 1059 5039 Provinciae
1111 4978 1166 5023 et
1221 4969 1657 5039 Burgundionum

101 5036 304 5101 iopulis
328 5037 573 5103 contigit,
602 5051 742 5104 quae
768 5040 848 5092 sic
877 5053 909 5092 a
934 5038 1046 5093 Deo
1076 5036 1390 5094 recedentes
1431 5043 1663 5096 fornica—

103 5120 177 5181 ae
205 5114 352 5181 sunt,
385 5105 558 5160 donec
579 5110 739 5181 Iudex
769 5109 1109 5176 omnipotens
1150 5110 1338 5181 talium
1381 5113 1662 5166 criminum

102 5175 314 5229 itti-ices
343 5189 544 5252 poenas
569 5192 664 5246 per
686 5175 1039 5252 ignorantiam
1072 5179 1203 5248 legis
1227 5181 1320 5235 Dei
1345 5192 1399 5236 et
1426 5199 1519 5252 per
1541 5183 1667 5237 Sar-

107 5259 319 5319 acenos
375 5247 570 5319 venire
603 5255 658 5301 et
687 5251 888 5304 servire
933 5247 1196 5318 permisit.
1252 5256 1315 5304 tit
1353 5247 1667 5319 notandum,

103 5321 235 5390 iuod
265 5318 320 5373 in
349 5317 441 5372 illo
468 5317 670 5373 scelere
706 5321 847 5376 aliud
894 5317 1125 5407 immane
1162 5326 1416 5393 ﬂagitium
1463 5317 1674 5382 subter-

1765 3280 1883 3320 mus
1914 3266 2106 3320 invasit
2132 3273 2188 3318 et
2217 3263 2410 3317 iniuste
2438 3261 2690 3324 vendidit,
2726 3276 2932 3316 necnon
2955 3269 3008 3316 et
3039 3261 3336 3329 emptores,

1764 3345 1990 3402 excepta
2013 3336 2128 3389 sola
2157 3350 2386 3402 persona
2412 3331 2639 3401 parvuli,
2673 3333 2775 3386 hoc
2803 3332 2946 3400 quod
2977 3331 3347 3387 fraudulenter

1763 3401 2125 3467 adiniSerunt,
2166 3401 2312 3457 intra
2363 3405 2590 3471 patriam
2647 3401 2936 3457 emendare
2979 3411 3262 3470 cogantur,
3293 3411 3348 3456 et

1765 3477 2119 3556 p05tea__sicut
2146 3484 2545 3556 contemptores
2571 3473 2820 3556 iussionis
2848 3482 3064 3553 nostrae
3085 3471 3186 3526 sub
3214 3473 3348 3556 tide-

1765 3543 2061 3600 iussoribus
2108 3549 2174 3598 ad
2210 3553 2449 3598 nostrain
2491 3543 2853 3614 praesentiain
2895 3545 3083 3597 venire
3121 3543 3349 3615 conpelo

1762 3617 1959 3669 lantur.

1833 3707 1954 3760 153.
1985 3708 2050 3762 Ut
2077 3708 2139 3760 de
2161 3724 2259 3762 uno
2277 3723 2455 3760 intimo
2483 3707 2550 3759 ad
2576 3706 2843 3760 ecclesiam
2872 3705 2993 3758 (luto
3023 3705 3217 3759 nu'lnm
3247 3706 3344 3758 litt-

1762 3795 1972 3831 mannm
2003 3779 2239 3848 exigatur
2268 3778 2548 3831 servitium.
2584 3777 2735 3848 Quod
2754 3777 2839 3846 qui
2870 3778 3073 3848 fecerit,
3109 3793 3223 3848 quin
3255 3793 3349 3848 sita

1763 3850 1872 3914 lege
1900 3845 2146 3901 mnemtét.
2197 3847 2270 3901 De
2320 3863 2427 3901 uno
2458 3862 2644 3900 manso
2674 3845 2739 3901 ad
2768 3845 3053 3899 ecclesiam
3100 3845 3250 3906 dato,
3283 3845 3353 3900 de

1762 3934 1870 3986 quo
1896 3917 2057 3986 aliqui
2090 3917 2335 3971 haiiiines
2361 3925 2545 3970 contra
2573 3925 2771 3969 statuta
2797 3916 2894 3968 sibi
2926 3915 3200 3986 servitium
3230 3916 3348 3968 exi-

1761 3983 1910 4058 gunt,
1935 3983 2256 4058 quicumque
2288 4002 2383 4057 pro
2414 3987 2514 4058 hac
2548 3992 3022 4058 causaaccusatus
3051 3983 3234 4050 fuerit,
3265 3999 3353 4058 eo-

1762 4054 1876 4113 nies
1899 4054 1980 4111 vel
2011 4057 2154 4111 missi
2184 4054 2304 4119 hoc,
2335 4057 2477 4124 quod
2501 4056 2623 4109 inde
2646 4056 2974 4124 subtractum
3001 4062 3106 4120 est,
3140 4054 3351 4124 presbi-

1763 4129 1892 4182 teris
1911 4142 2031 4182 cum
2062 4142 2158 4180 sua
2189 4126 2308 4194 lege
2337 4122 2542 4179 restitui
2579 4125 2794 4180 faciant.
2823 4123 2893 4178 Et
2923 4123 3251 4194 quicumque
3281 4122 3352 4179 de

1762 4213 1869 4252 uno
1899 4212 2086 4252 manso
2117 4197 2180 4250 ad
2213 4191 2490 4252 ecclesiam
2521 4196 2650 4249 dato
2679 4205 2892 4263 praeter
2921 4191 3349 4248 ecclesiasticum

1761 4270 2002 4336 exegerit
2032 4267 2333 4332 sci-vitium,
2360 4265 2616 4336 episcopo
2644 4265 2731 4319 vel
2770 4264 2968 4320 comite
2997 4263 3359 4334 distringente.

1761 4337 1864 4393 hoc
1892 4339 2095 4405 legibus
2125 4337 2394 4391 emendet.

1835 4430 1954 4484 164.
1992 4431 2064 4485 Ι)ε
2095 4431 2196 4496 his,
2228 4430 2315 4498 qui
2344 4444 2505 4483 nonas
2532 4437 2579 4482 et
2609 4429 2830 4482 decimas
2859 4427 2934 4483 vel
2961 4430 3355 4486 rutaurationes

1761 4510 1846 4555 aut
1880 4517 2060 4556 census
2089 4504 2214 4555 dare
2242 4502 2534 4570 neglegunt,
2565 4510 2617 4552 ut
2649 4498 2742 4552 ltoc
2772 4501 2966 4568 legibus
2988 4502 3274 4570 emendant
3302 4511 3352 4555 et

1690 4592 1736 4651 ι)
1765 4577 1974 4640 insuper
2017 4575 2239 4651 liminum
2267 4568 2515 4651 nuarum
2547 4573 2852 4651 persolvant.
2885 4571 2959 4624 De
2986 4568 3089 4635 his,
3119 4571 3208 4638 qui
3250 4584 3352 4624 no-

1769 4661 1862 4696 ltzts
1907 4653 1960 4696 et
2003 4645 2235 4697 decimas
2266 4643 2366 4695 iam
2401 4657 2492 4708 per
2530 4640 2722 4694 inultos
2761 4653 2929 4694 annos
2977 4650 3067 4693 aut
3105 4655 3168 4693 ex
3203 4650 3354 4706 parte

1769 4724 1859 4767 aut
1889 4729 1949 4767 ex
1981 4723 2092 4768 toto
2117 4715 2245 4766 dare
2275 4713 2633 4778 neglexerunt,
2673 4712 2936 4778 volumus,
2961 4719 3018 4764 ut
3040 4723 3135 4776 per
3161 4711 3354 4764 missos

1771 4794 1980 4838 nostros
1999 4785 2450 4849 constringantur.
2471 4789 2526 4834 ut
2548 4781 2837 4835 secundum
2852 4779 3194 4848 capitularem
3217 4784 3355 4849 prio-

1771 4870 1882 4906 rem
1914 4856 2126 4909 solvant
2154 4855 2306 4906 unius
2337 4852 2459 4905 anni
2491 4866 2684 4904 nonam
2715 4860 2771 4905 et
2799 4851 3058 4904 decimam
3103 4864 3222 4903 cum
3254 4864 3353 4905 sua

1771 4927 1886 4992 lege
1915 4935 1968 4977 et
1999 4924 2212 4989 insuper
2243 4923 2472 4974 banuuin
2520 4931 2780 4992 nostrum.
2816 4921 2876 4974 Et
2913 4921 3011 4992 hoc
3039 4919 3116 4992 eis
3143 4919 3355 4974 denun-

1769 4990 1948 5056 tietur,
1981 4994 2120 5061 quod
2137 4994 2454 5060 quicumque
2481 4993 2615 5044 hanc
2639 4991 3027 5061 neglegentiam
3053 4990 3356 5061 iteraverit,

1772 5059 2108 5126 beneﬁcium,
2156 5059 2296 5116 unde
2341 5059 2471 5115 haec
2521 5075 2656 5115 neua
2683 5071 2737 5114 et
2763 5060 2966 5114 decima
3003 5059 3233 5127 persolvi
3259 5059 3355 5112 de-

1775 5133 1906 5195 buit.
1943 5135 2262 5186 amissurum
2295 5146 2355 5186 se
2395 5133 2548 5186 sciat.
2577 5131 2649 5184 Ita
2678 5129 2820 5183 enim
2851 5130 3150 5184 continetur
3177 5130 3227 5182 in
3263 5143 3356 5186 car

1777 5205 2008 5272 pitiilare
2054 5203 2226 5256 bonae
2268 5203 2558 5257 memoriae
2585 5200 2840 5272 genitoris
2869 5199 3036 5255 nostri
3064 5201 3116 5272 in
3146 5199 3281 5254 libro
3314 5215 3353 5265 i,

1782 5271 2012 5341 Capitula
2048 5274 2170 5336 lo'l,
2207 5289 2226 5324 α
2262 5283 2322 5326 ut
2352 5274 2369 5302 ⁷
2403 5286 2573 5325 nonae
2603 5281 2657 5325 et
2683 5271 2922 5324 decimae
2954 5271 3156 5340 legibus
3185 5284 3354 5324 rewa-

1784 5344 1996 5396 dicntur
2034 5353 2089 5397 et
2129 5345 2344 5413 insuper
2389 5343 2594 5402 bannus
2631 5341 2930 5397 dominicus
2965 5357 2994 5396 a
3039 5341 3354 5412 neglegente

1330 5491 1711 5548 VAlllANTES
1743 5493 2112 5551 LECTIONES

160 5608 178 5636 ι
212 5617 358 5673 quae
382 5601 502 5656 Bal.
538 5603 554 5632 ²
588 5601 854 5669 praeimus
884 5599 1001 5654 Bal.
1032 5603 1366 5670 praeveimus
1403 5602 1468 5657 G.
1499 5604 1582 5659 vel
1615 5604 1955 5674 pervehimus
1983 5607 2205 5677 margini
2229 5606 2566 5675 adscriptum.

160 5674 411 5727 imalibus
439 5674 682 5724 habuerat
712 5680 765 5723 ut
795 5680 842 5722 et
874 5670 989 5724 Bal.
1071 5672 1089 5700 ⁸
1116 5673 1350 5731 peccatis
1377 5677 1512 5728 coni.
1547 5674 1663 5728 Bal.
1738 5677 1758 5706 ⁸
1787 5691 1836 5729 c.
1877 5678 2002 5731 auia
2033 5692 2087 5731 (ι.
2121 5676 2240 5731 Bal.
2318 5681 2338 5708 ⁸
2369 5681 2420 5731 in
2443 5694 2566 5730 mari

1787 5691 1836 5729 (τ.
1877 5692 2002 5743 quia
2033 5692 2087 5745 q.
2121 5691 2240 5731 Dat.

113 5670 411 5728 nimalibus
439 5674 682 5724 habuerat
712 5680 765 5723 ut
785 5680 842 5741 _et
865 5670 989 5741 Bal.
1071 5672 1089 5700 ⁸
1116 5673 1350 5741 peccatis
1377 5677 1512 5728 coni.
1547 5670 1663 5728 Βᾱι.

2649 5607 2668 5636 ³
2695 5607 2770 5678 sic
2811 5606 2874 5661 C.
2901 5623 2968 5660 ex
2997 5625 3157 5674 rom,
3186 5610 3357 5678 primo

2318 5681 2338 5708 ⁸
2369 5681 2420 5731 in
2443 5679 2676 5747 margine
2707 5677 2772 5730 (ἐ.
2808 5679 3009 5730 addidit
3035 5695 3052 5731 :
3084 5677 3355 5735 volumus.

123 5745 261 5796 haec
291 5742 343 5793 in
373 5752 511 5821 textu
541 5741 742 5821 exh-ibet
774 5739 914 5821 Bal.”
945 5743 1010 5795 ini
1051 5744 1099 5796 io
1120 5739 1331 5812 icripsit
1361 5745 1425 5802 (ἱ.
1456 5748 1537 5816 qui
1571 5747 1620 5799 in
1645 5746 1754 5802 loro
1781 5746 1875 5799 licc
1900 5739 2266 5819 'tli'sti'nguemlo
2299 5739 2701 5819 confusus-csse
2731 5751 2945 5804 videtur.
2980 5748 3043 5802 In
3076 5751 3358 5821 capitulari

111 5829 204 5871 σεο
235 5827 337 5865 non
365 5812 601 5880 li‘gttitlur
631 5814 753 5866 haec
785 5809 951 5866 verba.
