3964 6344
574 383 693 442 “ῠ11

1484 385 1550 442 B.
1590 379 1839 443 CABOLI
1878 383 2085 441 MAGNI
2124 384 2144 440 (

2244 389 2277 440 ’.
2316 382 2489 440 PARS
2527 381 2566 438 I.
2607 381 2845 440 SECTIO
2879 381 2920 440 1.
3735 377 3818 441 913

589 496 938 568 persolvatur.
989 497 1056 568 Ut
1094 497 1184 568 qui
1209 497 1225 528 ¹
1258 495 1603 568 ecclesiarum
1634 497 1885 568 beneﬁcia
1925 497 2140 562 habent,
2173 500 2226 560 Α
2252 496 2476 568 randum
2503 504 2562 568 et
2577 497 3014 568 restaurandum,
3028 505 3283 566 quantum
3313 498 3427 566 ipse
3457 495 3533 552 de
3561 510 3719 552 rebus
3744 515 3814 554 ec-

589 581 784 622 uonam
812 576 865 621 ct
899 567 1154 621 decimam
1180 581 1242 621 ev
1275 567 1351 620 eis
1376 567 1652 632 ecclesiae,
1699 567 1850 622 cuius
1874 582 1960 624 res
1994 576 2138 632 sunt,

588 635 785 690 tloucnt
809 637 847 690 ¹.
881 635 948 690 Ει
978 637 1064 705 qui
1110 639 1212 692 tale
1240 637 1551 692 beneﬁcium
1585 638 1812 700 habent,
1843 647 1896 691 et
1933 637 1998 691 ad
2034 652 2142 691 me-

587 707 835 760 dietatem
891 707 1147 771 laborant,
1198 716 1255 760 ut
1298 707 1366 762 de
1415 721 1596 762 eorum
1644 711 1887 775 portione
1927 709 2141 775 proprio

576 776 882 842 ‘presbitero
932 777 1164 832 decimas
1228 776 1448 831 donent.
1495 794 1514 828 ι
1573 776 1702 831 Item
1733 777 1826 831 'in
1865 776 2140 844 capitulari

584 853 771 898 nostro
815 845 864 915 in
900 845 1036 900 libro
1065 861 1122 910 ιι,
1156 848 1386 915 capitulo
1411 845 1475 902 2|
1506 846 1574 901 de
1599 845 1786 903 eadem
1817 859 1874 902 re
1903 845 1924 876 ¹
1957 864 1970 899 :
2007 863 2026 895 ί
2069 847 2142 901 De

579 915 739 967 nonis
769 913 978 984 quidem
1014 925 1068 971 et
1106 913 1349 984 decimis,
1389 917 1528 971 unde
1562 925 1616 970 et
1646 917 1854 984 genitor
1884 923 2064 970 noster
2088 925 2142 970 et

578 999 684 1054 nos
711 983 1024 1052 'lrequenter
1050 995 1101 1040 et
1129 983 1183 1038 in
1214 983 1438 1040 diversis
1481 983 1686 1054 placitis
1723 985 2140 1040 admonitionem

584 1053 806 1108 fecimus
839 1063 891 1109 et
931 1069 1022 1121 per
1054 1055 1360 1123 capitularia
1396 1053 1574 1110 nostra
1620 1054 1843 1122 qualiter
1876 1056 2008 1109 haec
2047 1055 2144 1110 ob-

583 1132 862 1185 serventur
889 1125 1274 1187 ordinavimus,
1318 1126 1558 1180 volumus
1598 1134 1755 1193 atque
1785 1125 2046 1188 iubemus,
2085 1133 2142 1178 ut

580 1193 648 1263 de
675 1194 819 1248 omni
847 1195 1186 1248 conlaborato
1211 1205 1263 1249 et
1291 1195 1360 1250 de
1388 1196 1507 1248 vino
1541 1204 1595 1250 et
1636 1195 1792 1251 foeno
1833 1195 2059 1263 pleniter
2087 1201 2143 1248 et

581 1262 808 1336 ﬁdeliter
831 1263 897 1318 ab
925 1266 1169 1336 omnibus
1195 1279 1333 1336 nona
1362 1274 1417 1336 et
1439 1264 1643 1336 decima
1685 1262 2032 1330 persolvatur.
2067 1263 2143 1320 De

578 1333 868 1387 nutriminc
913 1349 1058 1399 vero,
1096 1333 1240 1400 quod
1281 1335 1332 1388 in
1367 1334 1571 1389 decima
1600 1335 1832 1388 dandum
1862 1344 1966 1397 est,
2007 1336 2143 1388 sicut

579 1401 832 1457 hactenus
859 1406 1185 1458 consuetudo
1218 1405 1333 1469 luit,
1359 1405 1428 1458 ab
1456 1404 1702 1458 omnibus
1729 1407 2063 1458 observetur.
2083 1403 2142 1460 Si

577 1473 697 1544 quis
743 1481 916 1544 tamen
954 1474 1323 1544 episcOporum
1371 1475 1553 1538 luerit,
1601 1473 1688 1542 qui
1735 1482 2011 1544 argentum
2049 1488 2146 1541 pro

578 1541 681 1595 hoc
703 1541 1148 1614 acciperevelit,
1166 1545 1219 1598 in
1258 1558 1352 1598 sua
1381 1551 1594 1598 maneat
1623 1541 1882 1614 potestate
1909 1552 1963 1596 ct
1998 1545 2142 1597 iuxta

575 1612 717 1692 quod
757 1612 807 1668 ei
843 1620 900 1668 et
932 1611 1042 1681 illi,
1078 1615 1164 1684 qui
1191 1615 1293 1670 hoc
1326 1611 1639 1684 persolvere
1657 1613 1838 1681 debet,
1874 1627 2143 1669 convene-

573 1689 662 1737 rit.
701 1699 720 1734 ι

646 1749 769 1824 165.
814 1749 941 1822 (166
967 1750 1125 1824 BAL.)
1172 1751 1247 1807 De
1284 1753 1387 1824 his,
1417 1753 1503 1821 qui
1538 1753 1786 1807 decimam
1835 1752 1860 1783 ³
1892 1749 2148 1824 ecclesiae

574 1820 783 1892 iniuste,
817 1820 918 1892 non
949 1820 1224 1876 secundum
1255 1820 1635 1890 dispositionem
1678 1822 1904 1892 episcopi
1930 1824 2011 1876 cui
2053 1823 2143 1876 de-

574 1889 736 1956 betur,
766 1891 1028 1958 auferunt.
1075 1899 1122 1946 et
1151 1892 1308 1945 aliubi
1340 1889 1441 1946 aut
1482 1889 2008 1961 propter'amicitiam
2053 1901 2142 1946 aut

575 1970 804 2031 propter_
829 1976 1042 2031 munera
1068 1963 1210 2031 Adare
1252 1973 1600 2029 praesumunt.
1630 1962 1963 2031 Quicumque
1992 1963 2140 2017 deci-

576 2043 720 2100 mam
749 2029 1019 2100 abstrahit
1048 2029 1117 2085 de
1147 2033 1394 2096 ecclesia,
1435 2033 1502 2085 ad
1548 2047 1705 2099 quam
1751 2047 1846 2100 per
1878 2029 2142 2087 iustitiam

574 2097 690 2152 dari
729 2098 920 2165 debet,
946 2107 1020 2172 _e_t
1042 2115 1173 2172 eam
1219 2097 1637 2172 praesumptiose
1671 2097 1765 2172 vel
1781 2111 1997 2170 propter
2026 2117 2144 2156 mu-

576 2180 708 2240 nera
735 2177 826 2222 aut
853 2169 1138 2240 amicitiam
1171 2180 1260 2240 aut
1287 2173 1442 2240 aliam
1470 2169 2141 2240 'quamlibet’occasionem

569 2237 638 2292 ad
662 2237 880 2298 alteram
910 2239 1192 2294 ecclesiam
1229 2239 1454 2304 dederit,
1496 2237 1525 2294 a
1563 2243 1759 2296 comite
1789 2241 1873 2296 vel
1903 2254 1933 2293 a
1978 2243 2144 2296 misso

570 2314 756 2362 nostro
783 2308 1149 2382 distringatur,
1179 2317 1236 2364 ut
1260 2310 1500 2366 eiusdem
1526 2311 1761 2368 decimae
1792 2311 2142 2382 quantitatem

568 2389 690 2431 cum
717 2390 810 2431 sua
839 2379 954 2444 tege
982 2380 1246 2434 restituat.

639 2465 762 2523 166.
789 2467 914 2540 (167
943 2467 1098 2540 ΒΜ..)
1133 2467 1207 2524 De
1234 2471 1335 2536 liis,
1362 2471 1448 2540 qui
1478 2471 1702 2526 decimas
1747 2471 1849 2526 nisi
1876 2487 1909 2525 α
1939 2487 1990 2525 se
2015 2487 2146 2538 quo-

567 2553 670 2612 que
695 2537 849 2592 modo
876 2537 1215 2612 redimantur,
1232 2537 1684 2612 idarer'neglcguut,
1712 2551 1767 2612 ut
1795 2543 2008 2610 ﬁrmiter
2032 2537 2143 2596 'dis-
2178 2589 2190 2604 ,

570 2607 884 2679 tringantur,
912 2610 1131 2678 qualiter
1162 2611 1239 2664 uel
1276 2611 1419 2664 inuiti
1447 2607 1557 2664 ltoc'
1580 2607 1863 2666 emendem.
1899 2611 2144 2668 Decimae

570 2690 706 2743 quae
733 2679 958 2750 populus
984 2679 1111 2750 dare
1139 2694 1243 2750 non
1276 2682 1407 2750 vult,
1437 2679 1539 2735 nisi
1570 2682 1806 2750 quolibet
1838 2680 1860 2712 ’⁸
1887 2683 2047 2737 modo
2073 2681 2143 2738 ab

565 2759 635 2818 eo
656 2746 1004 2818 redimantur,
1028 2749 1097 2802 ab
1120 2748 1386 2818 episcopis
1409 2746 1799 2818 prohibendum
1820 2760 1906 2806 est
1931 2767 1999 2808 ne
2028 2752 2140 2806 liat.

552 2815 635 2868 ει
662 2816 707 2869 si
739 2816 859 2882 quis
885 2815 1220 2889 contemptor
1241 2815 1488 2875 inventus
1513 2820 1696 2883 fuerit.
1725 2830 1783 2875 ut
1808 2835 1906 2876 nec
1933 2822 2142 2884 episcot-
2191 2847 2196 2850 -

2193 2912 2199 2918 ·
2242 2891 2463 2946 ulterius
2493 2885 2759 2944 taleneuin
2799 2904 2904 2944 non
2935 2885 3124 2944 detur.
3156 2887 3224 2942 Et
3267 2901 3425 2942 nemo
3463 2897 3611 2955 cogat
3648 2885 3793 2939 alium

566 2899 691 2952 pum
722 2899 820 2940 nec
839 2891 1089 2943 comitem
1117 2889 1300 2944 audire
1323 2891 1468 2954 velit,
1494 2892 1540 2946 si
1573 2900 1756 2946 noster
1776 2895 1935 2946 homo
1962 2891 2140 2954 fuerit,

541 2954 633 3008 .ad
664 2965 900 3036 nostram
941 2959 1292 3026 praesentiam
1320 2962 1515 3036 venire
1552 2961 2143 3036 compellaturaceteri

548 3037 708 3099 vero
745 3025 1152 3099 distringamur,
1206 3039 1264 3084 ut
1319 3031 1469 3085 inviti
1523 3025 1782 3088 ecclesiae
1832 3025 2141 3099 restituant,

571 3095 709 3164 qui"
737 3095 1031 3154 voluntarie
1059 3099 1187 3154 dare
1208 3101 1575 3172 neglexerunt.

638 3185 760 3242 167.
792 3187 921 3257 (168
955 3189 1110 3272 BAL.)
1139 3189 1212 3244 De
1238 3191 1339 3272 his,
1362 3193 1449 3262 qui
1477 3191 1871 3272 restaurationes
1893 3193 2134 3248 ecclesia-
2162 3205 2212 3272 ς,

559 3270 677 3331 runt
705 3273 976 3331 earumque
1001 3265 1264 3314 domorum
1294 3265 1460 3331 [acere
1509 3265 1586 3316 vel
1629 3264 1851 3316 decimas
1885 3273 1931 3317 et
1973 3279 2134 3318 nonas

563 3325 690 3402 dare
716 3325 1008 3402 neglegunt,
1038 3331 1081 3383 si
1102 3347 1152 3386 se
1181 3347 1280 3384 non
1294 3325 1638 3398 correxerint,
1662 3341 1714 3385 ut
1747 3333 1986 3400 beneﬁcia
2009 3348 2133 3402 per-

563 3395 1072 3471 dant._,0uiciintque
1101 3401 1168 3455 de
1207 3403 1367 3456 rebus
1395 3395 1755 3466 ecclesiarum,
1787 3395 1922 3471 quas
1949 3395 2132 3459 iu'be-

565 3465 814 3536 nelioium
865 3465 1078 3536 habent,
1125 3472 1540 3526 restaurationes
1581 3465 1762 3526 earum
1807 3465 1991 3528 lacere
2040 3487 2132 3528 ne-

562 3535 847 3612 glexerint,
891 3535 1423 3612 iuxta_'capitnl:irem
1464 3543 1807 3609 anteriorem,
1839 3543 1891 3596 in
1921 3557 2027 3612 quo
2065 3543 2133 3612 de

564 3605 818 3684 operibus
847 3621 912 3684 ac
939 3609 1093 3663 nonis
1121 3605 1187 3684 e_'t_
1201 3609 1419 3684 decimis
1447 3605 1804 3684 constitutum
1827 3605 2039 3684 est,:sic
2052 3611 2135 3684 ide

551 3672 672 3750 illis
717 3675 1088 3746 adimpleatur,
1138 3679 1189 3734 id
1235 3688 1339 3745 est,
1369 3681 1421 3734 in
1471 3680 1606 3735 libro
1652 3695 1724 3747 tv,
1767 3672 2000 3750 capitulo
2044 3682 2133 3737 '58.

572 3743 706 3826 «‘De
723 3743 892 3826 .opere
919 3761 1044 3826 vero
1065 3743 1147 3826 vel
1170 3743 1562 3826 restauratione
1581 3743 1926 3826 ecclesiarum
1953 3767 2136 3808 comes

567 3821 625 3894 et
651 3819 935 3896 episcopus
959 3819 1073 3896 sive
1099 3821 1232 3896 abba
1264 3834 1368 3896 una
1397 3834 1518 3875 cum
1536 3823 1718 3896 ‘misso‘
1744 3833 1950 3896 nostro,
1977 3838 2135 3891 quem

564 3885 671 3951 ipsi
707 3885 807 3941 s’ibi
849 3889 919 3960 ad
957 3893 1058 3943 hoc
1083 3890 1360 3960 elegerint,
1403 3891 1882 3947 considerationem
1915 3885 2132 3958 iaciant,

521 3963 620 4009 “ut
647 3957 1020 4031 unusquisque
1033 3957 1454 4017 eorumtantum
1497 3962 1623 4018 inde
1653 3963 1882 4032 accipiat
1909 3963 1976 4017 ad
2007 3957 2137 4031 ope-

2245 567 2519 622 clcsiarttm
2551 566 2743 622 habere
2774 567 3134 636 cognoscitur.
3167 569 3424 622 Similiter
3455 579 3516 621 et
3565 569 3710 623 vassi
3737 584 3812 622 no-

2245 637 2340 690 stri
2369 645 2458 688 aut
2488 638 2536 689 in
2564 651 2847 692 commune
2881 648 3082 691 tantum
3113 639 3290 704 operis
3319 637 3622 702 accipiant,
3655 654 3812 702 quan-

2245 712 2356 759 tum
2389 719 2566 760 rerum
2596 707 3078 761 ecclesiasticarum
3112 707 3308 761 habent
3335 717 3426 760 aut
3458 708 3811 774 unusquisque

2247 789 2342 842 per
2369 789 2428 829 se
2458 775 2606 829 iuxta
2633 777 2979 845 quantitatem
3004 791 3161 846 quam
3192 777 3304 846 ipse
3335 784 3508 846 tenet.
3544 778 3653 829 Aut
3676 776 3717 830 si
3746 778 3810 831 ia-

2246 853 2332 900 ter
2357 859 2450 899 eos
2487 845 2818 910 convenerit.
2856 857 2913 900 ut
2941 845 3036 914 pro
3071 859 3231 912 apere
3263 845 3514 898 faciendo
3548 856 3806 914 argentum

2245 915 2477 989 donent,
2520 916 2664 989 inata
2692 917 3118 989 aestimationem
3157 915 3337 983 operis
3367 915 3423 989 in
3451 927 3684 989 argemo
3711 930 3809 982 per-

2243 987 2452 1054 solvant
2483 1000 2498 1037 :
2527 983 2652 1039 cum
2691 999 2800 1054 quo
2841 987 3012 1051 pretio
3053 994 3231 1040 rector
3269 985 3544 1040 ecclesiae
3569 983 3638 1038 ad
3669 998 3801 1052 prae-

2244 1053 2440 1107 dictam
2472 1053 2913 1110 restaurationem
2942 1056 3216 1123 operarios
3240 1054 3556 1108 conducere
3586 1063 3640 1107 et
3665 1064 3809 1109 mate~

2245 1125 2376 1194 riam
2417 1138 2598 1178 emere
2645 1127 2833 1191 possit.
2879 1124 2940 1178 Et
2982 1125 3072 1194 qui
3118 1138 3286 1178 nouas
3327 1124 3667 1194 etdecitnas
3701 1123 3808 1179 dare

2245 1193 2559 1262 neglexerit,
2591 1194 2819 1260 primum
2853 1194 3068 1262 quidem
3103 1195 3220 1247 illas
3249 1207 3370 1247 cum
3396 1193 3520 1262 lege
3549 1207 3644 1247 sua
3675 1197 3806 1248 resti-

2245 1270 2380 1326 tuat,
2413 1263 2626 1331 insuper
2648 1273 2701 1317 et
2725 1265 2954 1318 bannum
2984 1273 3229 1317 nostrum
3251 1263 3465 1327 solvat;
3489 1273 3549 1314 nt
3575 1264 3646 1316 ita
3667 1265 3808 1317 casti-

2244 1341 2396 1400 gatus
2418 1343 2640 1399 caveat;
2685 1347 2752 1388 ne
2791 1333 3004 1404 saepius
3035 1333 3275 1388 iterando
3313 1331 3644 1387 beneﬁcium
3673 1335 3808 1387 aruit-

2247 1410 2342 1456 tat.
2380 1420 2399 1454 ι

2317 1471 2441 1527 168.
2486 1469 2612 1540 (169
2653 1472 2806 1538 ΒΜ..)
2837 1471 2904 1528 Ut
2935 1472 3010 1537 lii,
3033 1471 3122 1542 qui
3153 1481 3314 1526 terras
3333 1471 3685 1526 dominicatss
3705 1490 3806 1538 pro—

2245 1549 2416 1610 pterea
2449 1543 2679 1596 excolere
2709 1544 2884 1597 nolunt
2905 1583 2922 1606 ,
2949 1553 3004 1596 ut
3043 1558 3204 1596 nonas
3233 1552 3278 1596 et
3309 1544 3540 1595 decimas
3586 1544 3700 1595 inde
3721 1559 3802 1596 asa

2244 1613 2459 1674 solvant,
2494 1613 2708 1679 pleniter
2736 1615 3168 1681 constringuntur,
3205 1622 3259 1664 ut
3287 1613 3412 1665 haec
3440 1614 3516 1665 de
3547 1613 3702 1666 tribus
3727 1631 3802 1666 an-

2244 1682 2326 1735 nis
2353 1681 2545 1753 legibus
2571 1683 2876 1751 persolvant.
2913 1683 2984 1736 De
3009 1683 3137 1745 illis,
3168 1683 3254 1750 qui
3285 1696 3440 1750 agros
3467 1681 3802 1753 dominicam

2247 1752 2526 1823 propterea
2555 1753 2842 1823 neglegunt
2870 1753 3142 1816 excolere,
3171 1761 3228 1805 ut
3271 1765 3440 1804 nonas
3491 1761 3548 1823 et
3593 1752 3801 1806 decimas

2244 1820 2438 1876 exinde
2468 1836 2576 1875 non
2603 1820 2930 1888 persolvant,
2958 1833 3014 1876 et
3040 1823 3239 1877 alienas
3271 1830 3440 1875 terras
3476 1821 3548 1874 ad
3575 1823 3802 1875 excolen-

2249 1891 2375 1944 dutn
2403 1901 2618 1960 propter
2647 1891 2746 1946 hoc
2789 1892 3075 1960 accipiunt,
3107 1892 3347 1944 volumus
3372 1930 3394 1954 ,
3439 1899 3504 1944 ut
3546 1889 3613 1944 de
3659 1893 3802 1944 tribus

2251 1960 2405 2015 anuis
2433 1961 2599 2029 ipsam
2629 1976 2823 2014 nonam
2871 1973 2924 2015 et
2969 1961 3230 2015 decimam
3256 1975 3380 2014 cum
3416 1975 3518 2014 sna
3559 1960 3670 2028 lege
3697 1975 3799 2027 per-

2246 2032 2476 2086 solvant.
2513 2029 2578 2084 Et
2606 2031 2650 2084 si
2678 2031 2797 2101 quis
2823 2039 3162 2101 contemptor
3201 2038 3292 2101 aut
3327 2029 3549 2084 comitis
3583 2039 3670 2084 aut
3695 2033 3800 2083 niis-

2246 2114 2426 2154 surum
2473 2100 2774 2155 nostrorum
2807 2111 3023 2169 propter
3054 2100 3155 2154 hoc
3183 2100 3442 2169 extiterit,
3483 2114 3580 2163 per
3607 2101 3800 2154 ﬁdeius-

2245 2183 2394 2225 sores
2414 2170 2562 2244 [ϐοά.
2595 2169 2661 2236 G,
2694 2171 2792 2226 sub
2817 2168 3235 2240 lidéiussoribus]
3260 2169 3326 2224 ad
3355 2171 3608 2239 palatium
3637 2169 3798 2227 venire

2245 2241 2618 2293 compellatur.

2245 2245 2618 2310 compellatur.

2318 2331 2438 2386 169.
2489 2330 2617 2400 (170
2658 2328 2814 2398 BAL.)
2865 2329 2941 2384 De
2976 2331 3206 2395 teloneis,
3254 2328 3340 2383 ubi
3383 2345 3499 2400 non;
3525 2328 3797 2398 uigiliam.

2243 2398 2512 2456 Statutunt
2540 2411 2644 2465 est,
2670 2411 2725 2456 ut
2751 2402 2838 2454 tibi
2881 2412 3120 2468 tempore
3161 2400 3244 2454 avi
3277 2400 3444 2453 nostri
3471 2398 3646 2453 doinni
3684 2401 3797 2467 Pup.

2245 2472 2351 2540 pini
2381 2472 2710 2526 consuetudo
2756 2470 2852 2526 fuit
2881 2471 3144 2540 teloneum
3192 2469 3343 2532 dare,
3392 2468 3460 2522 ibi
3497 2479 3546 2523 et
3587 2471 3635 2522 in
3667 2470 3794 2540 {Illu-

2243 2539 2362 2595 rum
2387 2541 2578 2608 detur;
2606 2557 2728 2595 nam
2753 2543 2840 2595 ubi
2880 2543 3088 2594 naviter
3117 2539 3416 2608 incoeptum
3441 2548 3532 2599 est.
3574 2539 3790 2592 ulterius

2243 2626 2349 2666 non
2375 2621 2580 2680 agatur.
2620 2610 2684 2664 Et
2715 2612 2802 2664 ubi
2837 2624 3057 2666 necesse
3083 2624 3188 2680 non
3219 2621 3303 2663 est
3334 2609 3529 2680 ﬂuvium
3557 2610 3784 2674 aliquem

2244 2678 2428 2750 ponte'
2447 2692 2790 2746 transmeare,
2829 2681 2910 2734 vel
2938 2682 3024 2734 ubi
3056 2678 3207 2734 navis
3237 2694 3327 2748 per
3351 2678 3565 2750 mediam
3602 2690 3784 2744 aquam

2241 2746 2297 2806 et
2316 2752 2414 2806 sub
2445 2761 2605 2816 ponte
2649 2751 2770 2804 ierit
2813 2758 2870 2805 et
2902 2750 2967 2802 ad
3014 2751 3183 2816 ripam
3214 2746 3322 2803 non
3360 2746 3792 2816 appropinquan-

2243 2823 2336 2886 rit,
2360 2815 2460 2875 nec
2503 2821 2574 2875 ibi
2613 2820 2813 2888 aliquid
2842 2831 3080 2887 emptum
3116 2822 3200 2888 vel
3231 2815 3576 2873 venundatum
3612 2815 3798 2888 luerit,

2242 2961 2306 3014 ad
2333 2969 2544 3035 pontegt
2573 2960 2670 3035 ire,
2706 2959 2793 3035 ubi
2832 2959 3223 3035 iuxla_pont_e_m
3249 2972 3444 3035 aquam
3489 2966 3794 3035 transmeare

2243 3027 2437 3100 potest.
2476 3029 2540 3083 Et
2583 3031 2674 3098 qui
2723 3030 2944 3100 ulterius
2982 3027 3036 3083 in
3076 3027 3268 3083 talibus
3313 3028 3480 3095 locis.
3512 3031 3592 3079 vel
3613 3027 3680 3100 de
3705 3027 3791 3087 his,

2243 3096 2329 3169 qui
2369 3101 2436 3153 ad
2479 3096 2726 3169 palatium
2767 3115 2862 3154 seu
2911 3099 2966 3152 in
3007 3101 3214 3155 hostem
3255 3108 3514 3166 pergunt,
3561 3096 3790 3169 teloneum

2243 3167 2584 3236 exactaverit,
2612 3184 2731 3224 cum
2763 3183 2858 3223 sua
2904 3169 3017 3237 lege
3066 3170 3237 3238 ipsum
3285 3170 3564 3238 teloneum
3612 3167 3790 3228 l’cddal,

2239 3251 2293 3294 et
2336 3241 2568 3295 bannum
2617 3248 2879 3307 nostrum,
2912 3238 2964 3293 id
3006 3248 3088 3296 est
3115 3239 3391 3307 sexaginta
3421 3237 3649 3306 solidos,
3672 3251 3786 3290 cou-

2240 3321 2422 3378 ponat.

2312 3401 2434 3458 170.
2483 3402 2503 3475 (
2532 3403 2625 3475 l'll
2663 3401 2835 3475 BAL.)
2880 3400 2958 3475 De
2999 3399 3444 3475 rebusecclesiae,
3478 3414 3623 3475 quae
3646 3397 3773 3461 slew

2244 3473 2353 3527 ul.'a
2392 3471 2688 3540 repetitione
2727 3473 2790 3525 ab
2827 3473 3006 3526 eadem
3053 3471 3270 3525 ecclesia
3300 3486 3393 3537 per
3421 3471 3643 3539 triginta
3665 3480 3770 3519 usu

2241 3551 2664 3611 possessnesunt,
2693 3551 2745 3594 ut
2768 3544 2912 3595 nulla
2938 3542 3222 3611 testimonia
3245 3556 3400 3611 super
3427 3541 3572 3592 hanc
3599 3540 3780 3600 dei-art

2241 3609 2599 3684 possessionem
2650 3614 2985 3684 recipiantur.
3032 3609 3098 3666 Ut
3138 3611 3207 3664 de
3247 3610 3410 3684 rebus
3449 3611 3780 3684 ecclesiarum.

2239 3679 2373 3753 quae
2403 3686 2470 3736 ab
2496 3680 2574 3737 eis
2601 3697 2695 3751 per
2726 3682 2934 3750 triginta
2964 3694 3225 3735 annorum
3253 3681 3582 3753 spatia-sine
3610 3679 3702 3731 alla
3725 3679 3782 3753 inf

2239 3749 2612 3821 terpellatione
2647 3749 2923 3822 possessae
2964 3759 3118 3822 sunt,
3169 3749 3484 3822 testimonia
3541 3764 3645 3804 non
3683 3749 3790 3822 reci-

2241 3818 2472 3893 piantur,
2500 3823 2592 3878 sed
2619 3818 2686 3878 eo
2724 3821 2882 3893 modo
2909 3821 3306 3893 contineantur,
3335 3819 3479 3893 sicut
3511 3834 3606 3874 res
3639 3818 3696 3871 ad
3722 3818 3792 3868 is-

2239 3889 2358 3948 cum
2389 3903 2630 3949 nostrum
2659 3892 2986 3962 pertinentes
3013 3890 3279 3947 contineri
3306 3889 3509 3946 solent.

1771 4090 2158 4147 VARIANTES
2197 4090 2596 4146 LECTIOSES.

620 4209 740 4261 "ea:
760 4207 839 4260 his
864 4207 1024 4262 verbis
1069 4206 1186 4260 Bal.
1221 4207 1426 4260 rubrum
1457 4208 1575 4273 fecit
1609 4208 1725 4261 novi
1770 4207 1953 4276 capitis
1985 4205 2104 4270 l65,
2139 4207 2334 4260 addens
2356 4206 2433 4259 illi
2459 4218 2474 4256 :
2506 4203 2569 4257 Et
2598 4203 2666 4276 de
2696 4202 2850 4276 nouis
2876 4200 3176 4276 ct_dccitn_is
3204 4214 3308 4254 non
3337 4197 3694 4276 redimendis,
3724 4193 3802 4248 nisi

566 4277 818 4348 episcopo
851 4277 1320 4348 placueritaquae
1349 4267 1499 4348 uerba
1525 4276 1590 4330 G.
1618 4278 1777 4348 minio
1827 4267 1962 4348 scrip
1985 4294 2016 4330 a
2055 4267 2231 4330 statim
2271 4279 2410 4345 infra
2457 4274 2678 4348 intrudit
2732 4274 2784 4326 in
2817 4272 2994 4348 inedia
3027 4273 3193 4348 capite
3229 4279 3345 4348 ante
3385 4267 3544 4348 verba
3577 4269 3801 4348 volumus

565 4338 726 4416 sique
753 4338 1016 4416 iubemus.
1081 4347 1112 4416 A‘
1135 4338 1277 4398 haec
1308 4347 1462 4400 minio
1485 4363 1508 4398 δ
1540 4349 1688 4416 ripsit
1712 4345 1779 4403 ϐ.
1859 4348 1880 4378 ³
1901 4338 1939 4404 d
1954 4389 1968 4413 ,
2001 4347 2151 4402 cuius
2181 4338 2445 4403 ecclesiae
2471 4345 2768 4400 secundum
2799 4343 3199 4414 dispositionem
3230 4339 3468 4412 episcopi
3501 4341 3724 4396 debetur
3747 4338 3799 4389 (ἱ.

566 4413 722 4487 ﬁtqu
751 4416 866 4470 vnlt
885 4415 1000 4469 Bal.
1079 4414 1262 4469 '.corr.
1295 4416 1436 4484 quod
1464 4416 1530 4470 ϐ.

2330 4506 2350 4568 ἔ
2491 4532 2550 4562 δλἾ
2663 4525 2668 4529 1
2732 4537 2797 4572 [μί

2375 4570 2418 4581 ι,
2551 4573 2564 4581 ,
2769 4569 2778 4575 .
