3964 6344
141 322 275 378 913

483 319 706 376 CODEX
744 319 1265 378 DIPLOiiATlCUS.
1305 351 1375 363 —
1413 314 1821 375 l’iilVllJ'IGlA.
1850 345 1921 357 —
1950 315 1989 372 Ι.
2037 311 2283 371 Ρηινιιι.
2324 309 2459 367 PER
2499 306 2775 363 GALleE
2814 305 3104 413 PARTES.

3320 305 3426 360 9H

962 576 1133 687 Β.
1232 568 1907 684 εΔιιοιιι
1982 566 2404 679 MAG
2422 566 2627 677 NI

746 744 1982 905 DIPLOMATICI
2116 738 2851 897 CODICIS

428 977 1027 1093 SECTIO
1141 973 1422 1088 SEC
1464 968 1940 1089 UNDA.
1988 1012 2119 1037 --
2161 962 3171 1083 PRIVILEGIA.

1039 1170 1179 1241 DE
1219 1166 1572 1242 REBUS
1613 1158 2502 1237 ECCLESIASTICIS

147 1317 806 1410 DIPLOMATA,
845 1312 1629 1405 FUNDATIONES,
1676 1306 2277 1389 PBIVILEGIA
2322 1306 2451 1384 ET
2499 1305 2697 1383 PIJE
2746 1300 3431 1384 DONATIONES.

1632 1445 1977 1466 κ

723 1519 775 1582 l.
818 1517 1283 1581 PRiVlLEGiA
1322 1515 1509 1593 QUAE
1567 1516 1673 1575 AD
1716 1510 2027 1573 PARTES
2070 1508 2393 1572 GALLUE
2446 1508 2879 1572 SPECTANT.

150 1841 411 1913 Diploma
478 1838 649 1893 Caroli
718 1838 895 1982 Magni
958 1837 1381 1981 p;g8)Gorziensi
1447 1840 1757 1896 manauerio

826 1926 959 1964 anno
1121 1950 1136 1964 .

826 1926 959 1964 anno
996 1926 1136 1964 Ιυδ).

495 2023 588 2084 (Ex
616 2022 851 2085 Caimeto,
880 2021 1003 2072 Hist.
1027 2022 1092 2073 de
1122 2021 1403 2086 Lorraine.)

233 2128 459 2184 Carolus
496 2127 664 2200 gratia
706 2126 801 2182 Dei
848 2143 941 2183 rex
989 2126 1336 2194 Francorum,
1383 2126 1467 2182 vir
1514 2125 1754 2194 illustris,

148 2222 415 2276 uunibus
440 2220 726 2290 episcopis,
756 2219 1057 2285 abbatibus,
1086 2219 1392 2284 comitibus,
1436 2220 1595 2274 etiam
1626 2220 1754 2275 mis-

150 2314 263 2376 sis,
291 2325 452 2382 atque
477 2313 741 2369 universis
764 2312 1005 2368 ﬁdelibus
1028 2312 1242 2375 nostris,
1272 2320 1377 2367 tam
1408 2312 1764 2385 praesentibus

148 2417 324 2473 quam
355 2401 569 2456 futuris.
600 2400 656 2456 Si
687 2401 969 2470 petitiones
1006 2400 1342 2457 sacerdotum
1379 2409 1540 2471 atque
1567 2415 1757 2457 servo-

154 2508 285 2549 run
326 2492 439 2559 Dei,
487 2493 541 2547 in
580 2506 688 2563 quo
735 2493 933 2547 nostris
975 2492 1192 2547 auribus
1241 2501 1636 2561 suggesserunt,
1688 2491 1757 2548 ad

154 2584 410 2641 eiectum
454 2584 810 2657 perducimus,
857 2584 1056 2653 regiam
1097 2582 1556 2639 mansuetudinem
1591 2598 1754 2640 exer-

157 2689 370 2737 cemus.
411 2683 570 2744 atque
609 2688 705 2743 pro
735 2671 909 2728 salute
937 2672 1150 2737 animai,
1190 2682 1245 2728 et
1279 2673 1570 2729 stabilitate
1608 2673 1758 2744 regni

159 2764 362 2831 nostri,
393 2762 597 2818 Domini
637 2762 1055 2819 misericordiam
1080 2771 1325 2831 exorent,
1347 2778 1532 2820 eorum
1554 2765 1759 2821 animus

159 2855 535 2910 exhortamur.
564 2852 723 2926 igitur
748 2855 969 2912 solertia
997 2865 1174 2911 vestra
1213 2858 1443 2923 noverit,
1481 2858 1760 2913 venerabi-

164 2946 279 3002 lem
318 2945 496 3002 virum
523 2946 873 3003 Theomarum
900 2947 1168 3013 abbatem,
1207 2946 1274 3002 ad
1314 2956 1550 3003 nostram
1591 2947 1757 3004 adve-

170 3035 325 3094 nisse
379 3039 730 3107 praesentiam,
786 3039 879 3109 qui
941 3037 1127 3094 detulit
1192 3037 1350 3094 nobis
1417 3037 1749 3110 privilegium

172 3138 380 3184 sanctw
414 3128 796 3184 recordationis
823 3127 1192 3200 Chrodegangi
1219 3129 1607 3201 archiepiscopi
1643 3130 1753 3186 Me-

171 3219 343 3275 tensis
384 3219 557 3287 urbis,
594 3219 736 3290 quod
775 3221 917 3276 circa
964 3220 1346 3276 monasterium
1386 3220 1629 3288 Gorzim,
1671 3220 1761 3275 ubi

161 3319 338 3376 usque
366 3306 432 3362 ad
462 3306 617 3363 nem
639 3309 820 3365 sascuii
843 3307 1207 3366 habitantibus
1227 3310 1644 3379 conscripserat,
1668 3309 1759 3364 ubi

164 3396 441 3467 legebatur
476 3398 760 3467 insertum,
788 3400 1015 3469 qualiter
1055 3415 1150 3469 per
1197 3414 1521 3460 consensum
1566 3410 1622 3456 et
1662 3415 1759 3456 vo-

167 3485 427 3544 luntatem
464 3488 671 3546 domini
710 3501 765 3546 et
792 3490 1051 3561 genitoris
1080 3490 1255 3549 nostri
1286 3491 1458 3561 Pipini
1494 3491 1761 3563 quondam

172 3580 332 3648 regis,
365 3579 529 3637 etiam
564 3593 621 3640 et
654 3597 918 3639 consensu
947 3599 1164 3640 suorum
1205 3584 1540 3647 sacerdotum
1572 3596 1627 3642 et
1653 3584 1765 3640 cle-

168 3665 420 3738 ricorum,
479 3672 844 3741 supradictum
907 3674 1289 3728 monasterium
1352 3673 1406 3728 in
1463 3674 1764 3730 nominibus

164 3760 529 3827 apostolorum
560 3761 704 3817 Petri
732 3772 786 3819 et
816 3763 962 3821 Pauli
988 3773 1198 3824 constat
1224 3764 1567 3831 aediﬁcatum,
1599 3766 1683 3821 ubi
1710 3776 1767 3822 et

163 3855 355 3912 postea
404 3848 727 3904 sanctissimi
770 3866 967 3919 corpus
1014 3851 1267 3929 Gorgonli
1316 3852 1484 3908 Roma
1527 3853 1763 3910 delatum

159 3934 443 4005 condidit;
470 3952 537 3993 ea
575 3940 777 3996 scilicet
813 3940 1137 4008 conditione,
1178 3951 1235 3997 ut
1268 3943 1319 3997 in
1351 3943 1468 4011 ipso
1498 3953 1765 3998 monaste-

160 4027 252 4081 rio
292 4029 544 4085 monachi
583 4020 879 4086 secundu'm
924 4033 1165 4089 ordinem
1212 4043 1269 4090 et
1312 4037 1550 4107 regulam
1594 4036 1764 4092 sancti

162 4118 447 4178 Benedicti
472 4123 739 4191 perpetuis
767 4124 1098 4192 temporibus
1121 4124 1380 4189 viverent,
1404 4134 1561 4195 atque
1584 4141 1677 4196 pro
1706 4141 1766 4183 se

158 4219 218 4264 et
248 4226 346 4279 pro
368 4211 486 4266 aliis
518 4212 724 4275 Domini
749 4214 1169 4269 misericordiam
1193 4216 1555 4271 indesinenter
1572 4231 1764 4272 exora-

161 4308 317 4356 rent.
360 4301 571 4363 Tamen.
611 4304 689 4359 ad
725 4305 1148 4361 conﬁrmandum
1197 4305 1355 4376 hujus
1412 4305 1537 4361 boni
1589 4308 1764 4375 operis

157 4398 461 4459 certamen,
492 4393 835 4463 cognovimus
859 4393 1101 4451 diversas
1142 4410 1228 4451 res
1265 4394 1330 4449 ad
1368 4394 1597 4451 eundem
1639 4410 1763 4450 san-

156 4489 314 4537 ctum
352 4485 548 4552 locum,
580 4487 857 4556 praelatum
897 4489 1207 4559 episcopum
1254 4486 1551 4559 delegasse,
1599 4499 1760 4559 atque
1786 4480 1811 4512 “

161 4574 623 4646 itaconlirmasse,
647 4588 706 4634 ut
729 4578 984 4651 deinceps
1011 4594 1110 4636 nec
1127 4580 1195 4635 ab
1222 4581 1338 4650 ipso
1363 4581 1621 4651 episcopo
1639 4594 1759 4648 suo,

159 4666 283 4720 sive
348 4669 748 4725 successoribus
802 4680 858 4728 et
911 4670 1338 4739 archidiaconis,
1396 4687 1492 4727 seu
1554 4672 1763 4728 ezeteris

160 4756 411 4812 ecclesias
426 4759 825 4828 eoadjutoribus
842 4760 1018 4831 aliquo
1041 4769 1281 4831 tempore
1298 4760 1461 4817 luisse
1476 4761 1584 4816 irru
1591 4770 1763 4830 ptum.

163 4844 328 4900 Unde
350 4848 545 4903 asserit
571 4849 822 4916 prml‘atus
866 4851 1164 4907 Tltomarus
1198 4852 1389 4921 abbas,
1426 4851 1613 4921 suique
1651 4866 1765 4906 mo-

164 4935 347 5004 nachi,
390 4937 492 4993 hoc
531 4939 865 5011 privilegium
905 4944 1302 5006 conﬁrmatum,
1337 4952 1390 4996 et
1430 4940 1545 4996 haec
1580 4942 1761 4996 omnia

160 5027 349 5097 quieto
376 5029 565 5085 ordine
592 5045 653 5087 se
701 5031 1015 5101 possidere;
1046 5035 1140 5089 sed
1188 5048 1286 5103 pro
1325 5032 1535 5103 pietatis
1572 5032 1762 5088 studiis

162 5118 326 5186 petiit
360 5119 729 5177 celsitudinem
762 5130 1021 5192 nostram,
1051 5133 1109 5177 ut
1149 5122 1288 5178 circa
1330 5122 1607 5194 prmlatum
1646 5138 1762 5180 mo-

161 5208 486 5277 nasterium,
534 5210 759 5281 ejusque
802 5223 1060 5280 rectores,
1093 5224 1327 5269 nostram
1370 5215 1600 5285 dentque
1632 5232 1761 5272 con-

160 5301 522 5357 ﬁrmationem
545 5317 641 5371 pro
662 5303 922 5360 mercedis
943 5314 1226 5375 augmento
1247 5307 1587 5363 conscribere
1604 5318 1763 5378 atque

158 5389 488 5446 conﬁrmare
516 5392 797 5460 vellemus,
832 5395 988 5464 cujus
1021 5396 1331 5467 petitionem
1362 5398 1631 5469 denegare
1662 5415 1760 5456 ne-

159 5480 459 5552 quivimus,
476 5484 571 5541 sed
589 5485 769 5542 libenti
798 5487 978 5542 animo
994 5486 1130 5541 hanc
1150 5488 1463 5558 praestitisse
1476 5497 1533 5545 et
1558 5490 1762 5545 conﬁr-

160 5586 350 5628 masse
402 5578 727 5643 cognoscite.
778 5577 1160 5647 Prtecipientes
1203 5580 1346 5633 enim
1388 5580 1659 5649 iubemus,
1705 5591 1764 5636 ut

158 5663 465 5732 inspectum
490 5667 599 5735 jam
625 5668 824 5724 dictum
858 5670 1211 5740 privilegium,
1242 5671 1381 5726 sicut
1410 5686 1502 5741 per
1531 5673 1760 5727 eundem

160 5753 494 5826 ducuntur,
522 5757 661 5819 sicut
687 5760 755 5819 ab
784 5760 900 5833 ipso
928 5762 1181 5833 episcopo
1209 5775 1306 5834 per
1340 5777 1662 5821 consensum
1704 5773 1757 5820 ct

1776 1741 1828 1801 Α
1853 1723 2180 1782 voluntatem
2217 1722 2417 1780 domini
2444 1722 2704 1795 genitoris
2743 1724 2940 1794 nostri,
2975 1738 3070 1782 seu
3098 1725 3436 1781 sacerdotum

1859 1832 1921 1872 ac
1958 1818 2274 1876 clericorum
2318 1818 2515 1875 laetum
2546 1827 2648 1885 est,
2677 1819 2815 1889 quod
2846 1818 3170 1875 sanctissimi
3202 1819 3438 1890 episcOpi

1858 1912 1911 1967 in
1939 1912 2144 1981 publica
2174 1912 2554 1968 conﬁrmarunt
2574 1911 2800 1982 synodo,
2825 1912 2896 1967 ita
2918 1925 3041 1967 cum
3065 1911 3156 1967 Dei
3182 1922 3236 1968 et
3261 1920 3442 1967 nostra

1855 2004 2025 2074 gratia
2051 2004 2121 2059 sit
2149 2002 2201 2058 iu
2228 2002 2475 2059 omnibus
2501 2003 2892 2068 conﬁrmatum,
2923 2011 2977 2058 et
3007 2017 3177 2073 neque
3206 2016 3237 2055 a
3267 2002 3444 2071 ponti-

1858 2095 2045 2151 ﬁcibus
2099 2095 2433 2161 Metensium,
2488 2105 2577 2149 aut
2628 2093 2847 2164 reliquis
2901 2092 3138 2163 ejusdem
3195 2093 3439 2150 ecclesia:

1855 2187 2174 2253 rectoribus,
2223 2200 2287 2241 ea
2335 2199 2453 2256 quas
2499 2184 2552 2238 in
2602 2184 2704 2240 hoe
2752 2183 3031 2253 privilegio
3080 2184 3441 2247 continentur,

1855 2281 2143 2346 confracta,
2170 2293 2268 2335 nee
2292 2276 2557 2349 quomodo
2579 2276 2862 2347 aliquando
2891 2273 3197 2346 perruptum
3223 2280 3315 2343 sit,
3344 2276 3441 2333 sed

1857 2372 1992 2428 sicut
2023 2372 2270 2442 praelatus
2300 2370 2535 2441 pontifex
2574 2384 2671 2441 pro
2701 2370 2858 2426 laude
2881 2376 2939 2426 'et
2967 2369 3188 2427 servitio
3221 2366 3443 2425 Cuncti-

1857 2464 2108 2534 pot‘entis,
2138 2462 2202 2518 ad
2248 2462 2525 2534 praelatum
2574 2469 2813 2518 sanctum
2862 2461 3038 2517 locum
3086 2459 3441 2528 adordinavit,

1858 2566 1953 2621 pro
1977 2554 2245 2608 communi
2276 2554 2481 2609 scilicet
2504 2568 2621 2619 sua,
2650 2551 2903 2623 regnique
2929 2562 3087 2623 atque
3117 2551 3443 2608 Francorum

1856 2647 2122 2712 mercede,
2148 2646 2343 2703 nostris
2363 2655 2416 2705 et
2440 2645 2630 2703 futuris
2652 2645 2981 2715 temporibus
3006 2634 3279 2714 perduret,
3303 2657 3443 2714 qua-

1859 2746 2016 2795 tenus
2049 2738 2238 2793 melius
2259 2737 2488 2797 delectet
2507 2736 2748 2807 ejusdem
2769 2724 3029 2793 ecclesias
3043 2746 3300 2804 rectores,
3314 2749 3445 2791 cum

1857 2832 1969 2901 ipsa
1989 2842 2175 2886 sancta
2199 2831 2350 2886 turba
2375 2829 2911 2898 monachorum,.pro
2938 2828 3108 2884 salute
3129 2827 3336 2898 patriae,
3355 2826 3444 2884 vel

1855 2923 2148 2981 stabilitate
2181 2923 2330 2995 regni
2352 2921 2758 2981 nostriDomini
2791 2921 3217 2984 misericordiam
3249 2920 3444 2993 depre-

1857 3028 1990 3069 carl.

1925 3100 2147 3172 Signum
2173 3101 2350 3163 Caroli
2374 3103 2745 3177 gloriosissimi
2775 3104 2939 3177 regis.

2635 3215 2694 3274 ll.

1861 3306 2106 3381 Diploma
2132 3307 2306 3368 Caroli
2336 3308 2516 3381 Magni
2556 3326 2677 3381 quo,
2697 3309 2987 3381 prioratum
3024 3310 3192 3367 satiati
3223 3310 3440 3367 Daedali

1997 3380 2157 3438 donat
2184 3379 2491 3437 monasterio
2519 3379 2681 3436 sancti
2699 3379 2947 3452 Dionysii
2978 3383 3134 3451 (anno
3162 3381 3312 3458 769).

2078 3491 2169 3555 (Ex
2197 3490 2523 3554 D.,Bouquet,
2547 3491 2752 3542 Reeueii
2774 3491 2865 3542 des
2894 3490 3219 3554 Hister-iens.)

1933 3573 2160 3630 Carolus
2204 3575 2371 3645 gratia
2422 3572 2515 3629 Dei
2568 3589 2661 3629 rex
2702 3573 3029 3629 Francorum
3060 3573 3141 3630 vir
3194 3572 3440 3629 iuiuster.

1866 3663 2130 3737 Quicquid
2158 3664 2300 3721 enim
2332 3666 2397 3721 ad
2426 3665 2544 3722 loca
2572 3664 2919 3722 ecclesiarum
2950 3664 3040 3722 Dei
3072 3665 3326 3723 benevola
3353 3664 3445 3721 de-

1863 3758 2079 3814 votione
2105 3758 2470 3823 concedimus,
2523 3759 2626 3814 hoc
2671 3758 2825 3813 nobis
2881 3758 2945 3813 ad
2994 3760 3221 3815 salutem
3251 3758 3447 3816 anima:

1865 3858 2061 3906 nostra:
2098 3849 2360 3918 proﬁcere
2386 3850 2677 3915 credimus,
2711 3850 2940 3903 maxime
2971 3850 3036 3903 ad
3066 3850 3153 3905 illa
3185 3850 3319 3917 ioca,
3355 3848 3446 3904 ubi

1866 3948 2121 4009 parentes
2150 3939 2319 3995 nostri
2350 3940 2686 4009 requiescere
2714 3940 2983 4001 videntur,
3024 3939 3124 3992 hoc
3152 3939 3446 4007 adimplere

1865 4029 2167 4084 studemus.
2211 4028 2546 4097 Quapropter
2587 4037 2771 4082 nolunt
2820 4028 2889 4081 sit
2915 4028 3162 4083 omnibus
3203 4027 3446 4083 ﬁdelibus

1866 4118 2065 4172 nostris
2087 4117 2444 4186 prmsentibus
2472 4126 2527 4172 et
2557 4118 2767 4182 futuris,
2793 4133 2856 4170 eo
2880 4115 3020 4184 quod
3045 4131 3164 4186 nos,
3193 4116 3262 4172 ob
3289 4131 3445 4173 amo-

1866 4220 1979 4261 rem
2006 4205 2101 4261 Dei
2126 4215 2181 4261 et
2212 4205 2477 4260 mercedis
2507 4215 2705 4261 nostra:
2759 4214 3128 4275 augmentum,
3180 4203 3447 4261 donamus

1864 4298 1930 4353 ad
1958 4312 2080 4354 casa
2110 4299 2281 4354 sancti
2310 4297 2493 4353 domui
2549 4296 2792 4368 Dionysii
2848 4297 3099 4368 martyris
3127 4338 3144 4365 ,
3186 4295 3276 4351 ubi
3328 4294 3451 4367 ipse.

1866 4391 2092 4447 domnus
2121 4393 2393 4463 preciosus
2420 4407 2542 4446 cum
2589 4391 2790 4447 sanctis
2817 4392 2978 4447 sociis
3022 4390 3076 4446 in
3107 4404 3331 4460 corpore
3359 4405 3449 4445 re-

1863 4482 2123 4555 quiescit,
2182 4492 2241 4541 et
2295 4482 2526 4539 domnus
2576 4485 2785 4554 genitor
2821 4493 3005 4539 noster
3056 4482 3311 4552 Pippinus
3350 4497 3445 4538 rex

1865 4575 2203 4646 requiescere
2230 4576 2463 4643 videtur,
2495 4586 2549 4631 et
2578 4592 2694 4645 nos,
2745 4576 2791 4634 si
2835 4575 2942 4632 Deo
2970 4574 3245 4645 placuerit,
3280 4588 3447 4642 sepe-

1867 4665 1969 4721 iire
2020 4665 2269 4736 cupimus
2296 4706 2311 4732 ,
2369 4664 2972 4736 donatutnqueribidcm
3005 4666 3069 4720 ad
3118 4665 3234 4735 ipso
3261 4674 3447 4719 sancto

1866 4757 1985 4812 loco
2007 4771 2130 4813 esse
2162 4757 2432 4824 volumus,
2463 4770 2516 4812 et
2549 4759 2636 4813 ubi
2666 4757 2980 4813 Folleradus
3002 4756 3165 4812 abbas
3186 4766 3241 4812 et
3266 4766 3445 4811 custos

1864 4861 2098 4915 prmcsse
2122 4847 2509 4915 dignoscitur,
2534 4852 2635 4905 hoc
2675 4858 2758 4906 est
2796 4848 3122 4905 monasterio
3147 4848 3325 4919 aliquo
3355 4849 3443 4919 qui

1865 4947 2204 5006 nuncupatur
2232 4954 2261 4992 a
2292 4950 2478 4994 sancto
2523 4939 2762 4996 Deodato
2792 4980 2808 5006 ,
2838 4941 2972 4995 infra
3002 4939 3210 5011 Vosago
3249 4940 3396 5013 sylva
3425 4980 3464 5008 λ

1865 5026 2004 5082 sicut
2032 5042 2153 5083 cum
2187 5029 2415 5083 domnus
2446 5038 2501 5084 et
2527 5030 2740 5101 genitor
2768 5042 2952 5087 noster
2983 5031 3238 5100 Pippinus
3263 5030 3445 5088 insua

1864 5119 2187 5174 iuvestitura
2233 5120 2471 5176 tenuisse
2512 5123 2917 5192 comprobatum
2967 5132 3081 5191 est,
3107 5137 3169 5178 ea
3197 5121 3438 5180 videlicet

1863 5211 2093 5279 ratione,
2118 5222 2174 5265 ut
2219 5226 2435 5284 semper
2474 5214 2575 5283 ipsi
2616 5216 2809 5269 fratres
2838 5214 3022 5271 decem
3052 5229 3115 5269 ac
3140 5214 3440 5285 quindecim

1864 5321 1961 5377 per
1989 5306 2133 5360 vices
2167 5307 2363 5361 ibidem
2396 5309 2569 5377 ipsum
2601 5308 2777 5364 locum
2816 5309 3089 5364 custodire
3111 5307 3361 5376 debeant,
3388 5320 3445 5365 et

1864 5397 1933 5451 ibi
1966 5395 2179 5452 assidue
2209 5398 2269 5461 in
2295 5397 2514 5466 psalmis
2552 5408 2607 5453 et
2648 5399 2873 5464 missas,
2929 5408 2984 5454 et
3024 5400 3234 5455 caeteris
3285 5400 3442 5457 obse-

1862 5486 2161 5541 crationum
2193 5487 2550 5557 orationibus,
2584 5489 2667 5543 vel
2699 5488 3001 5558 peculiares
3042 5490 3312 5545 orationes
3346 5505 3443 5560 pro

1862 5579 2014 5634 nobis
2036 5588 2091 5635 et
2120 5595 2214 5649 pro
2239 5580 2437 5634 domno
2492 5590 2651 5651 atque
2700 5581 2934 5651 glorioso
2974 5583 3215 5653 genitore
3254 5596 3440 5639 nosmo

1864 5671 2145 5726 Dominum
2175 5687 2360 5740 preces
2390 5687 2619 5728 exorare
2646 5672 2735 5728 die
2761 5684 2815 5728 et
2842 5686 2998 5729 nocte
3023 5690 3125 5728 non
3154 5672 3465 5730 desistant.«

1816 5765 2145 5852 __Propterca
2178 5765 2313 5823 hanc
2352 5765 2769 5835 praeceptionem
2802 5780 3037 5825 nostram
3078 5767 3141 5824 ad
3173 5768 3283 5835 ipsa
3312 5782 3457 5823 casa.
