3964 6344
537 295 645 356 915

1413 295 1470 349 Β.
1511 293 1758 352 CAROLI
1797 296 2012 353 MAGNI
2049 295 2198 354 OPP.
2241 295 2417 353 PARS
2456 295 2501 351 l.
2543 295 2788 357 SECTIO
2827 296 2893 355 ll.

534 413 708 468 sancti
744 398 1002 468 εἶ’(ιοίήηί
1029 408 1262 482 Dionysii
1285 411 1624 467 conscribere
1649 406 1922 480 iussimus,
1946 419 2004 466 ut
2037 411 2105 466 ab
2137 414 2185 471 A
2210 424 2307 467 seu
2335 424 2364 464 a
2395 409 2603 466 Domini
2634 410 2944 467 timentibus
2969 412 3204 466 noscitur
3236 411 3400 469 fuisse
3423 412 3669 468 additum
3697 418 3801 471 vel

536 502 639 558 hac
675 501 760 556 die
786 510 1022 557 rectores
1043 501 1208 571 ipsius
1230 501 1538 556 monasterii
1564 502 1815 569 praedicto
1842 511 2108 558 monaste-

532 594 615 647 rio
652 607 772 647 cum
809 591 1053 647 omnibus
1095 590 1163 644 ad
1211 605 1272 646 se
1310 591 1697 660 pertinentibus
1725 608 1788 648 cx
1817 601 1996 647 nostra
2031 592 2109 646 in-

538 683 806 752 dulgentia
857 682 1242 752 prtesentaliter
1290 681 1548 750 recipiant
1584 683 1649 738 ad
1686 683 2060 752 possidendum
2090 721 2106 747 ,

531 773 607 826 ita
639 783 693 825 ut
737 772 987 838 deinceps
1039 772 1206 840 ipsum
1259 771 1430 825 locum
1487 769 1712 826 habeant
1763 773 1845 827 vel
1897 780 2111 826 teneant

535 861 738 930 absque
778 862 932 916 ullius
959 861 1331 917 contrarietate
1360 861 1439 916 vel
1479 861 1760 916 calumnia.
1794 863 1854 915 Et
1894 871 1951 916 ut
1998 864 2110 916 nec

535 962 715 1006 nostra
762 953 1046 1021 praeceptio
1097 953 1180 1007 vel
1224 953 1556 1007 conﬁrmatio
1588 950 1784 1007 nostris
1822 961 1878 1007 et
1918 951 2108 1007 futuris

532 1048 866 1116 temporibus
899 1047 1047 1102 ﬁrma
1071 1057 1124 1103 et
1151 1047 1358 1104 stabilis
1387 1047 1674 1116 perdurare
1699 1048 1908 1110 debeat,
1945 1063 2103 1103 manu

535 1138 746 1205 propria
791 1138 974 1194 subter
1012 1139 1344 1195 decrevimus
1375 1139 1654 1204 roborare,
1684 1147 1740 1194 et
1787 1139 1856 1193 de
1903 1139 2102 1194 annulo

533 1237 716 1282 nostro
752 1229 984 1299 sigillare
1010 1229 1285 1297 iussimus:

604 1318 818 1388 Signum
849 1318 1023 1373 Caroli
1051 1319 1419 1388 gloriosissimi
1448 1319 1608 1391 regis.

607 1410 875 1464 llitlterius
907 1411 1236 1479 recognovit.

605 1500 734 1553 Data
758 1500 876 1554 ldus
891 1499 1125 1555 Januarii
1155 1515 1296 1555 anno
1323 1502 1492 1571 primo
1521 1501 1669 1572 regni
1691 1503 1875 1558 nostri.
1911 1505 2097 1559 Actum

533 1593 850 1661 Aquisgrani
895 1592 1091 1662 palatio
1120 1593 1330 1662 publico
1356 1593 1408 1649 in
1458 1593 1553 1648 Dei
1599 1594 1814 1648 nomine
1858 1595 2094 1650 feliciter.

529 1686 724 1736 Amen.

1260 1751 1347 1807 lli.

605 1841 844 1913 Diploma
890 1844 1063 1900 Caroli
1091 1845 1262 1986 mqgni
1289 1846 1708 1986 ρνρϐνὲιὶοηαδιενίο
1738 1845 2024 1913 Corbci‘ensi

1183 1932 1314 1968 anno
1348 1934 1363 1968 ι
1475 1957 1488 1970 .

1183 1932 1314 1968 anno
1348 1932 1488 1970 103).

1005 2023 1098 2087 (Ex
1121 2025 1182 2076 D.
1203 2025 1448 2090 Bouquel,
1473 2027 1613 2090 ibid.)

599 2126 820 2183 Carolus
850 2142 944 2182 rex
967 2127 1290 2184 Francorum
1324 2129 1403 2182 vir
1427 2129 1670 2184 inluster.
1705 2130 1758 2187 Si
1786 2145 1848 2186 ea
1878 2147 1996 2200 quae
2025 2133 2094 2188 ab

537 2221 862 2276 anteriorum
889 2235 1070 2290 regum
1101 2219 1365 2290 quondam
1397 2232 1696 2278 nostrorum
1728 2223 1792 2277 ad
1829 2223 1942 2278 loca
1972 2239 2094 2279 san-

527 2320 740 2367 ctorum
772 2312 855 2368 vel
886 2327 982 2382 pro
1003 2313 1396 2382 opportunitate
1420 2329 1694 2368 servorum
1729 2314 1819 2370 Dci
1847 2315 1942 2370 fuit
1966 2332 2092 2371 cort-

524 2418 734 2459 cessum
776 2411 932 2474 atque
961 2404 1245 2470 indultum,
1298 2407 1496 2459 nostris
1549 2405 1778 2460 oraculis
1806 2406 2093 2462 affirmavi-

523 2514 663 2564 mus,
693 2514 876 2570 regum
904 2500 1339 2554 consuetudinem
1377 2513 1686 2554 exercemus
1713 2538 1729 2564 ,
1765 2509 1816 2553 et
1846 2500 1998 2554 nobis
2023 2499 2090 2555 ad

523 2589 824 2645 mercedem
869 2589 953 2644 vel
1009 2590 1352 2645 stabilitatem
1406 2589 1554 2658 regni
1605 2589 1771 2643 nostri
1826 2590 2090 2658 pertinere

523 2681 863 2737 conﬁdimus.
898 2681 1062 2750 Igitur
1107 2680 1428 2735 venerabilis
1473 2680 1622 2752 [lado
1663 2681 1729 2735 de
1767 2682 2089 2735 monasterio

523 2770 939 2842 Corbeia,_quod
968 2769 1180 2840 ponitur
1229 2769 1280 2826 in
1332 2784 1462 2840 pago
1510 2769 1852 2826 Ambianensi
1883 2810 1897 2835 ,
1948 2771 2086 2840 quod

521 2873 889 2919 antecessores
932 2863 1099 2919 nostri
1148 2863 1458 2920 CIOtltarius
1499 2866 1762 2936 quondam
1815 2880 1908 2919 rex
1939 2907 1954 2930 ,
2003 2863 2085 2919 vel

517 2953 900 3010 Baltbeobildis
951 2955 1130 3025 regina
1183 2971 1366 3010 eorum
1421 2970 1580 3024 Opere
1643 2971 1673 3009 a
1742 2955 2086 3009 fundamento

516 3055 828 3100 construere
851 3055 1236 3116 praeceperunt,
1260 3045 1557 3101 clementiae
1585 3045 1732 3116 regni
1765 3035 1932 3100 nostri
1959 3059 2078 3115 sug-

513 3135 676 3205 gessit
718 3151 783 3191 eo
811 3137 950 3206 quod
987 3136 1238 3206 praafatus
1287 3137 1528 3206 princeps
1577 3136 1739 3192 talem
1794 3136 1858 3190 ad
1907 3137 2078 3205 ipsum

516 3227 900 3285 monasterium
942 3244 1036 3298 per
1064 3244 1246 3284 eorum
1275 3229 1654 3300 praeceptiones
1683 3229 2081 3286 concessissent

508 3318 797 3385 licentiam,
827 3328 883 3375 ut
909 3335 1095 3375 onmes
1134 3324 1218 3376 re's
1259 3331 1363 3374 tam
1405 3319 1544 3390 quod
1598 3321 1700 3390 ipsi
1748 3320 1940 3376 ibidem
1984 3335 2079 3390 pro

511 3405 699 3465 eorum
727 3410 974 3467 mercede
1017 3411 1116 3466 visi
1157 3413 1396 3466 ﬁrmasse
1423 3410 1654 3475 fuerunt,
1683 3427 1839 3481 quam
1862 3410 2019 3465 etiam
2048 3425 2078 3465 a

508 3501 920 3558 succedentibus
963 3503 1218 3571 regibus,
1245 3503 1330 3559 vel
1370 3519 1399 3556 a
1448 3502 1766 3572 quibuslibet
1814 3503 1980 3558 Deum
2012 3502 2080 3558 ti-

2105 3097 2155 3160 ϐ

2213 502 2463 556 collatum
2512 511 2602 556 aut
2649 518 2742 572 per
2779 503 3050 571 quodlibet
3091 503 3356 573 ingenium
3411 506 3480 561 ab
3521 507 3656 574 ipsis
3700 507 3802 560 ab-

2213 593 2418 646 batibus
2465 592 2716 646 inibidem
2774 593 2882 650 Deo
2925 596 3276 650 servientibus
3332 594 3430 651 fuit
3471 607 3796 656 attractum.

2210 694 2301 738 aut
2355 685 2562 739 inantea
2621 684 2816 738 ibidem
2841 727 2854 751 ,
2910 687 3019 740 Deo
3050 688 3362 755 auxiliante,
3392 703 3419 738 a
3459 688 3798 755 quibuslibet

2211 775 2510 829 hominibus
2542 775 2700 830 fuerit
2733 777 3067 831 melioratum
3109 778 3192 830 vel
3223 786 3645 846 augmentatum,
3687 788 3795 832 tam

2209 864 2348 933 quod
2374 867 2619 933 prmseuti
2643 873 2885 934 tempore
2917 880 3038 933 pars
3080 867 3244 933 ipsius
3273 865 3586 920 monasterii
3610 866 3796 931 possi-

2207 956 2335 1011 dere
2362 957 2444 1010 vel
2473 954 2748 1011 dominare
2768 956 2997 1020 videtur,
3022 971 3178 1023 quam
3203 969 3252 1010 et
3285 956 3519 1019 inantea,
3560 956 3798 1009 Domino

2206 1046 2492 1116 adjuvante
2522 1087 2537 1112 ,
2589 1047 2780 1102 ibidem
2827 1047 2991 1101 fuerit
3041 1061 3131 1113 per
3175 1046 3424 1115 quaslibet
3479 1057 3791 1100 stramenta

2205 1147 2470 1193 cartarum
2524 1139 2775 1194 collatum
2819 1149 2912 1195 aut
2968 1148 3252 1194 attractum
3284 1180 3298 1204 ,
3350 1139 3606 1206 inspectis
3656 1137 3794 1206 ipsis

2205 1230 2646 1300 praeceptionibus
2694 1242 3112 1286 memoratorum
3160 1231 3492 1300 principum,
3523 1230 3631 1284 sub
3657 1230 3794 1283 inte

2203 1337 2295 1390 gra
2322 1323 2617 1378 emunitate
2639 1323 2842 1393 absque
2872 1323 3088 1378 introitu
3109 1323 3342 1391 iudicum
3362 1322 3579 1376 valeant
3604 1322 3796 1388 quiem

2203 1412 2393 1469 ordine
2435 1426 2620 1471 tenere
2666 1417 2751 1470 vel
2801 1416 3074 1484 possidere
3117 1432 3129 1467 :
3176 1416 3247 1470 ita
3290 1426 3348 1469 ut
3397 1415 3580 1468 nullus
3619 1413 3788 1481 jndex

2203 1504 2445 1573 publicus
2492 1508 2544 1561 in
2593 1515 2774 1562 curtes
2823 1503 2989 1576 ipsius
3041 1505 3385 1570 monasterii,
3419 1505 3502 1560 vel
3539 1505 3790 1558 homines

2199 1593 2288 1660 qui
2327 1609 2486 1663 supra
2519 1603 2690 1649 terras
2721 1609 3059 1649 commanere
3079 1595 3346 1660 videntur,
3371 1610 3478 1649 nec
3493 1595 3562 1648 ad
3591 1610 3783 1648 causas

2199 1684 2486 1739 audiendas
2511 1725 2526 1750 ,
2574 1699 2672 1740 nec
2717 1685 2782 1738 ad
2830 1686 2974 1740 [reda
3000 1684 3282 1753 exigenda,
3315 1700 3415 1739 nec
3446 1696 3662 1752 paratas
3692 1694 3785 1738 aut

2123 1749 2506 1829 Bmansiones
2561 1774 2871 1838 faciendas,
2927 1789 3026 1828 nec
3085 1774 3218 1828 ullas
3274 1775 3669 1829 redlribitiones
3716 1775 3792 1828 de

2197 1876 2348 1936 parte
2380 1867 2490 1920 ﬁsci
2522 1866 2690 1919 nostri
2731 1865 3082 1934 requirendus
3122 1875 3216 1918 aut
3259 1864 3608 1932 accipiendas
3633 1905 3648 1926 ,
3696 1865 3777 1918 ia—

2195 1960 2340 2028 gredi
2375 1959 2592 2013 omnino
2619 1968 2905 2027 prmsumat
2938 1976 2949 2010 :
2981 1959 3074 2011 sed
3102 1960 3200 2012 sub
3230 1957 3436 2028 integra
3463 1957 3780 2022 emunitatc,

2197 2065 2250 2105 ut
2273 2052 2501 2105 diximus
2527 2093 2543 2119 ,
2599 2067 2716 2105 cum
2747 2051 2993 2104 omnibus
3023 2049 3189 2105 l‘redis
3231 2050 3534 2114 concessis,
3581 2051 3778 2104 nostris

2195 2151 2250 2196 et
2305 2141 2500 2194 futuris
2556 2142 2884 2209 temporibus
2915 2141 3096 2209 quieto
3130 2139 3318 2193 ordine
3347 2140 3567 2192 valeant
3612 2141 3774 2207 possi-

2195 2231 2323 2286 dere
2352 2233 2434 2285 vel
2466 2231 2763 2296 dominare,
2798 2239 2856 2283 ut
2902 2229 3090 2283 melius
3136 2228 3368 2283 delectet
3401 2243 3594 2284 servos
3633 2230 3774 2297 ipsos

2196 2325 2289 2380 Dei
2332 2341 2427 2395 pro
2475 2324 2762 2378 stabilitate
2803 2323 2948 2391 regni
3000 2322 3171 2375 nostri
3206 2322 3298 2375 Dei
3345 2321 3774 2376 misericordiam

2194 2417 2487 2487 deprecari.
2543 2418 2604 2472 Et
2646 2425 2702 2470 ut
2748 2419 2860 2471 haec
2898 2417 3184 2486 praceptio
3212 2416 3418 2470 ﬁrmior
3466 2414 3770 2478 habeatur,

2195 2510 2278 2562 vel
2329 2524 2422 2577 per
2461 2518 2696 2573 tempora
2746 2507 2798 2560 in
2840 2506 3086 2560 omnibus
3133 2515 3514 2570 conservetur,
3570 2515 3768 2558 manus

2194 2606 2393 2653 nostra:
2435 2596 2921 2667 subscriptionibus
2965 2596 3150 2651 subter
3179 2611 3293 2651 eant
3316 2596 3642 2650 decrevimus
3661 2610 3749 2649 ro-

2192 2691 2402 2746 borare.
2879 2702 2891 2712 ·

2267 2780 2495 2833 ltherius
2522 2777 2830 2849 recognovit
2851 2789 2903 2834 et
2929 2777 3262 2848 subscripsit.

2267 2870 2394 2924 Data
2445 2871 2543 2924 sub
2589 2871 2675 2924 die
2721 2885 2826 2924 xvn
2876 2870 3134 2924 Calendas
3167 2869 3387 2938 Aprilis,
3419 2884 3563 2923 anno
3591 2870 3616 2925 I
3647 2884 3771 2922 cum

2193 2975 2416 3029 regnare
2454 2961 2613 3029 capi.
2647 2964 2834 3014 Aetum
2864 2961 3122 3015 Andriaca
3153 2962 3276 3016 villa
3313 2964 3368 3015 in
3403 2962 3626 3016 nomine
3665 2962 3767 3014 Do-

2191 3052 2339 3106 mitti.

2927 3122 3013 3178 IV.

2185 3245 2209 3272 α
2249 3233 2488 3302 Diploma
2518 3233 2693 3288 Caroli
2725 3234 2902 3302 Magni
2929 3249 3022 3302 pro
3072 3233 3425 3302 Andegat-cmi
3489 3233 3556 3286 8.
3613 3232 3762 3284 Alt-ini

2634 3305 2933 3356 monasterio
2967 3307 3127 3372 (anno
3151 3303 3276 3371 7w)

2656 3415 2747 3476 (Ex
2776 3415 2832 3465 D.
2863 3415 3109 3476 Bququct,
3131 3413 3267 3473 ibid.)

3002 3481 3025 3501 .

2248 3519 2470 3575 Carolus
2536 3533 2631 3575 rex
2691 3519 3016 3574 Francorum
3067 3520 3147 3572 vir
3195 3518 3403 3571 illuster
3437 3557 3455 3582 ,
3522 3519 3757 3572 omnibus

509 3592 776 3647 mentibus
829 3591 1131 3647 hominibus
1184 3590 1341 3648 fuerit
1390 3592 1626 3646 additum
1657 3592 1745 3647 vel
1771 3593 2022 3657 collatum
2057 3633 2074 3660 ,

504 3690 595 3735 aut
622 3681 689 3736 ab
718 3681 850 3750 ipsis
873 3683 1182 3739 custodibus
1211 3683 1417 3752 praefati
1448 3685 1756 3739 monasterii
1790 3700 1888 3755 per
1910 3686 2075 3754 quod-

504 3771 637 3826 libet
663 3771 930 3842 ingenium
982 3773 1140 3829 fuerit
1179 3782 1460 3828 attractum
1490 3775 1542 3828 in
1571 3773 1892 3844 quibuslibet
1924 3777 2073 3847 pagis

503 3861 591 3915 vel
619 3863 922 3929 territoriis,
953 3862 1051 3918 hoc
1078 3879 1200 3934 pars
1222 3865 1387 3935 ipsius
1415 3867 1723 3922 monasterii
1745 3867 1844 3922 sub
1870 3869 2071 3937 integra

507 3953 822 4020 emunitate,
853 3954 1057 4023 absque
1100 3956 1319 4013 introitu
1344 3958 1583 4029 judicum
1611 3958 1693 4013 vel
1728 3957 1842 4012 ﬁsci
1874 3958 2071 4028 publici

507 4045 920 4114 repetitionibus
950 4089 964 4114 ,
1007 4047 1279 4117 possidere
1326 4050 1468 4104 omni
1501 4059 1738 4119 tempore
1765 4049 1947 4118 quieto
1978 4065 2069 4105 or-

504 4135 630 4192 dine
670 4137 907 4193 deberet.
951 4137 1103 4195 Unde
1141 4148 1196 4194 et
1240 4142 1378 4208 ipsas
1411 4141 1797 4210 prmceptiones
1823 4151 2068 4197 anteces-

498 4239 680 4280 sorum
715 4237 1014 4282 nostrorum
1040 4273 1056 4298 ,
1097 4243 1192 4286 seu
1223 4239 1277 4286 et
1305 4230 1733 4286 conﬁrmationes
1755 4231 2065 4297 Cltilderici,

496 4314 833 4415 Theoderici,
859 4317 1169 4386 (lltlodovei,
1201 4321 1525 4377 Cbildeberti
1551 4362 1566 4387 ,
1600 4323 1881 4392 Dagoberti
1904 4369 1916 4391 ,
1943 4323 2067 4391 Pip-

2197 4354 2220 4398 rt
2249 4346 2508 4414 quasdam
2558 4345 2712 4400 villas
2741 4347 2983 4417 ejusdem
3025 4347 3245 4400 abbatis!
3276 4343 3547 4399 canonicis
3577 4345 3760 4412 ipsius

493 4407 628 4472 pini,
671 4407 937 4475 quondam
989 4424 1198 4478 regum,
1230 4426 1433 4466 necnon
1477 4421 1530 4467 et
1563 4414 1815 4482 genitoris
1847 4415 2057 4484 nostri,

2197 4435 2272 4488 oci
2309 4435 2587 4503 deputatas
2614 4435 2790 4491 denuo
2822 4451 2916 4506 per
2935 4436 3264 4492 celsitudinis
3291 4444 3484 4488 nostrae
3509 4436 3765 4490 auctori-

491 4497 610 4563 ipse
635 4497 767 4553 abba
797 4513 861 4554 ex
890 4497 991 4554 hoc
1019 4498 1071 4554 in
1100 4503 1345 4568 praesenti
1371 4505 1523 4559 nobis
1547 4507 1764 4574 protulit
1790 4508 2060 4576 legendas;

2197 4527 2293 4580 atis
2333 4527 2649 4597 suscriptum
2693 4545 2791 4584 nos
2831 4532 2989 4584 etiam
3027 4529 3228 4586 eisdem
3257 4530 3435 4584 usibus
3478 4538 3759 4598 perpetua

489 4597 543 4640 et
583 4588 753 4655 ipsum
815 4588 1131 4644 beneﬁcium
1181 4591 1251 4645 ab
1301 4607 1367 4646 eo
1421 4602 1658 4662 tempore
1716 4612 1881 4666 usque
1926 4613 2064 4653 nunc

2197 4634 2284 4688 ege
2353 4618 2624 4674 habendas
2688 4619 2905 4675 easdem
2981 4621 3299 4675 conﬁrmare
3356 4620 3760 4690 dignarentur:

489 4685 679 4738 asserit
731 4699 850 4740 esse
897 4696 1270 4742 conservatum
1302 4707 1312 4740 :
1347 4688 1439 4744 sed
1482 4705 1575 4759 pro
1601 4689 1863 4744 ﬁrmitatis
1887 4692 2061 4746 studio
2165 4685 2390 4784 (lu—arum
2431 4714 2639 4769 scilicet
2668 4715 2910 4768 v“mum
2939 4713 3036 4767 im
3066 4721 3189 4767 sum
3227 4685 3436 4766 ηοηιίηεξ
3465 4728 3479 4762 ε
3507 4710 3770 4764 Man-on-

485 4775 638 4844 Ρθίίίι
667 4776 1044 4876 immundum"
1099 4788 1332 4876 “95mm
1377 4789 1432 4834 υῑ
1480 4780 1580 4835 hoc
1641 4781 1810 4851 ῘΡ⁵¹¹¹¹¹
1854 4782 1918 4836 ad
1972 4797 2060 4838 δυ·
2165 4775 2288 4870 nus,
2331 4802 2810 4870 Clementiniacns,
2844 4803 3105 4872 Papirius,
3130 4799 3764 4876 Prunarius,Sabiacus,

482 4869 835 4936 prascriptum
889 4871 1276 4924 monasterium
1324 4882 1504 4928 nostra
1538 4875 1744 4943 plenius
1766 4877 2056 4932 auctoritas

2197 4896 2520 4962 lullonacus,
2556 4894 3015 4960 Moaasteriolum,
3048 4905 3100 4949 et
3122 4891 3272 4949 vinea
3301 4909 3414 4962 qua:
3443 4892 3579 4946 infra
3618 4909 3767 4949 con-

483 4957 707 5013 deberet
730 4957 1070 5015 conﬁrmare.
1101 4964 1260 5034 Cujus
1291 4965 1598 5034 petitionem
1623 4969 1852 5036 gratanti
1877 4970 2055 5024 animo
2161 4985 2302 5040 δίειίι
2353 4957 2730 5040 Μοηεέιθιιξυιη
2767 5002 2781 5036 ε
2814 4957 3159 5053 piscationem
3206 4998 3234 5035 θ
3266 4957 3414 5051 ράτω
3443 4979 3472 5020 b
3516 4982 3766 5036 θεωρῇς.-

480 5051 797 5119 praestitisse
825 5060 878 5106 et
907 5054 1274 5122 conﬁrmasse,
1300 5065 1351 5110 et
1377 5056 1428 5110 in
1459 5058 1704 5111 omnibus
1721 5060 2055 5115 concessisse
2160 5090 2320 5130 cense
2373 5090 2543 5146 usque
2588 5075 2650 5128 ad
2682 5051 2906 5129 insulam
2937 5091 3054 5143 quae
3085 5084 3420 5144 nuncupatur
3455 5072 3760 5130 Virelista.

482 5143 806 5237 ςοεηοεξεῑιθο
837 5143 1168 5237 Quapropter
1213 5161 1308 5216 per
1363 5157 1674 5214 praesentem
1713 5149 1960 5219 iubemus
1991 5165 2053 5207 ac
2159 5167 2225 5221 Et
2265 5166 2364 5220 hoc
2414 5143 2507 5235 per
2553 5181 2723 5220 annos
2775 5165 3013 5237 singulos
3063 5143 3338 5220 constituit
3368 5201 3386 5231 ,
3436 5173 3496 5216 ut
3541 5164 3763 5218 dentur

481 5231 821 5288 decernimus
848 5232 1143 5302 iussionem
1171 5275 1188 5303 ,
1235 5245 1290 5290 ut
1318 5237 1565 5306 quicquid
1596 5237 1662 5292 ab
1691 5240 2052 5298 anterioribus

2197 5259 2462 5312 rmtaxatis
2513 5258 2764 5312 fratribus
2815 5274 2880 5312 ex
2932 5258 3053 5312 villa
3113 5269 3134 5295 ε
3185 5257 3471 5312 Vistiniaco
3517 5255 3585 5310 de
3631 5259 3763 5314 sale

481 5329 681 5381 nostris
729 5329 795 5383 ad
838 5342 1186 5384 memoratum
1227 5334 1606 5389 monasterium
1644 5334 1697 5387 in
1728 5337 2050 5404 quibuslibet
2158 5349 2364 5403 modios
2411 5357 2644 5402 centum.
2685 5348 2834 5403 unde
2880 5349 3040 5415 etiam
3073 5389 3089 5415 ,
3144 5347 3304 5402 veluti
3361 5349 3762 5416 praesignatum

479 5419 611 5474 locis
634 5422 715 5476 vel
746 5422 1028 5478 territoriis
1056 5424 1212 5479 fuerit
1239 5440 1551 5480 concessum
1577 5435 1732 5496 atque
1760 5428 2046 5497 indultum,
2154 5452 2254 5509 εει,
2286 5441 2583 5496 altitudinis
2611 5451 2806 5494 nostra:
2831 5452 3154 5511 praeceptum
3190 5443 3288 5496 hoc
3321 5437 3432 5494 ﬁeri
3451 5439 3762 5507 jussimus,

2177 3614 2375 3668 nostris
2401 3654 2417 3679 ,
2451 3621 2554 3668 etc.
2603 3611 2763 3682 Igitur
2798 3611 3109 3682 magniﬁcus
3130 3609 3211 3665 vir
3237 3609 3562 3665 Guntbarus
3594 3621 3759 3664 rector

2176 3704 2243 3759 de
2275 3705 2601 3759 monasterio
2631 3704 2690 3759 S.
2724 3703 2922 3770 Albini,
2947 3704 3037 3771 qui
3078 3710 3160 3758 est
3196 3709 3548 3756 constructus
3601 3715 3762 3770 prepe

2175 3809 2354 3850 muros
2398 3794 2723 3862 Andecavis,
2774 3794 2857 3849 vel
2898 3792 3076 3847 clerici
3100 3793 3164 3848 de
3203 3793 3314 3862 ipsa
3338 3793 3568 3847 ecclesia
3598 3807 3762 3860 pecu-

2175 3889 2319 3943 liaris
2352 3890 2558 3958 patroni
2592 3888 2760 3943 nostri
2787 3887 2854 3942 ad
2899 3896 3138 3942 nostram
3162 3885 3479 3940 accedentes
3522 3899 3761 3954 pra-sen-

2167 3966 2319 4044 tiam,
2355 3979 2653 4035 clementiae
2693 3979 2840 4049 regni
2871 3979 3042 4035 nostri
3078 3983 3463 4048 suggesserunt
3503 3989 3567 4030 eo
3616 3973 3764 4042 quod

2171 4082 2540 4126 antecessores
2594 4083 2786 4137 DOSll‘l,
2818 4085 2913 4126 seu
2961 4071 3122 4126 etiam
3170 4070 3397 4124 domnus
3435 4083 3502 4121 ac
3535 4067 3764 4136 genitor

2171 4173 2353 4216 noster
2406 4163 2574 4218 beam
2621 4163 2896 4222 memoriae
2939 4161 3157 4230 Pipinus
3207 4159 3474 4230 quondam
3512 4172 3611 4212 rex
3666 4173 3770 4225 per

2173 4255 2389 4310 illorum
2429 4257 2773 4312 auctoritates
2795 4271 3084 4324 eorumque
3112 4254 3354 4309 manibus
3376 4252 3760 4319 suscriptas...

552 5587 578 5616 ιι
607 5576 757 5644 Apud
781 5577 1241 5649 Saturnrartltanos,
1275 5581 1362 5649 qui
1409 5579 1551 5634 idem
1588 5593 1907 5648 prteceptnm
1932 5587 2044 5640 edi-

480 5645 674 5723 derunt
697 5655 827 5723 tom.
857 5647 916 5701 IV
950 5649 1135 5723 Callia:
1164 5645 1384 5723 Christ"
1421 5666 1539 5723 pag.
1572 5645 1659 5713 ‘24.
1719 5645 2046 5723 Mam-anius,

481 5715 932 5785 Clementiniacus,
973 5717 1239 5789 Pnpionia,
1268 5715 1567 5788 Pinnnriur,
1595 5723 1874 5780 διιόν-ηεαδ.

2173 5595 2176 5598 ’
2222 5593 2247 5633 ι’
2283 5592 2431 5660 Apud
2466 5594 2702 5654 eosdem,
2736 5591 3013 5646 Croticnse.

2227 5677 2247 5703 ε
2279 5667 2429 5733 Apud
2458 5665 2694 5729 eosdem,
2730 5663 3036 5717 Justtniaco.
