  <div class='ocr_page' id='page_1' title='image "/cluster/home/n/w/nwhite01/storage/ocr_20150623/97/hvd.32044015466766/480.png"; bbox 0 0 3964 6344; ppageno 0'>
   <div class='ocr_carea' id='block_1_1' title="bbox 133 348 255 406">
    <p class='ocr_par' dir='ltr' id='par_1_1' title="bbox 133 348 255 406">
     <span class='ocr_line' id='line_1_1' title="bbox 133 348 255 406; baseline -0.025 0"><span class='ocrx_word' id='word_1_1' title='bbox 133 348 255 406; x_wconf 67' lang='grc'><strong>917</strong></span> 
     </span>
    </p>
   </div>
   <div class='ocr_carea' id='block_1_2' title="bbox 346 290 1743 402">
    <p class='ocr_par' dir='ltr' id='par_1_2' title="bbox 446 293 1743 402">
     <span class='ocr_line' id='line_1_2' title="bbox 446 293 1743 402; baseline -0.016 0"><span class='ocrx_word' id='word_1_2' title='bbox 446 340 673 402; x_wconf 77' lang='lat' dir='ltr'><strong>CODEX</strong></span> <span class='ocrx_word' id='word_1_3' title='bbox 711 334 1226 394; x_wconf 73' lang='lat' dir='ltr'><strong>DlPLOllATlCUS.</strong></span> <span class='ocrx_word' id='word_1_4' title='bbox 1267 364 1341 377; x_wconf 83' lang='lat'><strong>—</strong></span> <span class='ocrx_word' id='word_1_5' title='bbox 1376 293 1743 388; x_wconf 62' lang='lat' dir='ltr'><strong>catmum;</strong></span> 
     </span>
    </p>
   </div>
   <div class='ocr_carea' id='block_1_3' title="bbox 1849 290 3103 402">
    <p class='ocr_par' dir='ltr' id='par_1_3' title="bbox 1849 319 3103 381">
     <span class='ocr_line' id='line_1_3' title="bbox 1849 319 3103 381; baseline -0.005 1"><span class='ocrx_word' id='word_1_6' title='bbox 1849 355 1903 367; x_wconf 89' lang='lat'>—</span> <span class='ocrx_word' id='word_1_7' title='bbox 1941 324 1984 381; x_wconf 84' lang='grc' dir='ltr'><strong>Ι.</strong></span> <span class='ocrx_word' id='word_1_8' title='bbox 2022 322 2266 381; x_wconf 73' lang='lat' dir='ltr'><strong>PRIVIL.</strong></span> <span class='ocrx_word' id='word_1_9' title='bbox 2308 321 2453 378; x_wconf 75' lang='lat' dir='ltr'><strong>PER</strong></span> <span class='ocrx_word' id='word_1_10' title='bbox 2486 319 2761 377; x_wconf 68' lang='grc' dir='ltr'><strong>ῦΑιιιιΕ</strong></span> <span class='ocrx_word' id='word_1_11' title='bbox 2808 319 3103 379; x_wconf 77' lang='lat' dir='ltr'><strong>PARTES.</strong></span> 
     </span>
    </p>
   </div>
   <div class='ocr_carea' id='block_1_4' title="bbox 3296 325 3401 383">
    <p class='ocr_par' dir='ltr' id='par_1_4' title="bbox 3296 325 3401 383">
     <span class='ocr_line' id='line_1_4' title="bbox 3296 325 3401 383; baseline 0 -1"><span class='ocrx_word' id='word_1_12' title='bbox 3296 325 3401 383; x_wconf 70' lang='lat'><strong>013</strong></span> 
     </span>
    </p>
   </div>
   <div class='ocr_carea' id='block_1_5' title="bbox 132 418 3402 534">
    <p class='ocr_par' dir='ltr' id='par_1_5' title="bbox 132 418 3402 534">
     <span class='ocr_line' id='line_1_5' title="bbox 132 418 3402 534; baseline -0.007 -19"><span class='ocrx_word' id='word_1_13' title='bbox 132 476 243 534; x_wconf 84' lang='lat' dir='ltr'><strong>per</strong></span> <span class='ocrx_word' id='word_1_14' title='bbox 282 460 426 531; x_wconf 89' lang='lat' dir='ltr'><strong>quod</strong></span> <span class='ocrx_word' id='word_1_15' title='bbox 478 455 816 527; x_wconf 59' lang='lat' dir='ltr'><strong>praecipimus</strong></span> <span class='ocrx_word' id='word_1_16' title='bbox 856 460 914 506; x_wconf 87' lang='lat' dir='ltr'><strong>ut</strong></span> <span class='ocrx_word' id='word_1_17' title='bbox 981 448 1379 520; x_wconf 72' lang='lat' dir='ltr'><strong>prrenominatre</strong></span> <span class='ocrx_word' id='word_1_18' title='bbox 1452 459 1537 499; x_wconf 90' lang='lat' dir='ltr'><strong>res</strong></span> <span class='ocrx_word' id='word_1_19' title='bbox 1592 418 1713 499; x_wconf 76' lang='lat' dir='ltr'><strong>cum</strong></span> <span class='ocrx_word' id='word_1_20' title='bbox 1749 451 1797 509; x_wconf 70' lang='grc' dir='ltr'>Α</span> <span class='ocrx_word' id='word_1_21' title='bbox 1825 453 1965 494; x_wconf 90' lang='lat' dir='ltr'><strong>nunc</strong></span> <span class='ocrx_word' id='word_1_22' title='bbox 1985 436 2263 492; x_wconf 89' lang='lat' dir='ltr'><strong>videantur</strong></span> <span class='ocrx_word' id='word_1_23' title='bbox 2284 449 2405 492; x_wconf 88' lang='lat' dir='ltr'><strong>esse</strong></span> <span class='ocrx_word' id='word_1_24' title='bbox 2432 442 2778 492; x_wconf 90' lang='lat' dir='ltr'><strong>conservata.</strong></span> <span class='ocrx_word' id='word_1_25' title='bbox 2809 434 2913 491; x_wconf 86' lang='lat' dir='ltr'><strong>Sed</strong></span> <span class='ocrx_word' id='word_1_26' title='bbox 2947 449 3046 506; x_wconf 87' lang='lat' dir='ltr'><strong>pro</strong></span> <span class='ocrx_word' id='word_1_27' title='bbox 3074 436 3285 507; x_wconf 85' lang='lat' dir='ltr'><strong>integra</strong></span> <span class='ocrx_word' id='word_1_28' title='bbox 3313 439 3402 492; x_wconf 83' lang='lat' dir='ltr'><strong>tir-</strong></span> 
     </span>
    </p>
   </div>
   <div class='ocr_carea' id='block_1_6' title="bbox 133 544 1723 621">
    <p class='ocr_par' dir='ltr' id='par_1_6' title="bbox 133 544 1723 621">
     <span class='ocr_line' id='line_1_6' title="bbox 133 544 1723 621; baseline -0.017 -8"><span class='ocrx_word' id='word_1_29' title='bbox 133 557 292 613; x_wconf 62' lang='lat' dir='ltr'><strong>omrﬁ</strong></span> <span class='ocrx_word' id='word_1_30' title='bbox 336 550 661 621; x_wconf 72' lang='lat' dir='ltr'><strong>integritate,</strong></span> <span class='ocrx_word' id='word_1_31' title='bbox 693 556 747 603; x_wconf 89' lang='lat' dir='ltr'><strong>et</strong></span> <span class='ocrx_word' id='word_1_32' title='bbox 789 545 909 601; x_wconf 89' lang='lat' dir='ltr'><strong>sine</strong></span> <span class='ocrx_word' id='word_1_33' title='bbox 937 544 1234 612; x_wconf 80' lang='lat' dir='ltr'><strong>cujuspiam</strong></span> <span class='ocrx_word' id='word_1_34' title='bbox 1272 548 1538 594; x_wconf 87' lang='lat' dir='ltr'><strong>rectorum</strong></span> <span class='ocrx_word' id='word_1_35' title='bbox 1583 549 1723 604; x_wconf 78' lang='lat' dir='ltr'><strong>prte—</strong></span> 
     </span>
    </p>
   </div>
   <div class='ocr_carea' id='block_1_7' title="bbox 130 624 1726 703">
    <p class='ocr_par' dir='ltr' id='par_1_7' title="bbox 130 624 1726 703">
     <span class='ocr_line' id='line_1_7' title="bbox 130 624 1726 703; baseline -0.014 -5"><span class='ocrx_word' id='word_1_36' title='bbox 130 646 240 700; x_wconf 72' lang='lat' dir='ltr'><strong>iati</strong></span> <span class='ocrx_word' id='word_1_37' title='bbox 266 644 371 699; x_wconf 91' lang='lat' dir='ltr'><strong>loci</strong></span> <span class='ocrx_word' id='word_1_38' title='bbox 394 639 767 703; x_wconf 87' lang='lat' dir='ltr'><strong>minoratione,</strong></span> <span class='ocrx_word' id='word_1_39' title='bbox 811 633 998 689; x_wconf 77' lang='lat' dir='ltr'><strong>usibus</strong></span> <span class='ocrx_word' id='word_1_40' title='bbox 1041 641 1097 687; x_wconf 91' lang='lat' dir='ltr'><strong>et</strong></span> <span class='ocrx_word' id='word_1_41' title='bbox 1148 628 1423 699; x_wconf 82' lang='lat' dir='ltr'><strong>stipendiis</strong></span> <span class='ocrx_word' id='word_1_42' title='bbox 1471 624 1569 679; x_wconf 88' lang='lat' dir='ltr'><strong>Dei</strong></span> <span class='ocrx_word' id='word_1_43' title='bbox 1610 637 1726 678; x_wconf 88' lang='lat' dir='ltr'><strong>ser-</strong></span> 
     </span>
    </p>
   </div>
   <div class='ocr_carea' id='block_1_8' title="bbox 131 715 1727 792">
    <p class='ocr_par' dir='ltr' id='par_1_8' title="bbox 131 715 1727 792">
     <span class='ocr_line' id='line_1_8' title="bbox 131 715 1727 792; baseline -0.014 -2"><span class='ocrx_word' id='word_1_44' title='bbox 131 751 338 792; x_wconf 79' lang='lat' dir='ltr'><strong>vorum</strong></span> <span class='ocrx_word' id='word_1_45' title='bbox 372 735 429 788; x_wconf 88' lang='lat' dir='ltr'><strong>in</strong></span> <span class='ocrx_word' id='word_1_46' title='bbox 448 731 637 788; x_wconf 88' lang='lat' dir='ltr'><strong>eodem</strong></span> <span class='ocrx_word' id='word_1_47' title='bbox 678 729 797 783; x_wconf 86' lang='lat' dir='ltr'><strong>loco</strong></span> <span class='ocrx_word' id='word_1_48' title='bbox 821 723 1040 781; x_wconf 81' lang='lat' dir='ltr'><strong>Christo</strong></span> <span class='ocrx_word' id='word_1_49' title='bbox 1069 718 1436 776; x_wconf 83' lang='lat' dir='ltr'><strong>famulantium</strong></span> <span class='ocrx_word' id='word_1_50' title='bbox 1459 715 1727 783; x_wconf 62' lang='lat' dir='ltr'><strong>deputatas</strong></span> 
     </span>
    </p>
   </div>
   <div class='ocr_carea' id='block_1_9' title="bbox 130 814 1723 886">
    <p class='ocr_par' dir='ltr' id='par_1_9' title="bbox 130 814 1723 886">
     <span class='ocr_line' id='line_1_9' title="bbox 130 814 1723 886; baseline -0.017 0"><span class='ocrx_word' id='word_1_51' title='bbox 130 831 468 886; x_wconf 75' lang='lat' dir='ltr'><strong>habeantur.</strong></span> <span class='ocrx_word' id='word_1_52' title='bbox 511 825 717 879; x_wconf 89' lang='lat' dir='ltr'><strong>Interea</strong></span> <span class='ocrx_word' id='word_1_53' title='bbox 762 821 923 876; x_wconf 88' lang='lat' dir='ltr'><strong>etiam</strong></span> <span class='ocrx_word' id='word_1_54' title='bbox 958 814 1334 871; x_wconf 84' lang='lat' dir='ltr'><strong>constituimus</strong></span> <span class='ocrx_word' id='word_1_55' title='bbox 1378 818 1438 864; x_wconf 90' lang='lat' dir='ltr'><strong>ut</strong></span> <span class='ocrx_word' id='word_1_56' title='bbox 1464 820 1723 863; x_wconf 89' lang='lat' dir='ltr'><strong>numerus</strong></span> 
     </span>
    </p>
   </div>
   <div class='ocr_carea' id='block_1_10' title="bbox 133 897 1725 984">
    <p class='ocr_par' dir='ltr' id='par_1_10' title="bbox 133 897 1725 984">
     <span class='ocr_line' id='line_1_10' title="bbox 133 897 1725 984; baseline -0.018 -6"><span class='ocrx_word' id='word_1_57' title='bbox 133 900 380 978; x_wconf 71' lang='lat' dir='ltr'><strong>fratrum</strong></span> <span class='ocrx_word' id='word_1_58' title='bbox 434 919 570 974; x_wconf 88' lang='lat' dir='ltr'><strong>ultra</strong></span> <span class='ocrx_word' id='word_1_59' title='bbox 617 911 1115 984; x_wconf 85' lang='lat' dir='ltr'><strong>quinquagenarium</strong></span> <span class='ocrx_word' id='word_1_60' title='bbox 1167 917 1443 959; x_wconf 84' lang='lat' dir='ltr'><strong>numerum</strong></span> <span class='ocrx_word' id='word_1_61' title='bbox 1502 899 1570 954; x_wconf 86' lang='lat' dir='ltr'><strong>ab</strong></span> <span class='ocrx_word' id='word_1_62' title='bbox 1619 897 1725 951; x_wconf 85' lang='lat' dir='ltr'><strong>ali-</strong></span> 
     </span>
    </p>
   </div>
   <div class='ocr_carea' id='block_1_11' title="bbox 129 1003 1728 1085">
    <p class='ocr_par' dir='ltr' id='par_1_11' title="bbox 129 1003 1728 1085">
     <span class='ocr_line' id='line_1_11' title="bbox 129 1003 1728 1085; baseline -0.018 -15"><span class='ocrx_word' id='word_1_63' title='bbox 129 1030 253 1085; x_wconf 79' lang='lat' dir='ltr'><strong>quo</strong></span> <span class='ocrx_word' id='word_1_64' title='bbox 302 1026 493 1071; x_wconf 83' lang='lat' dir='ltr'><strong>eorum</strong></span> <span class='ocrx_word' id='word_1_65' title='bbox 536 1009 730 1064; x_wconf 82' lang='lat' dir='ltr'><strong>abbate</strong></span> <span class='ocrx_word' id='word_1_66' title='bbox 771 1005 878 1059; x_wconf 86' lang='lat' dir='ltr'><strong>ullo</strong></span> <span class='ocrx_word' id='word_1_67' title='bbox 926 1015 1156 1070; x_wconf 83' lang='lat' dir='ltr'><strong>unquam</strong></span> <span class='ocrx_word' id='word_1_68' title='bbox 1201 1007 1440 1060; x_wconf 87' lang='lat' dir='ltr'><strong>tempore</strong></span> <span class='ocrx_word' id='word_1_69' title='bbox 1486 1007 1589 1045; x_wconf 91' lang='lat' dir='ltr'><strong>non</strong></span> <span class='ocrx_word' id='word_1_70' title='bbox 1629 1003 1728 1042; x_wconf 86' lang='lat' dir='ltr'><strong>au-</strong></span> 
     </span>
    </p>
   </div>
   <div class='ocr_carea' id='block_1_12' title="bbox 131 1086 1724 1178">
    <p class='ocr_par' dir='ltr' id='par_1_12' title="bbox 131 1086 1724 1178">
     <span class='ocr_line' id='line_1_12' title="bbox 131 1086 1724 1178; baseline -0.02 -15"><span class='ocrx_word' id='word_1_71' title='bbox 131 1115 366 1178; x_wconf 80' lang='lat' dir='ltr'><strong>geatur.</strong></span> <span class='ocrx_word' id='word_1_72' title='bbox 428 1103 496 1157; x_wconf 83' lang='lat' dir='ltr'><strong>Et</strong></span> <span class='ocrx_word' id='word_1_73' title='bbox 534 1101 638 1155; x_wconf 91' lang='lat' dir='ltr'><strong>bttc</strong></span> <span class='ocrx_word' id='word_1_74' title='bbox 666 1098 769 1152; x_wconf 88' lang='lat' dir='ltr'><strong>hoc</strong></span> <span class='ocrx_word' id='word_1_75' title='bbox 798 1105 996 1150; x_wconf 72' lang='lat' dir='ltr'><strong>nostra:</strong></span> <span class='ocrx_word' id='word_1_76' title='bbox 1030 1086 1362 1144; x_wconf 84' lang='lat' dir='ltr'><strong>auctoritatis</strong></span> <span class='ocrx_word' id='word_1_77' title='bbox 1400 1089 1724 1153; x_wconf 81' lang='lat' dir='ltr'><strong>praeceptum</strong></span> 
     </span>
    </p>
   </div>
   <div class='ocr_carea' id='block_1_13' title="bbox 133 1182 1728 1257">
    <p class='ocr_par' dir='ltr' id='par_1_13' title="bbox 133 1182 1728 1257">
     <span class='ocr_line' id='line_1_13' title="bbox 133 1182 1728 1257; baseline -0.019 -5"><span class='ocrx_word' id='word_1_78' title='bbox 133 1197 363 1252; x_wconf 79' lang='lat' dir='ltr'><strong>ﬁrmius</strong></span> <span class='ocrx_word' id='word_1_79' title='bbox 389 1192 670 1257; x_wconf 78' lang='lat' dir='ltr'><strong>aabeatur,</strong></span> <span class='ocrx_word' id='word_1_80' title='bbox 698 1197 754 1242; x_wconf 88' lang='lat' dir='ltr'><strong>et</strong></span> <span class='ocrx_word' id='word_1_81' title='bbox 780 1201 873 1256; x_wconf 87' lang='lat' dir='ltr'><strong>per</strong></span> <span class='ocrx_word' id='word_1_82' title='bbox 911 1182 1087 1237; x_wconf 82' lang='lat' dir='ltr'><strong>futura</strong></span> <span class='ocrx_word' id='word_1_83' title='bbox 1131 1190 1369 1246; x_wconf 87' lang='lat' dir='ltr'><strong>tempora</strong></span> <span class='ocrx_word' id='word_1_84' title='bbox 1392 1189 1422 1228; x_wconf 88' lang='lat' dir='ltr'><strong>a</strong></span> <span class='ocrx_word' id='word_1_85' title='bbox 1444 1184 1728 1228; x_wconf 86' lang='lat' dir='ltr'><strong>successo-</strong></span> 
     </span>
    </p>
   </div>
   <div class='ocr_carea' id='block_1_14' title="bbox 143 1260 1727 1343">
    <p class='ocr_par' dir='ltr' id='par_1_14' title="bbox 143 1260 1727 1343">
     <span class='ocr_line' id='line_1_14' title="bbox 143 1260 1727 1343; baseline -0.016 -1"><span class='ocrx_word' id='word_1_86' title='bbox 143 1287 297 1343; x_wconf 71' lang='lat' dir='ltr'><strong>ribus</strong></span> <span class='ocrx_word' id='word_1_87' title='bbox 330 1281 469 1339; x_wconf 85' lang='lat' dir='ltr'><strong>illius</strong></span> <span class='ocrx_word' id='word_1_88' title='bbox 495 1291 549 1337; x_wconf 94' lang='lat' dir='ltr'><strong>et</strong></span> <span class='ocrx_word' id='word_1_89' title='bbox 583 1278 829 1335; x_wconf 87' lang='lat' dir='ltr'><strong>lidelibus</strong></span> <span class='ocrx_word' id='word_1_90' title='bbox 856 1280 1056 1329; x_wconf 68' lang='lat' dir='ltr'><strong>sanctze</strong></span> <span class='ocrx_word' id='word_1_91' title='bbox 1100 1269 1194 1324; x_wconf 90' lang='lat' dir='ltr'><strong>Dei</strong></span> <span class='ocrx_word' id='word_1_92' title='bbox 1237 1264 1493 1321; x_wconf 68' lang='lat' dir='ltr'><strong>Ecclesiae</strong></span> <span class='ocrx_word' id='word_1_93' title='bbox 1533 1260 1727 1316; x_wconf 87' lang='lat' dir='ltr'><strong>melius</strong></span> 
     </span>
    </p>
   </div>
   <div class='ocr_carea' id='block_1_15' title="bbox 134 1353 1727 1438">
    <p class='ocr_par' dir='ltr' id='par_1_15' title="bbox 134 1353 1727 1438">
     <span class='ocr_line' id='line_1_15' title="bbox 134 1353 1727 1438; baseline -0.016 -7"><span class='ocrx_word' id='word_1_94' title='bbox 134 1375 443 1438; x_wconf 82' lang='lat' dir='ltr'><strong>credatur,</strong></span> <span class='ocrx_word' id='word_1_95' title='bbox 492 1379 549 1426; x_wconf 90' lang='lat' dir='ltr'><strong>et</strong></span> <span class='ocrx_word' id='word_1_96' title='bbox 606 1367 912 1438; x_wconf 83' lang='lat' dir='ltr'><strong>diligentius</strong></span> <span class='ocrx_word' id='word_1_97' title='bbox 959 1368 1305 1417; x_wconf 78' lang='lat' dir='ltr'><strong>conservetur</strong></span> <span class='ocrx_word' id='word_1_98' title='bbox 1335 1395 1350 1421; x_wconf 92' lang='lat'><strong>,</strong></span> <span class='ocrx_word' id='word_1_99' title='bbox 1399 1358 1469 1411; x_wconf 92' lang='lat' dir='ltr'><strong>de</strong></span> <span class='ocrx_word' id='word_1_100' title='bbox 1521 1353 1727 1409; x_wconf 83' lang='lat' dir='ltr'><strong>annulo</strong></span> 
     </span>
    </p>
   </div>
   <div class='ocr_carea' id='block_1_16' title="bbox 133 1451 1103 1532">
    <p class='ocr_par' dir='ltr' id='par_1_16' title="bbox 133 1451 1103 1532">
     <span class='ocr_line' id='line_1_16' title="bbox 133 1451 1103 1532; baseline -0.018 -11"><span class='ocrx_word' id='word_1_101' title='bbox 133 1475 339 1532; x_wconf 60' lang='lat' dir='ltr'><strong>ryvstro</strong></span> <span class='ocrx_word' id='word_1_102' title='bbox 365 1463 551 1519; x_wconf 90' lang='lat' dir='ltr'><strong>subter</strong></span> <span class='ocrx_word' id='word_1_103' title='bbox 567 1460 830 1530; x_wconf 75' lang='lat' dir='ltr'><strong>iussimus</strong></span> <span class='ocrx_word' id='word_1_104' title='bbox 854 1451 1103 1525; x_wconf 82' lang='lat' dir='ltr'><strong>sigillari.</strong></span> 
     </span>
    </p>
   </div>
   <div class='ocr_carea' id='block_1_17' title="bbox 216 1542 1237 1626">
    <p class='ocr_par' dir='ltr' id='par_1_17' title="bbox 216 1542 1237 1626">
     <span class='ocr_line' id='line_1_17' title="bbox 216 1542 1237 1626; baseline -0.017 -15"><span class='ocrx_word' id='word_1_105' title='bbox 216 1556 443 1626; x_wconf 77' lang='lat' dir='ltr'><strong>Signum</strong></span> <span class='ocrx_word' id='word_1_106' title='bbox 468 1549 649 1607; x_wconf 70' lang='grc' dir='ltr'><strong>Κποιὶ</strong></span> <span class='ocrx_word' id='word_1_107' title='bbox 677 1543 1045 1620; x_wconf 86' lang='lat' dir='ltr'><strong>gloriosissimi</strong></span> <span class='ocrx_word' id='word_1_108' title='bbox 1073 1542 1237 1610; x_wconf 85' lang='lat' dir='ltr'><strong>regis.</strong></span> 
     </span>
    </p>
   </div>
   <div class='ocr_carea' id='block_1_18' title="bbox 217 1638 815 1709">
    <p class='ocr_par' dir='ltr' id='par_1_18' title="bbox 217 1638 815 1709">
     <span class='ocr_line' id='line_1_18' title="bbox 217 1638 815 1709; baseline -0.018 -8"><span class='ocrx_word' id='word_1_109' title='bbox 217 1645 464 1703; x_wconf 76' lang='lat' dir='ltr'><strong>Hilerius</strong></span> <span class='ocrx_word' id='word_1_110' title='bbox 481 1638 815 1709; x_wconf 72' lang='lat' dir='ltr'><strong>recognovit.</strong></span> 
     </span>
    </p>
   </div>
   <div class='ocr_carea' id='block_1_19' title="bbox 217 1715 1723 1793">
    <p class='ocr_par' dir='ltr' id='par_1_19' title="bbox 217 1715 1723 1793">
     <span class='ocr_line' id='line_1_19' title="bbox 217 1715 1723 1793; baseline -0.017 -2"><span class='ocrx_word' id='word_1_111' title='bbox 217 1734 434 1793; x_wconf 72' lang='lat' dir='ltr'><strong>Dauin</strong></span> <span class='ocrx_word' id='word_1_112' title='bbox 456 1746 643 1788; x_wconf 82' lang='lat' dir='ltr'><strong>mense</strong></span> <span class='ocrx_word' id='word_1_113' title='bbox 672 1728 847 1793; x_wconf 74' lang='lat' dir='ltr'><strong>Medio</strong></span> <span class='ocrx_word' id='word_1_114' title='bbox 869 1767 887 1793; x_wconf 93' lang='lat'><strong>,</strong></span> <span class='ocrx_word' id='word_1_115' title='bbox 936 1739 1078 1781; x_wconf 84' lang='lat' dir='ltr'><strong>anno</strong></span> <span class='ocrx_word' id='word_1_116' title='bbox 1106 1724 1279 1793; x_wconf 89' lang='lat' dir='ltr'><strong>primo</strong></span> <span class='ocrx_word' id='word_1_117' title='bbox 1315 1725 1572 1792; x_wconf 77' lang='lat' dir='ltr'><strong>regnante</strong></span> <span class='ocrx_word' id='word_1_118' title='bbox 1621 1715 1723 1769; x_wconf 83' lang='lat' dir='ltr'><strong>Ka-</strong></span> 
     </span>
    </p>
   </div>
   <div class='ocr_carea' id='block_1_20' title="bbox 1827 526 3403 596">
    <p class='ocr_par' dir='ltr' id='par_1_20' title="bbox 1827 526 3403 596">
     <span class='ocr_line' id='line_1_20' title="bbox 1827 526 3403 596; baseline 0.001 -13"><span class='ocrx_word' id='word_1_119' title='bbox 1827 531 2015 583; x_wconf 87' lang='lat' dir='ltr'><strong>rnitate</strong></span> <span class='ocrx_word' id='word_1_120' title='bbox 2068 528 2220 595; x_wconf 82' lang='lat' dir='ltr'><strong>petiit</strong></span> <span class='ocrx_word' id='word_1_121' title='bbox 2268 526 2570 583; x_wconf 90' lang='lat' dir='ltr'><strong>celsitudini</strong></span> <span class='ocrx_word' id='word_1_122' title='bbox 2622 536 2818 581; x_wconf 66' lang='lat' dir='ltr'><strong>nostra:</strong></span> <span class='ocrx_word' id='word_1_123' title='bbox 2863 540 3025 596; x_wconf 85' lang='lat' dir='ltr'><strong>supra</strong></span> <span class='ocrx_word' id='word_1_124' title='bbox 3072 538 3403 585; x_wconf 88' lang='lat' dir='ltr'><strong>memoratus</strong></span> 
     </span>
    </p>
   </div>
   <div class='ocr_carea' id='block_1_21' title="bbox 1825 616 3401 685">
    <p class='ocr_par' dir='ltr' id='par_1_21' title="bbox 1825 616 3401 685">
     <span class='ocr_line' id='line_1_21' title="bbox 1825 616 3401 685; baseline 0.001 -11"><span class='ocrx_word' id='word_1_125' title='bbox 1825 619 1985 684; x_wconf 88' lang='lat' dir='ltr'><strong>abba,</strong></span> <span class='ocrx_word' id='word_1_126' title='bbox 2029 625 2086 672; x_wconf 92' lang='lat' dir='ltr'><strong>ut</strong></span> <span class='ocrx_word' id='word_1_127' title='bbox 2115 618 2213 673; x_wconf 88' lang='lat' dir='ltr'><strong>hoc</strong></span> <span class='ocrx_word' id='word_1_128' title='bbox 2243 616 2384 672; x_wconf 89' lang='lat' dir='ltr'><strong>circa</strong></span> <span class='ocrx_word' id='word_1_129' title='bbox 2419 617 2590 685; x_wconf 89' lang='lat' dir='ltr'><strong>ipsum</strong></span> <span class='ocrx_word' id='word_1_130' title='bbox 2624 617 2797 670; x_wconf 91' lang='lat' dir='ltr'><strong>locum</strong></span> <span class='ocrx_word' id='word_1_131' title='bbox 2827 631 2923 684; x_wconf 88' lang='lat' dir='ltr'><strong>pro</strong></span> <span class='ocrx_word' id='word_1_132' title='bbox 2950 628 3127 672; x_wconf 85' lang='lat' dir='ltr'><strong>nostra</strong></span> <span class='ocrx_word' id='word_1_133' title='bbox 3164 618 3401 675; x_wconf 67' lang='lat' dir='ltr'><strong>auctori-</strong></span> 
     </span>
    </p>
   </div>
   <div class='ocr_carea' id='block_1_22' title="bbox 1828 708 3407 778">
    <p class='ocr_par' dir='ltr' id='par_1_22' title="bbox 1828 708 3407 778">
     <span class='ocr_line' id='line_1_22' title="bbox 1828 708 3407 778; baseline -0.003 -11"><span class='ocrx_word' id='word_1_134' title='bbox 1828 722 1936 767; x_wconf 88' lang='lat' dir='ltr'><strong>tate</strong></span> <span class='ocrx_word' id='word_1_135' title='bbox 1968 710 2172 778; x_wconf 82' lang='lat' dir='ltr'><strong>plenius</strong></span> <span class='ocrx_word' id='word_1_136' title='bbox 2212 711 2533 765; x_wconf 85' lang='lat' dir='ltr'><strong>conﬁrmare</strong></span> <span class='ocrx_word' id='word_1_137' title='bbox 2574 708 2934 764; x_wconf 87' lang='lat' dir='ltr'><strong>deberemus:</strong></span> <span class='ocrx_word' id='word_1_138' title='bbox 2975 709 3128 778; x_wconf 89' lang='lat' dir='ltr'><strong>cujus</strong></span> <span class='ocrx_word' id='word_1_139' title='bbox 3157 708 3407 777; x_wconf 84' lang='lat' dir='ltr'><strong>petitioni</strong></span> 
     </span>
    </p>
   </div>
   <div class='ocr_carea' id='block_1_23' title="bbox 1827 801 3402 873">
    <p class='ocr_par' dir='ltr' id='par_1_23' title="bbox 1827 801 3402 873">
     <span class='ocr_line' id='line_1_23' title="bbox 1827 801 3402 873; baseline -0.001 -15"><span class='ocrx_word' id='word_1_140' title='bbox 1827 819 1927 873; x_wconf 90' lang='lat' dir='ltr'><strong>pro</strong></span> <span class='ocrx_word' id='word_1_141' title='bbox 1958 802 2225 857; x_wconf 93' lang='lat' dir='ltr'><strong>mercedis</strong></span> <span class='ocrx_word' id='word_1_142' title='bbox 2275 808 2473 857; x_wconf 59' lang='lat' dir='ltr'><strong>nostrae</strong></span> <span class='ocrx_word' id='word_1_143' title='bbox 2520 809 2922 864; x_wconf 84' lang='lat' dir='ltr'><strong>auctmentum,</strong></span> <span class='ocrx_word' id='word_1_144' title='bbox 2973 801 3058 856; x_wconf 81' lang='lat' dir='ltr'><strong>vel</strong></span> <span class='ocrx_word' id='word_1_145' title='bbox 3104 802 3402 857; x_wconf 85' lang='lat' dir='ltr'><strong>reverentia</strong></span> 
     </span>
    </p>
   </div>
   <div class='ocr_carea' id='block_1_24' title="bbox 1828 890 3370 964">
    <p class='ocr_par' dir='ltr' id='par_1_24' title="bbox 1828 890 3370 964">
     <span class='ocr_line' id='line_1_24' title="bbox 1828 890 3370 964; baseline -0.003 -16"><span class='ocrx_word' id='word_1_146' title='bbox 1828 893 1996 964; x_wconf 81' lang='lat' dir='ltr'><strong>ipsius</strong></span> <span class='ocrx_word' id='word_1_147' title='bbox 2027 892 2195 947; x_wconf 89' lang='lat' dir='ltr'><strong>sancti</strong></span> <span class='ocrx_word' id='word_1_148' title='bbox 2225 890 2330 945; x_wconf 90' lang='lat' dir='ltr'><strong>loci</strong></span> <span class='ocrx_word' id='word_1_149' title='bbox 2361 891 2433 945; x_wconf 91' lang='lat' dir='ltr'><strong>ita</strong></span> <span class='ocrx_word' id='word_1_150' title='bbox 2465 890 2778 958; x_wconf 68' lang='lat' dir='ltr'><strong>praestitisse</strong></span> <span class='ocrx_word' id='word_1_151' title='bbox 2818 898 2871 943; x_wconf 91' lang='lat' dir='ltr'><strong>et</strong></span> <span class='ocrx_word' id='word_1_152' title='bbox 2911 891 2963 944; x_wconf 93' lang='lat' dir='ltr'><strong>in</strong></span> <span class='ocrx_word' id='word_1_153' title='bbox 2990 891 3239 945; x_wconf 88' lang='lat' dir='ltr'><strong>omnibus</strong></span> <span class='ocrx_word' id='word_1_154' title='bbox 3271 906 3370 946; x_wconf 89' lang='lat' dir='ltr'><strong>con</strong></span> 
     </span>
    </p>
   </div>
   <div class='ocr_carea' id='block_1_25' title="bbox 1828 980 3398 1053">
    <p class='ocr_par' dir='ltr' id='par_1_25' title="bbox 1828 980 3398 1053">
     <span class='ocr_line' id='line_1_25' title="bbox 1828 980 3398 1053; baseline -0.001 -15"><span class='ocrx_word' id='word_1_155' title='bbox 1828 984 2071 1039; x_wconf 89' lang='lat' dir='ltr'><strong>ﬁrmasse</strong></span> <span class='ocrx_word' id='word_1_156' title='bbox 2104 982 2427 1053; x_wconf 78' lang='lat' dir='ltr'><strong>cognoscite.</strong></span> <span class='ocrx_word' id='word_1_157' title='bbox 2472 980 2856 1051; x_wconf 66' lang='lat' dir='ltr'><strong>Praecipientes</strong></span> <span class='ocrx_word' id='word_1_158' title='bbox 2886 983 3027 1037; x_wconf 89' lang='lat' dir='ltr'><strong>enim</strong></span> <span class='ocrx_word' id='word_1_159' title='bbox 3058 993 3117 1037; x_wconf 93' lang='lat' dir='ltr'><strong>ut</strong></span> <span class='ocrx_word' id='word_1_160' title='bbox 3144 982 3398 1051; x_wconf 85' lang='lat' dir='ltr'><strong>quicquid</strong></span> 
     </span>
    </p>
   </div>
   <div class='ocr_carea' id='block_1_26' title="bbox 1828 1072 3401 1144">
    <p class='ocr_par' dir='ltr' id='par_1_26' title="bbox 1828 1072 3401 1144">
     <span class='ocr_line' id='line_1_26' title="bbox 1828 1072 3401 1144; baseline -0.004 -13"><span class='ocrx_word' id='word_1_161' title='bbox 1828 1083 2039 1131; x_wconf 87' lang='lat' dir='ltr'><strong>constat</strong></span> <span class='ocrx_word' id='word_1_162' title='bbox 2068 1074 2137 1129; x_wconf 93' lang='lat' dir='ltr'><strong>de</strong></span> <span class='ocrx_word' id='word_1_163' title='bbox 2169 1073 2285 1144; x_wconf 89' lang='lat' dir='ltr'><strong>ipsa</strong></span> <span class='ocrx_word' id='word_1_164' title='bbox 2316 1072 2608 1127; x_wconf 85' lang='lat' dir='ltr'><strong>emunitate</strong></span> <span class='ocrx_word' id='word_1_165' title='bbox 2632 1112 2651 1139; x_wconf 93' lang='lat'><strong>,</strong></span> <span class='ocrx_word' id='word_1_166' title='bbox 2699 1073 2837 1128; x_wconf 92' lang='lat' dir='ltr'><strong>sicut</strong></span> <span class='ocrx_word' id='word_1_167' title='bbox 2875 1073 3125 1142; x_wconf 84' lang='lat' dir='ltr'><strong>superius</strong></span> <span class='ocrx_word' id='word_1_168' title='bbox 3148 1082 3234 1128; x_wconf 91' lang='lat' dir='ltr'><strong>est</strong></span> <span class='ocrx_word' id='word_1_169' title='bbox 3256 1086 3401 1127; x_wconf 86' lang='lat' dir='ltr'><strong>com-</strong></span> 
     </span>
    </p>
   </div>
   <div class='ocr_carea' id='block_1_27' title="bbox 1828 1162 3406 1234">
    <p class='ocr_par' dir='ltr' id='par_1_27' title="bbox 1828 1162 3406 1234">
     <span class='ocr_line' id='line_1_27' title="bbox 1828 1162 3406 1234; baseline -0.002 -15"><span class='ocrx_word' id='word_1_170' title='bbox 1828 1163 2149 1234; x_wconf 88' lang='lat' dir='ltr'><strong>prehensum</strong></span> <span class='ocrx_word' id='word_1_171' title='bbox 2172 1203 2189 1229; x_wconf 98' lang='lat'><strong>,</strong></span> <span class='ocrx_word' id='word_1_172' title='bbox 2237 1171 2610 1218; x_wconf 87' lang='lat' dir='ltr'><strong>antecessores</strong></span> <span class='ocrx_word' id='word_1_173' title='bbox 2637 1164 2803 1217; x_wconf 89' lang='lat' dir='ltr'><strong>nostri</strong></span> <span class='ocrx_word' id='word_1_174' title='bbox 2846 1162 2993 1232; x_wconf 84' lang='lat' dir='ltr'><strong>jnste</strong></span> <span class='ocrx_word' id='word_1_175' title='bbox 3024 1172 3078 1217; x_wconf 91' lang='lat' dir='ltr'><strong>et</strong></span> <span class='ocrx_word' id='word_1_176' title='bbox 3106 1163 3406 1217; x_wconf 75' lang='lat' dir='ltr'><strong>rationabi-</strong></span> 
     </span>
    </p>
   </div>
   <div class='ocr_carea' id='block_1_28' title="bbox 1828 1250 3407 1319">
    <p class='ocr_par' dir='ltr' id='par_1_28' title="bbox 1828 1250 3407 1319">
     <span class='ocr_line' id='line_1_28' title="bbox 1828 1250 3407 1319; baseline -0.002 -10"><span class='ocrx_word' id='word_1_177' title='bbox 1828 1254 1947 1309; x_wconf 88' lang='lat' dir='ltr'><strong>liter</strong></span> <span class='ocrx_word' id='word_1_178' title='bbox 1972 1261 2352 1309; x_wconf 77' lang='lat' dir='ltr'><strong>concesserunt</strong></span> <span class='ocrx_word' id='word_1_179' title='bbox 2376 1251 2459 1319; x_wconf 89' lang='lat' dir='ltr'><strong>vel</strong></span> <span class='ocrx_word' id='word_1_180' title='bbox 2492 1250 2962 1315; x_wconf 71' lang='lat' dir='ltr'><strong>conti-noverunt,</strong></span> <span class='ocrx_word' id='word_1_181' title='bbox 2994 1261 3053 1307; x_wconf 91' lang='lat' dir='ltr'><strong>et</strong></span> <span class='ocrx_word' id='word_1_182' title='bbox 3076 1253 3144 1307; x_wconf 90' lang='lat' dir='ltr'><strong>de</strong></span> <span class='ocrx_word' id='word_1_183' title='bbox 3172 1267 3238 1306; x_wconf 90' lang='lat' dir='ltr'><strong>eo</strong></span> <span class='ocrx_word' id='word_1_184' title='bbox 3266 1263 3407 1306; x_wconf 84' lang='lat' dir='ltr'><strong>tem-</strong></span> 
     </span>
    </p>
   </div>
   <div class='ocr_carea' id='block_1_29' title="bbox 1828 1343 3402 1415">
    <p class='ocr_par' dir='ltr' id='par_1_29' title="bbox 1828 1343 3402 1415">
     <span class='ocr_line' id='line_1_29' title="bbox 1828 1343 3402 1415; baseline -0.003 -14"><span class='ocrx_word' id='word_1_185' title='bbox 1828 1362 1959 1415; x_wconf 87' lang='lat' dir='ltr'><strong>pore</strong></span> <span class='ocrx_word' id='word_1_186' title='bbox 2005 1362 2171 1414; x_wconf 88' lang='lat' dir='ltr'><strong>usque</strong></span> <span class='ocrx_word' id='word_1_187' title='bbox 2214 1358 2356 1399; x_wconf 85' lang='lat' dir='ltr'><strong>nunc</strong></span> <span class='ocrx_word' id='word_1_188' title='bbox 2404 1353 2552 1399; x_wconf 88' lang='lat' dir='ltr'><strong>recto</strong></span> <span class='ocrx_word' id='word_1_189' title='bbox 2595 1344 2806 1398; x_wconf 86' lang='lat' dir='ltr'><strong>tramite</strong></span> <span class='ocrx_word' id='word_1_190' title='bbox 2852 1343 2949 1397; x_wconf 82' lang='lat' dir='ltr'><strong>fuit</strong></span> <span class='ocrx_word' id='word_1_191' title='bbox 2990 1352 3402 1399; x_wconf 83' lang='lat' dir='ltr'><strong>conservatum:</strong></span> 
     </span>
    </p>
   </div>
   <div class='ocr_carea' id='block_1_30' title="bbox 1828 1434 3403 1505">
    <p class='ocr_par' dir='ltr' id='par_1_30' title="bbox 1828 1434 3403 1505">
     <span class='ocr_line' id='line_1_30' title="bbox 1828 1434 3403 1505; baseline -0.004 -12"><span class='ocrx_word' id='word_1_192' title='bbox 1828 1441 1898 1493; x_wconf 89' lang='lat' dir='ltr'><strong>ita</strong></span> <span class='ocrx_word' id='word_1_193' title='bbox 1947 1447 2002 1492; x_wconf 91' lang='lat' dir='ltr'><strong>et</strong></span> <span class='ocrx_word' id='word_1_194' title='bbox 2045 1438 2257 1491; x_wconf 87' lang='lat' dir='ltr'><strong>iuantea</strong></span> <span class='ocrx_word' id='word_1_195' title='bbox 2300 1451 2392 1505; x_wconf 89' lang='lat' dir='ltr'><strong>per</strong></span> <span class='ocrx_word' id='word_1_196' title='bbox 2440 1445 2682 1490; x_wconf 90' lang='lat' dir='ltr'><strong>nostrum</strong></span> <span class='ocrx_word' id='word_1_197' title='bbox 2740 1444 3064 1503; x_wconf 61' lang='lat' dir='ltr'><strong>praeceptum</strong></span> <span class='ocrx_word' id='word_1_198' title='bbox 3097 1434 3304 1503; x_wconf 85' lang='lat' dir='ltr'><strong>plenius</strong></span> <span class='ocrx_word' id='word_1_199' title='bbox 3350 1435 3403 1489; x_wconf 91' lang='lat' dir='ltr'><strong>in</strong></span> 
     </span>
    </p>
   </div>
   <div class='ocr_carea' id='block_1_31' title="bbox 1829 1525 3405 1595">
    <p class='ocr_par' dir='ltr' id='par_1_31' title="bbox 1829 1525 3405 1595">
     <span class='ocr_line' id='line_1_31' title="bbox 1829 1525 3405 1595; baseline -0.003 -12"><span class='ocrx_word' id='word_1_200' title='bbox 1829 1528 1922 1583; x_wconf 89' lang='lat' dir='ltr'><strong>Dei</strong></span> <span class='ocrx_word' id='word_1_201' title='bbox 1970 1528 2185 1582; x_wconf 79' lang='lat' dir='ltr'><strong>nomine</strong></span> <span class='ocrx_word' id='word_1_202' title='bbox 2232 1525 2302 1581; x_wconf 89' lang='lat' dir='ltr'><strong>sit</strong></span> <span class='ocrx_word' id='word_1_203' title='bbox 2345 1536 2760 1590; x_wconf 89' lang='lat' dir='ltr'><strong>conservatum,</strong></span> <span class='ocrx_word' id='word_1_204' title='bbox 2811 1527 3078 1595; x_wconf 84' lang='lat' dir='ltr'><strong>inspectas</strong></span> <span class='ocrx_word' id='word_1_205' title='bbox 3107 1526 3236 1580; x_wconf 87' lang='lat' dir='ltr'><strong>istas</strong></span> <span class='ocrx_word' id='word_1_206' title='bbox 3265 1541 3405 1594; x_wconf 63' lang='lat' dir='ltr'><strong>prsc-</strong></span> 
     </span>
    </p>
   </div>
   <div class='ocr_carea' id='block_1_32' title="bbox 1828 1613 3407 1685">
    <p class='ocr_par' dir='ltr' id='par_1_32' title="bbox 1828 1613 3407 1685">
     <span class='ocr_line' id='line_1_32' title="bbox 1828 1613 3407 1685; baseline -0.004 -11"><span class='ocrx_word' id='word_1_207' title='bbox 1828 1619 2100 1684; x_wconf 88' lang='lat' dir='ltr'><strong>ceptiottes</strong></span> <span class='ocrx_word' id='word_1_208' title='bbox 2175 1616 2659 1685; x_wconf 75' lang='lat' dir='ltr'><strong>suprascriptorum</strong></span> <span class='ocrx_word' id='word_1_209' title='bbox 2734 1613 3074 1684; x_wconf 87' lang='lat' dir='ltr'><strong>principum,</strong></span> <span class='ocrx_word' id='word_1_210' title='bbox 3123 1614 3262 1669; x_wconf 86' lang='lat' dir='ltr'><strong>sicut</strong></span> <span class='ocrx_word' id='word_1_211' title='bbox 3312 1628 3407 1681; x_wconf 88' lang='lat' dir='ltr'><strong>per</strong></span> 
     </span>
    </p>
   </div>
   <div class='ocr_carea' id='block_1_33' title="bbox 1829 1703 3401 1773">
    <p class='ocr_par' dir='ltr' id='par_1_33' title="bbox 1829 1703 3401 1773">
     <span class='ocr_line' id='line_1_33' title="bbox 1829 1703 3401 1773; baseline -0.006 -10"><span class='ocrx_word' id='word_1_212' title='bbox 1829 1708 2043 1763; x_wconf 87' lang='lat' dir='ltr'><strong>easdem</strong></span> <span class='ocrx_word' id='word_1_213' title='bbox 2068 1707 2394 1771; x_wconf 82' lang='lat' dir='ltr'><strong>declaratur,</strong></span> <span class='ocrx_word' id='word_1_214' title='bbox 2413 1708 2553 1761; x_wconf 87' lang='lat' dir='ltr'><strong>circa</strong></span> <span class='ocrx_word' id='word_1_215' title='bbox 2582 1706 2752 1773; x_wconf 83' lang='lat' dir='ltr'><strong>ipsum</strong></span> <span class='ocrx_word' id='word_1_216' title='bbox 2777 1706 3022 1759; x_wconf 85' lang='lat' dir='ltr'><strong>abbatem</strong></span> <span class='ocrx_word' id='word_1_217' title='bbox 3049 1703 3401 1765; x_wconf 80' lang='lat' dir='ltr'><strong>Hardradum.</strong></span> 
     </span>
    </p>
   </div>
   <div class='ocr_carea' id='block_1_34' title="bbox 138 1793 3410 1895">
    <p class='ocr_par' dir='ltr' id='par_1_34' title="bbox 138 1793 3410 1895">
     <span class='ocr_line' id='line_1_34' title="bbox 138 1793 3410 1895; baseline -0.003 -39"><span class='ocrx_word' id='word_1_218' title='bbox 138 1826 268 1884; x_wconf 64' lang='lat' dir='ltr'><strong>mlo</strong></span> <span class='ocrx_word' id='word_1_219' title='bbox 289 1823 678 1895; x_wconf 53' lang='lat' dir='ltr'><strong>shriosissimo</strong></span> <span class='ocrx_word' id='word_1_220' title='bbox 725 1834 851 1890; x_wconf 57' lang='lat' dir='ltr'><strong>rege</strong></span> <span class='ocrx_word' id='word_1_221' title='bbox 893 1818 1240 1873; x_wconf 56' lang='lat' dir='ltr'><strong>Francorum,</strong></span> <span class='ocrx_word' id='word_1_222' title='bbox 1272 1814 1462 1866; x_wconf 50' lang='lat' dir='ltr'><strong>Actum</strong></span> <span class='ocrx_word' id='word_1_223' title='bbox 1512 1821 1538 1849; x_wconf 70' lang='grc' dir='ltr'>α</span> <span class='ocrx_word' id='word_1_224' title='bbox 1577 1808 1723 1862; x_wconf 73' lang='grc' dir='ltr'><strong>Μυτ-</strong></span> <span class='ocrx_word' id='word_1_225' title='bbox 1761 1809 1803 1866; x_wconf 82' lang='lat' dir='ltr'><strong>B</strong></span> <span class='ocrx_word' id='word_1_226' title='bbox 1829 1798 1912 1851; x_wconf 89' lang='lat' dir='ltr'><strong>vel</strong></span> <span class='ocrx_word' id='word_1_227' title='bbox 1947 1811 2286 1852; x_wconf 82' lang='lat' dir='ltr'><strong>successores</strong></span> <span class='ocrx_word' id='word_1_228' title='bbox 2327 1796 2395 1850; x_wconf 88' lang='lat' dir='ltr'><strong>ad</strong></span> <span class='ocrx_word' id='word_1_229' title='bbox 2438 1796 2612 1863; x_wconf 90' lang='lat' dir='ltr'><strong>ipsum</strong></span> <span class='ocrx_word' id='word_1_230' title='bbox 2646 1795 3027 1849; x_wconf 88' lang='lat' dir='ltr'><strong>monasterium</strong></span> <span class='ocrx_word' id='word_1_231' title='bbox 3057 1793 3234 1849; x_wconf 85' lang='lat' dir='ltr'><strong>Sithin</strong></span> <span class='ocrx_word' id='word_1_232' title='bbox 3265 1794 3410 1847; x_wconf 91' lang='lat' dir='ltr'><strong>omni</strong></span> 
     </span>
    </p>
   </div>
   <div class='ocr_carea' id='block_1_35' title="bbox 139 1931 975 2031">
    <p class='ocr_par' dir='ltr' id='par_1_35' title="bbox 139 1931 975 2031">
     <span class='ocr_line' id='line_1_35' title="bbox 139 1931 975 2031; baseline -0.01 -58"><span class='ocrx_word' id='word_1_233' title='bbox 139 1931 310 1973; x_wconf 70' lang='grc' dir='ltr'><strong>οπο.</strong></span> <span class='ocrx_word' id='word_1_234' title='bbox 907 1974 975 2031; x_wconf 60' lang='grc' dir='ltr'><strong>ν.</strong></span> 
     </span>
    </p>
   </div>
   <div class='ocr_carea' id='block_1_36' title="bbox 142 2077 1723 2171">
    <p class='ocr_par' dir='ltr' id='par_1_36' title="bbox 142 2077 1723 2171">
     <span class='ocr_line' id='line_1_36' title="bbox 142 2077 1723 2171; baseline -0.014 -18"><span class='ocrx_word' id='word_1_235' title='bbox 142 2098 396 2170; x_wconf 81' lang='lat' dir='ltr'><strong>Diploma</strong></span> <span class='ocrx_word' id='word_1_236' title='bbox 411 2093 586 2150; x_wconf 81' lang='lat' dir='ltr'><strong>Caroli</strong></span> <span class='ocrx_word' id='word_1_237' title='bbox 606 2089 783 2171; x_wconf 70' lang='lat' dir='ltr'><strong>Magni</strong></span> <span class='ocrx_word' id='word_1_238' title='bbox 806 2103 899 2171; x_wconf 64' lang='lat' dir='ltr'><strong>pro</strong></span> <span class='ocrx_word' id='word_1_239' title='bbox 918 2084 1233 2171; x_wconf 57' lang='lat' dir='ltr'><strong>immunitate</strong></span> <span class='ocrx_word' id='word_1_240' title='bbox 1251 2081 1459 2137; x_wconf 74' lang='lat' dir='ltr'><strong>cosnobii</strong></span> <span class='ocrx_word' id='word_1_241' title='bbox 1484 2077 1723 2135; x_wconf 74' lang='lat' dir='ltr'><strong>Sitltien-</strong></span> 
     </span>
    </p>
   </div>
   <div class='ocr_carea' id='block_1_37' title="bbox 725 2158 1157 2229">
    <p class='ocr_par' dir='ltr' id='par_1_37' title="bbox 725 2158 1157 2229">
     <span class='ocr_line' id='line_1_37' title="bbox 725 2158 1157 2229; baseline -0.014 -15"><span class='ocrx_word' id='word_1_242' title='bbox 725 2162 796 2214; x_wconf 84' lang='lat' dir='ltr'><strong>sis</strong></span> <span class='ocrx_word' id='word_1_243' title='bbox 821 2158 981 2229; x_wconf 79' lang='lat' dir='ltr'><strong>(anno</strong></span> <span class='ocrx_word' id='word_1_244' title='bbox 1007 2158 1157 2223; x_wconf 78' lang='lat'><strong>769).</strong></span> 
     </span>
    </p>
   </div>
   <div class='ocr_carea' id='block_1_38' title="bbox 521 2262 1362 2335">
    <p class='ocr_par' dir='ltr' id='par_1_38' title="bbox 521 2262 1362 2335">
     <span class='ocr_line' id='line_1_38' title="bbox 521 2262 1362 2335; baseline -0.014 -13"><span class='ocrx_word' id='word_1_245' title='bbox 521 2270 684 2335; x_wconf 79' lang='lat' dir='ltr'><strong>(Apud</strong></span> <span class='ocrx_word' id='word_1_246' title='bbox 707 2266 912 2328; x_wconf 74' lang='lat' dir='ltr'><strong>liabill.,</strong></span> <span class='ocrx_word' id='word_1_247' title='bbox 955 2266 1019 2316; x_wconf 90' lang='lat' dir='ltr'><strong>de</strong></span> <span class='ocrx_word' id='word_1_248' title='bbox 1044 2264 1119 2314; x_wconf 77' lang='lat' dir='ltr'><strong>Re</strong></span> <span class='ocrx_word' id='word_1_249' title='bbox 1142 2262 1362 2325; x_wconf 88' lang='lat' dir='ltr'><strong>diplom.)</strong></span> 
     </span>
    </p>
   </div>
   <div class='ocr_carea' id='block_1_39' title="bbox 225 2364 1727 2443">
    <p class='ocr_par' dir='ltr' id='par_1_39' title="bbox 225 2364 1727 2443">
     <span class='ocr_line' id='line_1_39' title="bbox 225 2364 1727 2443; baseline -0.011 -10"><span class='ocrx_word' id='word_1_250' title='bbox 225 2375 451 2433; x_wconf 65' lang='lat' dir='ltr'><strong>[Carolus</strong></span> <span class='ocrx_word' id='word_1_251' title='bbox 498 2372 667 2443; x_wconf 89' lang='lat' dir='ltr'><strong>gratia</strong></span> <span class='ocrx_word' id='word_1_252' title='bbox 716 2369 812 2425; x_wconf 85' lang='lat' dir='ltr'><strong>Dei</strong></span> <span class='ocrx_word' id='word_1_253' title='bbox 859 2384 950 2424; x_wconf 81' lang='lat' dir='ltr'><strong>rex</strong></span> <span class='ocrx_word' id='word_1_254' title='bbox 998 2367 1344 2430; x_wconf 83' lang='lat' dir='ltr'><strong>Francorum,</strong></span> <span class='ocrx_word' id='word_1_255' title='bbox 1380 2364 1460 2418; x_wconf 86' lang='lat' dir='ltr'><strong>vir</strong></span> <span class='ocrx_word' id='word_1_256' title='bbox 1502 2364 1727 2417; x_wconf 76' lang='lat' dir='ltr'><strong>illustcr.</strong></span> 
     </span>
    </p>
   </div>
   <div class='ocr_carea' id='block_1_40' title="bbox 143 2456 1729 2530">
    <p class='ocr_par' dir='ltr' id='par_1_40' title="bbox 143 2456 1729 2530">
     <span class='ocr_line' id='line_1_40' title="bbox 143 2456 1729 2530; baseline -0.013 -3"><span class='ocrx_word' id='word_1_257' title='bbox 143 2470 209 2527; x_wconf 86' lang='lat' dir='ltr'><strong>Si</strong></span> <span class='ocrx_word' id='word_1_258' title='bbox 241 2471 379 2524; x_wconf 76' lang='lat' dir='ltr'><strong>facta</strong></span> <span class='ocrx_word' id='word_1_259' title='bbox 405 2476 807 2520; x_wconf 86' lang='lat' dir='ltr'><strong>antecessorum</strong></span> <span class='ocrx_word' id='word_1_260' title='bbox 851 2469 1154 2514; x_wconf 88' lang='lat' dir='ltr'><strong>nostrorum</strong></span> <span class='ocrx_word' id='word_1_261' title='bbox 1200 2473 1380 2530; x_wconf 90' lang='lat' dir='ltr'><strong>regum</strong></span> <span class='ocrx_word' id='word_1_262' title='bbox 1423 2456 1563 2527; x_wconf 89' lang='lat' dir='ltr'><strong>quod</strong></span> <span class='ocrx_word' id='word_1_263' title='bbox 1618 2456 1729 2509; x_wconf 73' lang='lat' dir='ltr'><strong>loca</strong></span> 
     </span>
    </p>
   </div>
   <div class='ocr_carea' id='block_1_41' title="bbox 144 2548 1732 2627">
    <p class='ocr_par' dir='ltr' id='par_1_41' title="bbox 144 2548 1732 2627">
     <span class='ocr_line' id='line_1_41' title="bbox 144 2548 1732 2627; baseline -0.009 -11"><span class='ocrx_word' id='word_1_264' title='bbox 144 2571 460 2618; x_wconf 79' lang='lat' dir='ltr'><strong>satu-torum</strong></span> <span class='ocrx_word' id='word_1_265' title='bbox 490 2555 853 2627; x_wconf 63' lang='lat' dir='ltr'><strong>prastiterunt</strong></span> <span class='ocrx_word' id='word_1_266' title='bbox 874 2553 957 2608; x_wconf 90' lang='lat' dir='ltr'><strong>vel</strong></span> <span class='ocrx_word' id='word_1_267' title='bbox 985 2560 1383 2616; x_wconf 88' lang='lat' dir='ltr'><strong>concesserunt,</strong></span> <span class='ocrx_word' id='word_1_268' title='bbox 1410 2564 1505 2618; x_wconf 88' lang='lat' dir='ltr'><strong>per</strong></span> <span class='ocrx_word' id='word_1_269' title='bbox 1533 2548 1732 2603; x_wconf 85' lang='lat' dir='ltr'><strong>nostris</strong></span> 
     </span>
    </p>
   </div>
   <div class='ocr_carea' id='block_1_42' title="bbox 147 2642 1734 2715">
    <p class='ocr_par' dir='ltr' id='par_1_42' title="bbox 147 2642 1734 2715">
     <span class='ocr_line' id='line_1_42' title="bbox 147 2642 1734 2715; baseline -0.01 -8"><span class='ocrx_word' id='word_1_270' title='bbox 147 2651 387 2707; x_wconf 85' lang='lat' dir='ltr'><strong>oraculis</strong></span> <span class='ocrx_word' id='word_1_271' title='bbox 417 2650 798 2703; x_wconf 82' lang='lat' dir='ltr'><strong>conﬁrmamus</strong></span> <span class='ocrx_word' id='word_1_272' title='bbox 822 2685 839 2712; x_wconf 94' lang='lat'><strong>,</strong></span> <span class='ocrx_word' id='word_1_273' title='bbox 888 2658 1033 2715; x_wconf 87' lang='lat' dir='ltr'><strong>regta</strong></span> <span class='ocrx_word' id='word_1_274' title='bbox 1077 2642 1459 2698; x_wconf 80' lang='lat' dir='ltr'><strong>consuetudine</strong></span> <span class='ocrx_word' id='word_1_275' title='bbox 1499 2653 1734 2693; x_wconf 77' lang='lat' dir='ltr'><strong>exerce-</strong></span> 
     </span>
    </p>
   </div>
   <div class='ocr_carea' id='block_1_43' title="bbox 151 2729 1733 2806">
    <p class='ocr_par' dir='ltr' id='par_1_43' title="bbox 151 2729 1733 2806">
     <span class='ocr_line' id='line_1_43' title="bbox 151 2729 1733 2806; baseline -0.009 -7"><span class='ocrx_word' id='word_1_276' title='bbox 151 2757 302 2806; x_wconf 73' lang='lat' dir='ltr'><strong>Inus,</strong></span> <span class='ocrx_word' id='word_1_277' title='bbox 326 2751 383 2796; x_wconf 90' lang='lat' dir='ltr'><strong>ct</strong></span> <span class='ocrx_word' id='word_1_278' title='bbox 403 2739 556 2795; x_wconf 90' lang='lat' dir='ltr'><strong>nobis</strong></span> <span class='ocrx_word' id='word_1_279' title='bbox 582 2737 648 2793; x_wconf 90' lang='lat' dir='ltr'><strong>ad</strong></span> <span class='ocrx_word' id='word_1_280' title='bbox 679 2736 890 2791; x_wconf 88' lang='lat' dir='ltr'><strong>laudem</strong></span> <span class='ocrx_word' id='word_1_281' title='bbox 915 2736 996 2790; x_wconf 88' lang='lat' dir='ltr'><strong>vel</strong></span> <span class='ocrx_word' id='word_1_282' title='bbox 1018 2732 1359 2789; x_wconf 85' lang='lat' dir='ltr'><strong>stabilitatem</strong></span> <span class='ocrx_word' id='word_1_283' title='bbox 1389 2732 1535 2802; x_wconf 92' lang='lat' dir='ltr'><strong>regni</strong></span> <span class='ocrx_word' id='word_1_284' title='bbox 1567 2729 1733 2784; x_wconf 85' lang='lat' dir='ltr'><strong>nostri</strong></span> 
     </span>
    </p>
   </div>
   <div class='ocr_carea' id='block_1_44' title="bbox 152 2822 1736 2898">
    <p class='ocr_par' dir='ltr' id='par_1_44' title="bbox 152 2822 1736 2898">
     <span class='ocr_line' id='line_1_44' title="bbox 152 2822 1736 2898; baseline -0.008 -12"><span class='ocrx_word' id='word_1_285' title='bbox 152 2833 213 2887; x_wconf 88' lang='lat' dir='ltr'><strong>in</strong></span> <span class='ocrx_word' id='word_1_286' title='bbox 250 2831 347 2885; x_wconf 90' lang='lat' dir='ltr'><strong>Dei</strong></span> <span class='ocrx_word' id='word_1_287' title='bbox 383 2831 596 2884; x_wconf 85' lang='lat' dir='ltr'><strong>nomine</strong></span> <span class='ocrx_word' id='word_1_288' title='bbox 625 2826 896 2898; x_wconf 88' lang='lat' dir='ltr'><strong>pertinere</strong></span> <span class='ocrx_word' id='word_1_289' title='bbox 933 2826 1275 2881; x_wconf 84' lang='lat' dir='ltr'><strong>conﬁdimus.</strong></span> <span class='ocrx_word' id='word_1_290' title='bbox 1322 2822 1486 2893; x_wconf 88' lang='lat' dir='ltr'><strong>Igitur</strong></span> <span class='ocrx_word' id='word_1_291' title='bbox 1516 2836 1736 2876; x_wconf 67' lang='lat' dir='ltr'><strong>venerao</strong></span> 
     </span>
    </p>
   </div>
   <div class='ocr_carea' id='block_1_45' title="bbox 161 2911 1734 2979">
    <p class='ocr_par' dir='ltr' id='par_1_45' title="bbox 161 2911 1734 2979">
     <span class='ocr_line' id='line_1_45' title="bbox 161 2911 1734 2979; baseline -0.006 -4"><span class='ocrx_word' id='word_1_292' title='bbox 161 2920 291 2975; x_wconf 83' lang='lat' dir='ltr'><strong>bilis</strong></span> <span class='ocrx_word' id='word_1_293' title='bbox 317 2918 399 2973; x_wconf 86' lang='lat' dir='ltr'><strong>vir</strong></span> <span class='ocrx_word' id='word_1_294' title='bbox 427 2917 731 2973; x_wconf 83' lang='lat' dir='ltr'><strong>Hardradus</strong></span> <span class='ocrx_word' id='word_1_295' title='bbox 755 2915 889 2970; x_wconf 88' lang='lat' dir='ltr'><strong>abba</strong></span> <span class='ocrx_word' id='word_1_296' title='bbox 919 2916 986 2970; x_wconf 90' lang='lat' dir='ltr'><strong>de</strong></span> <span class='ocrx_word' id='word_1_297' title='bbox 1026 2915 1353 2969; x_wconf 88' lang='lat' dir='ltr'><strong>monasterio</strong></span> <span class='ocrx_word' id='word_1_298' title='bbox 1383 2911 1557 2967; x_wconf 91' lang='lat' dir='ltr'><strong>Sithiu</strong></span> <span class='ocrx_word' id='word_1_299' title='bbox 1585 2952 1598 2975; x_wconf 92' lang='lat'><strong>,</strong></span> <span class='ocrx_word' id='word_1_300' title='bbox 1645 2912 1734 2979; x_wconf 90' lang='lat' dir='ltr'><strong>qtti</strong></span> 
     </span>
    </p>
   </div>
   <div class='ocr_carea' id='block_1_46' title="bbox 156 3004 1735 3080">
    <p class='ocr_par' dir='ltr' id='par_1_46' title="bbox 156 3004 1735 3080">
     <span class='ocr_line' id='line_1_46' title="bbox 156 3004 1735 3080; baseline -0.007 -13"><span class='ocrx_word' id='word_1_301' title='bbox 156 3022 251 3068; x_wconf 84' lang='lat' dir='ltr'><strong>est</strong></span> <span class='ocrx_word' id='word_1_302' title='bbox 289 3013 344 3065; x_wconf 87' lang='lat' dir='ltr'><strong>in</strong></span> <span class='ocrx_word' id='word_1_303' title='bbox 377 3025 512 3080; x_wconf 85' lang='lat' dir='ltr'><strong>pago</strong></span> <span class='ocrx_word' id='word_1_304' title='bbox 535 3009 861 3065; x_wconf 81' lang='lat' dir='ltr'><strong>Tervaninse</strong></span> <span class='ocrx_word' id='word_1_305' title='bbox 888 3007 941 3061; x_wconf 92' lang='lat' dir='ltr'><strong>in</strong></span> <span class='ocrx_word' id='word_1_306' title='bbox 974 3006 1177 3061; x_wconf 87' lang='lat' dir='ltr'><strong>honore</strong></span> <span class='ocrx_word' id='word_1_307' title='bbox 1208 3014 1408 3059; x_wconf 74' lang='lat' dir='ltr'><strong>sancta:</strong></span> <span class='ocrx_word' id='word_1_308' title='bbox 1437 3004 1617 3058; x_wconf 72' lang='lat' dir='ltr'><strong>Marirc</strong></span> <span class='ocrx_word' id='word_1_309' title='bbox 1645 3017 1735 3071; x_wconf 83' lang='lat' dir='ltr'><strong>ge-</strong></span> 
     </span>
    </p>
   </div>
   <div class='ocr_carea' id='block_1_47' title="bbox 166 3093 1734 3161">
    <p class='ocr_par' dir='ltr' id='par_1_47' title="bbox 166 3093 1734 3161">
     <span class='ocr_line' id='line_1_47' title="bbox 166 3093 1734 3161; baseline -0.007 -5"><span class='ocrx_word' id='word_1_310' title='bbox 166 3099 384 3156; x_wconf 72' lang='lat' dir='ltr'><strong>nitricis</strong></span> <span class='ocrx_word' id='word_1_311' title='bbox 412 3099 619 3154; x_wconf 64' lang='lat' dir='ltr'><strong>Domini</strong></span> <span class='ocrx_word' id='word_1_312' title='bbox 651 3098 815 3153; x_wconf 89' lang='lat' dir='ltr'><strong>nostri</strong></span> <span class='ocrx_word' id='word_1_313' title='bbox 843 3097 969 3153; x_wconf 82' lang='lat' dir='ltr'><strong>Jesu</strong></span> <span class='ocrx_word' id='word_1_314' title='bbox 996 3096 1217 3161; x_wconf 83' lang='lat' dir='ltr'><strong>Christi,</strong></span> <span class='ocrx_word' id='word_1_315' title='bbox 1247 3111 1453 3150; x_wconf 87' lang='lat' dir='ltr'><strong>necnon</strong></span> <span class='ocrx_word' id='word_1_316' title='bbox 1485 3105 1536 3148; x_wconf 88' lang='lat' dir='ltr'><strong>et</strong></span> <span class='ocrx_word' id='word_1_317' title='bbox 1565 3093 1734 3147; x_wconf 90' lang='lat' dir='ltr'><strong>sancti</strong></span> 
     </span>
    </p>
   </div>
   <div class='ocr_carea' id='block_1_48' title="bbox 165 3182 1806 3262">
    <p class='ocr_par' dir='ltr' id='par_1_48' title="bbox 165 3182 1806 3262">
     <span class='ocr_line' id='line_1_48' title="bbox 165 3182 1806 3262; baseline -0.007 -13"><span class='ocrx_word' id='word_1_318' title='bbox 165 3194 315 3250; x_wconf 88' lang='lat' dir='ltr'><strong>Petri</strong></span> <span class='ocrx_word' id='word_1_319' title='bbox 340 3200 395 3248; x_wconf 90' lang='lat' dir='ltr'><strong>et</strong></span> <span class='ocrx_word' id='word_1_320' title='bbox 418 3192 560 3247; x_wconf 85' lang='lat' dir='ltr'><strong>Pauli</strong></span> <span class='ocrx_word' id='word_1_321' title='bbox 587 3193 947 3262; x_wconf 84' lang='lat' dir='ltr'><strong>apostolorum</strong></span> <span class='ocrx_word' id='word_1_322' title='bbox 972 3191 1053 3245; x_wconf 90' lang='lat' dir='ltr'><strong>vel</strong></span> <span class='ocrx_word' id='word_1_323' title='bbox 1080 3199 1389 3246; x_wconf 61' lang='lat' dir='ltr'><strong>creterorum</strong></span> <span class='ocrx_word' id='word_1_324' title='bbox 1418 3188 1731 3241; x_wconf 89' lang='lat' dir='ltr'><strong>domnorntn</strong></span> <span class='ocrx_word' id='word_1_325' title='bbox 1759 3182 1806 3244; x_wconf 75' lang='grc' dir='ltr'><strong>ϐ</strong></span> 
     </span>
    </p>
   </div>
   <div class='ocr_carea' id='block_1_49' title="bbox 164 3280 1739 3362">
    <p class='ocr_par' dir='ltr' id='par_1_49' title="bbox 164 3280 1739 3362">
     <span class='ocr_line' id='line_1_49' title="bbox 164 3280 1739 3362; baseline -0.006 -21"><span class='ocrx_word' id='word_1_326' title='bbox 164 3295 477 3341; x_wconf 81' lang='lat' dir='ltr'><strong>sanctorum</strong></span> <span class='ocrx_word' id='word_1_327' title='bbox 508 3292 848 3362; x_wconf 76' lang='lat' dir='ltr'><strong>constructus</strong></span> <span class='ocrx_word' id='word_1_328' title='bbox 873 3323 890 3349; x_wconf 87' lang='lat'><strong>,</strong></span> <span class='ocrx_word' id='word_1_329' title='bbox 936 3283 1001 3336; x_wconf 89' lang='lat' dir='ltr'><strong>ad</strong></span> <span class='ocrx_word' id='word_1_330' title='bbox 1033 3291 1267 3335; x_wconf 86' lang='lat' dir='ltr'><strong>nostram</strong></span> <span class='ocrx_word' id='word_1_331' title='bbox 1300 3280 1561 3335; x_wconf 88' lang='lat' dir='ltr'><strong>accedens</strong></span> <span class='ocrx_word' id='word_1_332' title='bbox 1592 3295 1739 3349; x_wconf 82' lang='lat' dir='ltr'><strong>prae-</strong></span> 
     </span>
    </p>
   </div>
   <div class='ocr_carea' id='block_1_50' title="bbox 157 3368 1736 3442">
    <p class='ocr_par' dir='ltr' id='par_1_50' title="bbox 157 3368 1736 3442">
     <span class='ocr_line' id='line_1_50' title="bbox 157 3368 1736 3442; baseline -0.006 -13"><span class='ocrx_word' id='word_1_333' title='bbox 157 3372 433 3440; x_wconf 83' lang='lat' dir='ltr'><strong>sentiam,</strong></span> <span class='ocrx_word' id='word_1_334' title='bbox 475 3372 777 3429; x_wconf 62' lang='lat' dir='ltr'><strong>clementiae</strong></span> <span class='ocrx_word' id='word_1_335' title='bbox 820 3370 967 3442; x_wconf 91' lang='lat' dir='ltr'><strong>regni</strong></span> <span class='ocrx_word' id='word_1_336' title='bbox 1005 3371 1170 3425; x_wconf 80' lang='lat' dir='ltr'><strong>nostri</strong></span> <span class='ocrx_word' id='word_1_337' title='bbox 1216 3370 1480 3440; x_wconf 85' lang='lat' dir='ltr'><strong>suggessit</strong></span> <span class='ocrx_word' id='word_1_338' title='bbox 1508 3383 1573 3423; x_wconf 90' lang='lat' dir='ltr'><strong>eo</strong></span> <span class='ocrx_word' id='word_1_339' title='bbox 1601 3368 1736 3435; x_wconf 89' lang='lat' dir='ltr'><strong>quod</strong></span> 
     </span>
    </p>
   </div>
   <div class='ocr_carea' id='block_1_51' title="bbox 161 3457 1741 3534">
    <p class='ocr_par' dir='ltr' id='par_1_51' title="bbox 161 3457 1741 3534">
     <span class='ocr_line' id='line_1_51' title="bbox 161 3457 1741 3534; baseline -0.004 -15"><span class='ocrx_word' id='word_1_340' title='bbox 161 3476 531 3520; x_wconf 83' lang='lat' dir='ltr'><strong>antecessores</strong></span> <span class='ocrx_word' id='word_1_341' title='bbox 559 3463 707 3534; x_wconf 89' lang='lat' dir='ltr'><strong>regni</strong></span> <span class='ocrx_word' id='word_1_342' title='bbox 739 3463 905 3518; x_wconf 91' lang='lat' dir='ltr'><strong>nostri</strong></span> <span class='ocrx_word' id='word_1_343' title='bbox 952 3477 1106 3532; x_wconf 89' lang='lat' dir='ltr'><strong>reges</strong></span> <span class='ocrx_word' id='word_1_344' title='bbox 1134 3461 1201 3515; x_wconf 89' lang='lat' dir='ltr'><strong>de</strong></span> <span class='ocrx_word' id='word_1_345' title='bbox 1228 3474 1416 3515; x_wconf 89' lang='lat' dir='ltr'><strong>omnes</strong></span> <span class='ocrx_word' id='word_1_346' title='bbox 1442 3470 1624 3514; x_wconf 86' lang='lat' dir='ltr'><strong>curtes</strong></span> <span class='ocrx_word' id='word_1_347' title='bbox 1655 3457 1741 3513; x_wconf 90' lang='lat' dir='ltr'><strong>vel</strong></span> 
     </span>
    </p>
   </div>
   <div class='ocr_carea' id='block_1_52' title="bbox 168 3551 1743 3623">
    <p class='ocr_par' dir='ltr' id='par_1_52' title="bbox 168 3551 1743 3623">
     <span class='ocr_line' id='line_1_52' title="bbox 168 3551 1743 3623; baseline -0.003 -17"><span class='ocrx_word' id='word_1_348' title='bbox 168 3555 323 3609; x_wconf 85' lang='lat' dir='ltr'><strong>villas</strong></span> <span class='ocrx_word' id='word_1_349' title='bbox 364 3554 533 3623; x_wconf 86' lang='lat' dir='ltr'><strong>ipsius</strong></span> <span class='ocrx_word' id='word_1_350' title='bbox 580 3552 931 3622; x_wconf 88' lang='lat' dir='ltr'><strong>monasterii,</strong></span> <span class='ocrx_word' id='word_1_351' title='bbox 983 3551 1231 3622; x_wconf 89' lang='lat' dir='ltr'><strong>quicquid</strong></span> <span class='ocrx_word' id='word_1_352' title='bbox 1272 3551 1460 3605; x_wconf 88' lang='lat' dir='ltr'><strong>eodem</strong></span> <span class='ocrx_word' id='word_1_353' title='bbox 1503 3559 1743 3617; x_wconf 90' lang='lat' dir='ltr'><strong>tempore</strong></span> 
     </span>
    </p>
   </div>
   <div class='ocr_carea' id='block_1_53' title="bbox 170 3643 1742 3716">
    <p class='ocr_par' dir='ltr' id='par_1_53' title="bbox 170 3643 1742 3716">
     <span class='ocr_line' id='line_1_53' title="bbox 170 3643 1742 3716; baseline -0.006 -15"><span class='ocrx_word' id='word_1_354' title='bbox 170 3646 539 3716; x_wconf 80' lang='lat' dir='ltr'><strong>possidebant,</strong></span> <span class='ocrx_word' id='word_1_355' title='bbox 572 3652 666 3699; x_wconf 87' lang='lat' dir='ltr'><strong>aut</strong></span> <span class='ocrx_word' id='word_1_356' title='bbox 693 3645 869 3699; x_wconf 86' lang='lat' dir='ltr'><strong>adhuc</strong></span> <span class='ocrx_word' id='word_1_357' title='bbox 917 3643 1129 3698; x_wconf 87' lang='lat' dir='ltr'><strong>inantea</strong></span> <span class='ocrx_word' id='word_1_358' title='bbox 1158 3658 1225 3697; x_wconf 83' lang='lat' dir='ltr'><strong>ex</strong></span> <span class='ocrx_word' id='word_1_359' title='bbox 1280 3657 1497 3696; x_wconf 89' lang='lat' dir='ltr'><strong>munere</strong></span> <span class='ocrx_word' id='word_1_360' title='bbox 1526 3656 1742 3710; x_wconf 86' lang='lat' dir='ltr'><strong>regum,</strong></span> 
     </span>
    </p>
   </div>
   <div class='ocr_carea' id='block_1_54' title="bbox 172 3733 1741 3808">
    <p class='ocr_par' dir='ltr' id='par_1_54' title="bbox 172 3733 1741 3808">
     <span class='ocr_line' id='line_1_54' title="bbox 172 3733 1741 3808; baseline -0.003 -19"><span class='ocrx_word' id='word_1_361' title='bbox 172 3738 260 3792; x_wconf 83' lang='lat' dir='ltr'><strong>vel</strong></span> <span class='ocrx_word' id='word_1_362' title='bbox 289 3738 481 3793; x_wconf 85' lang='lat' dir='ltr'><strong>collata</strong></span> <span class='ocrx_word' id='word_1_363' title='bbox 515 3737 695 3808; x_wconf 60' lang='grc' dir='ltr'><strong>βορειί</strong></span> <span class='ocrx_word' id='word_1_364' title='bbox 719 3776 737 3804; x_wconf 84' lang='grc'><em>,</em></span> <span class='ocrx_word' id='word_1_365' title='bbox 783 3750 878 3791; x_wconf 88' lang='lat' dir='ltr'><strong>seu</strong></span> <span class='ocrx_word' id='word_1_366' title='bbox 910 3736 977 3791; x_wconf 91' lang='lat' dir='ltr'><strong>de</strong></span> <span class='ocrx_word' id='word_1_367' title='bbox 1008 3743 1347 3803; x_wconf 89' lang='lat' dir='ltr'><strong>comparato,</strong></span> <span class='ocrx_word' id='word_1_368' title='bbox 1396 3740 1490 3787; x_wconf 90' lang='lat' dir='ltr'><strong>ant</strong></span> <span class='ocrx_word' id='word_1_369' title='bbox 1515 3733 1580 3787; x_wconf 88' lang='lat' dir='ltr'><strong>de</strong></span> <span class='ocrx_word' id='word_1_370' title='bbox 1610 3746 1741 3800; x_wconf 84' lang='lat' dir='ltr'><strong>quo-</strong></span> 
     </span>
    </p>
   </div>
   <div class='ocr_carea' id='block_1_55' title="bbox 164 3823 1746 3899">
    <p class='ocr_par' dir='ltr' id='par_1_55' title="bbox 164 3823 1746 3899">
     <span class='ocr_line' id='line_1_55' title="bbox 164 3823 1746 3899; baseline -0.006 -14"><span class='ocrx_word' id='word_1_371' title='bbox 164 3827 302 3885; x_wconf 83' lang='lat' dir='ltr'><strong>libet</strong></span> <span class='ocrx_word' id='word_1_372' title='bbox 347 3837 578 3883; x_wconf 87' lang='lat' dir='ltr'><strong>attracto</strong></span> <span class='ocrx_word' id='word_1_373' title='bbox 627 3828 680 3882; x_wconf 91' lang='lat' dir='ltr'><strong>in</strong></span> <span class='ocrx_word' id='word_1_374' title='bbox 728 3826 1054 3899; x_wconf 85' lang='lat' dir='ltr'><strong>quibuslibet</strong></span> <span class='ocrx_word' id='word_1_375' title='bbox 1093 3827 1243 3896; x_wconf 88' lang='lat' dir='ltr'><strong>pagis</strong></span> <span class='ocrx_word' id='word_1_376' title='bbox 1272 3833 1432 3893; x_wconf 89' lang='lat' dir='ltr'><strong>atque</strong></span> <span class='ocrx_word' id='word_1_377' title='bbox 1464 3823 1746 3877; x_wconf 89' lang='lat' dir='ltr'><strong>territoriis</strong></span> 
     </span>
    </p>
   </div>
   <div class='ocr_carea' id='block_1_56' title="bbox 160 3912 1748 3983">
    <p class='ocr_par' dir='ltr' id='par_1_56' title="bbox 160 3912 1748 3983">
     <span class='ocr_line' id='line_1_56' title="bbox 160 3912 1748 3983; baseline -0.006 -7"><span class='ocrx_word' id='word_1_378' title='bbox 160 3917 299 3976; x_wconf 73' lang='lat' dir='ltr'><strong>inibi</strong></span> <span class='ocrx_word' id='word_1_379' title='bbox 326 3925 447 3972; x_wconf 87' lang='lat' dir='ltr'><strong>erat</strong></span> <span class='ocrx_word' id='word_1_380' title='bbox 473 3917 709 3972; x_wconf 88' lang='lat' dir='ltr'><strong>additum</strong></span> <span class='ocrx_word' id='word_1_381' title='bbox 742 3917 822 3970; x_wconf 88' lang='lat' dir='ltr'><strong>vel</strong></span> <span class='ocrx_word' id='word_1_382' title='bbox 871 3916 1122 3970; x_wconf 88' lang='lat' dir='ltr'><strong>collatum</strong></span> <span class='ocrx_word' id='word_1_383' title='bbox 1148 3955 1165 3981; x_wconf 88' lang='lat'><strong>,</strong></span> <span class='ocrx_word' id='word_1_384' title='bbox 1210 3914 1412 3983; x_wconf 82' lang='lat' dir='ltr'><strong>integra</strong></span> <span class='ocrx_word' id='word_1_385' title='bbox 1457 3912 1748 3980; x_wconf 84' lang='lat' dir='ltr'><strong>emunitate</strong></span> 
     </span>
    </p>
   </div>
   <div class='ocr_carea' id='block_1_57' title="bbox 164 4003 1743 4069">
    <p class='ocr_par' dir='ltr' id='par_1_57' title="bbox 164 4003 1743 4069">
     <span class='ocr_line' id='line_1_57' title="bbox 164 4003 1743 4069; baseline -0.004 -6"><span class='ocrx_word' id='word_1_386' title='bbox 164 4009 609 4064; x_wconf 85' lang='lat' dir='ltr'><strong>antecessoribus</strong></span> <span class='ocrx_word' id='word_1_387' title='bbox 634 4009 746 4062; x_wconf 88' lang='lat' dir='ltr'><strong>suis</strong></span> <span class='ocrx_word' id='word_1_388' title='bbox 775 4008 858 4063; x_wconf 91' lang='lat' dir='ltr'><strong>vel</strong></span> <span class='ocrx_word' id='word_1_389' title='bbox 900 4007 964 4060; x_wconf 89' lang='lat' dir='ltr'><strong>ad</strong></span> <span class='ocrx_word' id='word_1_390' title='bbox 997 4006 1378 4069; x_wconf 78' lang='lat' dir='ltr'><strong>monasterium</strong></span> <span class='ocrx_word' id='word_1_391' title='bbox 1407 4003 1580 4058; x_wconf 88' lang='lat' dir='ltr'><strong>Sithiu</strong></span> <span class='ocrx_word' id='word_1_392' title='bbox 1609 4018 1743 4056; x_wconf 86' lang='lat' dir='ltr'><strong>con-</strong></span> 
     </span>
    </p>
   </div>
   <div class='ocr_carea' id='block_1_58' title="bbox 165 4094 1749 4169">
    <p class='ocr_par' dir='ltr' id='par_1_58' title="bbox 165 4094 1749 4169">
     <span class='ocr_line' id='line_1_58' title="bbox 165 4094 1749 4169; baseline -0.004 -15"><span class='ocrx_word' id='word_1_393' title='bbox 165 4099 453 4165; x_wconf 83' lang='lat' dir='ltr'><strong>cessisset,</strong></span> <span class='ocrx_word' id='word_1_394' title='bbox 488 4110 545 4154; x_wconf 89' lang='lat' dir='ltr'><strong>ut</strong></span> <span class='ocrx_word' id='word_1_395' title='bbox 575 4100 752 4154; x_wconf 90' lang='lat' dir='ltr'><strong>nullus</strong></span> <span class='ocrx_word' id='word_1_396' title='bbox 774 4097 936 4169; x_wconf 83' lang='lat' dir='ltr'><strong>judex</strong></span> <span class='ocrx_word' id='word_1_397' title='bbox 969 4097 1210 4166; x_wconf 90' lang='lat' dir='ltr'><strong>publicus</strong></span> <span class='ocrx_word' id='word_1_398' title='bbox 1240 4096 1434 4150; x_wconf 89' lang='lat' dir='ltr'><strong>ibidem</strong></span> <span class='ocrx_word' id='word_1_399' title='bbox 1465 4094 1529 4148; x_wconf 90' lang='lat' dir='ltr'><strong>ad</strong></span> <span class='ocrx_word' id='word_1_400' title='bbox 1559 4106 1749 4147; x_wconf 86' lang='lat' dir='ltr'><strong>causas</strong></span> 
     </span>
    </p>
   </div>
   <div class='ocr_carea' id='block_1_59' title="bbox 168 4188 1744 4258">
    <p class='ocr_par' dir='ltr' id='par_1_59' title="bbox 168 4188 1744 4258">
     <span class='ocr_line' id='line_1_59' title="bbox 168 4188 1744 4258; baseline -0.004 -12"><span class='ocrx_word' id='word_1_401' title='bbox 168 4193 492 4258; x_wconf 87' lang='lat' dir='ltr'><strong>audiendas,</strong></span> <span class='ocrx_word' id='word_1_402' title='bbox 524 4205 613 4247; x_wconf 88' lang='lat' dir='ltr'><strong>aut</strong></span> <span class='ocrx_word' id='word_1_403' title='bbox 646 4192 782 4247; x_wconf 84' lang='lat' dir='ltr'><strong>freta</strong></span> <span class='ocrx_word' id='word_1_404' title='bbox 815 4190 1128 4255; x_wconf 83' lang='lat' dir='ltr'><strong>exactanda,</strong></span> <span class='ocrx_word' id='word_1_405' title='bbox 1158 4190 1241 4244; x_wconf 91' lang='lat' dir='ltr'><strong>vel</strong></span> <span class='ocrx_word' id='word_1_406' title='bbox 1272 4188 1616 4257; x_wconf 80' lang='lat' dir='ltr'><strong>ﬁdeiussores</strong></span> <span class='ocrx_word' id='word_1_407' title='bbox 1647 4188 1744 4240; x_wconf 90' lang='lat' dir='ltr'><strong>tol-</strong></span> 
     </span>
    </p>
   </div>
   <div class='ocr_carea' id='block_1_60' title="bbox 166 4278 1753 4351">
    <p class='ocr_par' dir='ltr' id='par_1_60' title="bbox 166 4278 1753 4351">
     <span class='ocr_line' id='line_1_60' title="bbox 166 4278 1753 4351; baseline -0.004 -13"><span class='ocrx_word' id='word_1_408' title='bbox 166 4284 386 4351; x_wconf 87' lang='lat' dir='ltr'><strong>lendos,</strong></span> <span class='ocrx_word' id='word_1_409' title='bbox 421 4285 505 4338; x_wconf 88' lang='lat' dir='ltr'><strong>vel</strong></span> <span class='ocrx_word' id='word_1_410' title='bbox 555 4283 859 4340; x_wconf 85' lang='lat' dir='ltr'><strong>mansiones</strong></span> <span class='ocrx_word' id='word_1_411' title='bbox 909 4292 1000 4338; x_wconf 89' lang='lat' dir='ltr'><strong>aut</strong></span> <span class='ocrx_word' id='word_1_412' title='bbox 1050 4291 1261 4351; x_wconf 86' lang='lat' dir='ltr'><strong>paratas</strong></span> <span class='ocrx_word' id='word_1_413' title='bbox 1290 4278 1600 4344; x_wconf 79' lang='lat' dir='ltr'><strong>faciendas,</strong></span> <span class='ocrx_word' id='word_1_414' title='bbox 1653 4293 1753 4333; x_wconf 88' lang='lat' dir='ltr'><strong>nec</strong></span> 
     </span>
    </p>
   </div>
   <div class='ocr_carea' id='block_1_61' title="bbox 171 4363 1754 4445">
    <p class='ocr_par' dir='ltr' id='par_1_61' title="bbox 171 4363 1754 4445">
     <span class='ocr_line' id='line_1_61' title="bbox 171 4363 1754 4445; baseline -0.004 -16"><span class='ocrx_word' id='word_1_415' title='bbox 171 4363 423 4431; x_wconf 63' lang='lat' dir='ltr'><strong>homines</strong></span> <span class='ocrx_word' id='word_1_416' title='bbox 471 4376 643 4445; x_wconf 87' lang='lat' dir='ltr'><strong>ipsius</strong></span> <span class='ocrx_word' id='word_1_417' title='bbox 690 4375 997 4431; x_wconf 88' lang='lat' dir='ltr'><strong>monasterii</strong></span> <span class='ocrx_word' id='word_1_418' title='bbox 1042 4382 1149 4429; x_wconf 88' lang='lat' dir='ltr'><strong>tam</strong></span> <span class='ocrx_word' id='word_1_419' title='bbox 1194 4374 1456 4443; x_wconf 89' lang='lat' dir='ltr'><strong>ingenuos</strong></span> <span class='ocrx_word' id='word_1_420' title='bbox 1496 4387 1655 4441; x_wconf 85' lang='lat' dir='ltr'><strong>quam</strong></span> <span class='ocrx_word' id='word_1_421' title='bbox 1700 4380 1754 4425; x_wconf 90' lang='lat' dir='ltr'><strong>et</strong></span> 
     </span>
    </p>
   </div>
   <div class='ocr_carea' id='block_1_62' title="bbox 172 4462 1755 4538">
    <p class='ocr_par' dir='ltr' id='par_1_62' title="bbox 172 4462 1755 4538">
     <span class='ocr_line' id='line_1_62' title="bbox 172 4462 1755 4538; baseline -0.004 -17"><span class='ocrx_word' id='word_1_422' title='bbox 172 4468 499 4533; x_wconf 77' lang='lat' dir='ltr'><strong>servientes,</strong></span> <span class='ocrx_word' id='word_1_423' title='bbox 521 4469 609 4538; x_wconf 88' lang='lat' dir='ltr'><strong>qui</strong></span> <span class='ocrx_word' id='word_1_424' title='bbox 638 4482 796 4536; x_wconf 87' lang='lat' dir='ltr'><strong>super</strong></span> <span class='ocrx_word' id='word_1_425' title='bbox 818 4476 987 4521; x_wconf 87' lang='lat' dir='ltr'><strong>terras</strong></span> <span class='ocrx_word' id='word_1_426' title='bbox 1008 4479 1134 4521; x_wconf 89' lang='lat' dir='ltr'><strong>suas</strong></span> <span class='ocrx_word' id='word_1_427' title='bbox 1155 4473 1515 4531; x_wconf 78' lang='lat' dir='ltr'><strong>commonent,</strong></span> <span class='ocrx_word' id='word_1_428' title='bbox 1540 4462 1755 4517; x_wconf 89' lang='lat' dir='ltr'><strong>distrin-</strong></span> 
     </span>
    </p>
   </div>
   <div class='ocr_carea' id='block_1_63' title="bbox 1831 1883 3414 1954">
    <p class='ocr_par' dir='ltr' id='par_1_63' title="bbox 1831 1883 3414 1954">
     <span class='ocr_line' id='line_1_63' title="bbox 1831 1883 3414 1954; baseline -0.004 -12"><span class='ocrx_word' id='word_1_429' title='bbox 1831 1899 2073 1954; x_wconf 87' lang='lat' dir='ltr'><strong>tempore</strong></span> <span class='ocrx_word' id='word_1_430' title='bbox 2121 1888 2233 1954; x_wconf 85' lang='lat' dir='ltr'><strong>ipsa</strong></span> <span class='ocrx_word' id='word_1_431' title='bbox 2266 1886 2518 1941; x_wconf 84' lang='lat' dir='ltr'><strong>beneﬁcia</strong></span> <span class='ocrx_word' id='word_1_432' title='bbox 2552 1900 2804 1941; x_wconf 85' lang='lat' dir='ltr'><strong>concessa</strong></span> <span class='ocrx_word' id='word_1_433' title='bbox 2839 1884 2890 1938; x_wconf 92' lang='lat' dir='ltr'><strong>in</strong></span> <span class='ocrx_word' id='word_1_434' title='bbox 2920 1884 3170 1938; x_wconf 89' lang='lat' dir='ltr'><strong>omnibus</strong></span> <span class='ocrx_word' id='word_1_435' title='bbox 3201 1883 3414 1936; x_wconf 89' lang='lat' dir='ltr'><strong>valeant</strong></span> 
     </span>
    </p>
   </div>
   <div class='ocr_carea' id='block_1_64' title="bbox 1830 1966 3412 2045">
    <p class='ocr_par' dir='ltr' id='par_1_64' title="bbox 1830 1966 3412 2045">
     <span class='ocr_line' id='line_1_64' title="bbox 1830 1966 3412 2045; baseline -0.006 -12"><span class='ocrx_word' id='word_1_436' title='bbox 1830 1994 1949 2033; x_wconf 89' lang='lat' dir='ltr'><strong>csse</strong></span> <span class='ocrx_word' id='word_1_437' title='bbox 1973 1987 2323 2043; x_wconf 89' lang='lat' dir='ltr'><strong>conservata;</strong></span> <span class='ocrx_word' id='word_1_438' title='bbox 2355 1987 2410 2032; x_wconf 91' lang='lat' dir='ltr'><strong>et</strong></span> <span class='ocrx_word' id='word_1_439' title='bbox 2439 1977 2635 2031; x_wconf 82' lang='lat' dir='ltr'><strong>nullam</strong></span> <span class='ocrx_word' id='word_1_440' title='bbox 2664 1966 3098 2045; x_wconf 81' lang='lat' dir='ltr'><strong>refragationem,</strong></span> <span class='ocrx_word' id='word_1_441' title='bbox 3123 1988 3222 2029; x_wconf 93' lang='lat' dir='ltr'><strong>nec</strong></span> <span class='ocrx_word' id='word_1_442' title='bbox 3248 1973 3412 2025; x_wconf 87' lang='lat' dir='ltr'><strong>ullum</strong></span> 
     </span>
    </p>
   </div>
   <div class='ocr_carea' id='block_1_65' title="bbox 1831 2064 3411 2137">
    <p class='ocr_par' dir='ltr' id='par_1_65' title="bbox 1831 2064 3411 2137">
     <span class='ocr_line' id='line_1_65' title="bbox 1831 2064 3411 2137; baseline -0.004 -15"><span class='ocrx_word' id='word_1_443' title='bbox 1831 2069 2273 2137; x_wconf 82' lang='lat' dir='ltr'><strong>impedimentum</strong></span> <span class='ocrx_word' id='word_1_444' title='bbox 2305 2082 2334 2121; x_wconf 89' lang='lat' dir='ltr'><strong>a</strong></span> <span class='ocrx_word' id='word_1_445' title='bbox 2363 2066 2637 2136; x_wconf 79' lang='lat' dir='ltr'><strong>iudicibus</strong></span> <span class='ocrx_word' id='word_1_446' title='bbox 2665 2066 2888 2135; x_wconf 76' lang='lat' dir='ltr'><strong>publicis</strong></span> <span class='ocrx_word' id='word_1_447' title='bbox 2919 2064 3113 2119; x_wconf 84' lang='lat' dir='ltr'><strong>exinde</strong></span> <span class='ocrx_word' id='word_1_448' title='bbox 3146 2076 3411 2132; x_wconf 87' lang='lat' dir='ltr'><strong>quoquam</strong></span> 
     </span>
    </p>
   </div>
   <div class='ocr_carea' id='block_1_66' title="bbox 1835 2154 3411 2228">
    <p class='ocr_par' dir='ltr' id='par_1_66' title="bbox 1835 2154 3411 2228">
     <span class='ocr_line' id='line_1_66' title="bbox 1835 2154 3411 2228; baseline -0.004 -14"><span class='ocrx_word' id='word_1_449' title='bbox 1835 2169 2076 2228; x_wconf 89' lang='lat' dir='ltr'><strong>tempore</strong></span> <span class='ocrx_word' id='word_1_450' title='bbox 2107 2159 2305 2214; x_wconf 88' lang='lat' dir='ltr'><strong>habere</strong></span> <span class='ocrx_word' id='word_1_451' title='bbox 2349 2173 2454 2212; x_wconf 89' lang='lat' dir='ltr'><strong>non</strong></span> <span class='ocrx_word' id='word_1_452' title='bbox 2498 2159 2917 2226; x_wconf 84' lang='lat' dir='ltr'><strong>pertimescant;</strong></span> <span class='ocrx_word' id='word_1_453' title='bbox 2966 2154 3104 2209; x_wconf 89' lang='lat' dir='ltr'><strong>unde</strong></span> <span class='ocrx_word' id='word_1_454' title='bbox 3135 2156 3251 2222; x_wconf 80' lang='lat' dir='ltr'><strong>ipsa</strong></span> <span class='ocrx_word' id='word_1_455' title='bbox 3281 2168 3411 2207; x_wconf 84' lang='lat' dir='ltr'><strong>con-</strong></span> 
     </span>
    </p>
   </div>
   <div class='ocr_carea' id='block_1_67' title="bbox 1838 2243 3409 2319">
    <p class='ocr_par' dir='ltr' id='par_1_67' title="bbox 1838 2243 3409 2319">
     <span class='ocr_line' id='line_1_67' title="bbox 1838 2243 3409 2319; baseline -0.007 -15"><span class='ocrx_word' id='word_1_456' title='bbox 1838 2249 2080 2319; x_wconf 79' lang='lat' dir='ltr'><strong>gregatio</strong></span> <span class='ocrx_word' id='word_1_457' title='bbox 2112 2264 2207 2315; x_wconf 88' lang='lat' dir='ltr'><strong>pro</strong></span> <span class='ocrx_word' id='word_1_458' title='bbox 2238 2247 2526 2302; x_wconf 89' lang='lat' dir='ltr'><strong>stabilitate</strong></span> <span class='ocrx_word' id='word_1_459' title='bbox 2570 2247 2717 2315; x_wconf 84' lang='lat' dir='ltr'><strong>regni</strong></span> <span class='ocrx_word' id='word_1_460' title='bbox 2762 2245 2964 2309; x_wconf 89' lang='lat' dir='ltr'><strong>nostri,</strong></span> <span class='ocrx_word' id='word_1_461' title='bbox 2997 2244 3081 2299; x_wconf 86' lang='lat' dir='ltr'><strong>vel</strong></span> <span class='ocrx_word' id='word_1_462' title='bbox 3110 2243 3291 2319; x_wconf 66' lang='lat' dir='ltr'><strong>salutew</strong></span> <span class='ocrx_word' id='word_1_463' title='bbox 3312 2255 3409 2309; x_wconf 85' lang='lat' dir='ltr'><strong>pa-</strong></span> 
     </span>
    </p>
   </div>
   <div class='ocr_carea' id='block_1_68' title="bbox 1836 2316 3405 2404">
    <p class='ocr_par' dir='ltr' id='par_1_68' title="bbox 1836 2316 3405 2404">
     <span class='ocr_line' id='line_1_68' title="bbox 1836 2316 3405 2404; baseline -0.009 -9"><span class='ocrx_word' id='word_1_464' title='bbox 1836 2340 1955 2404; x_wconf 68' lang='lat' dir='ltr'><strong>tria:</strong></span> <span class='ocrx_word' id='word_1_465' title='bbox 1989 2339 2197 2393; x_wconf 91' lang='lat' dir='ltr'><strong>Domini</strong></span> <span class='ocrx_word' id='word_1_466' title='bbox 2231 2335 2650 2393; x_wconf 86' lang='lat' dir='ltr'><strong>misericordiam</strong></span> <span class='ocrx_word' id='word_1_467' title='bbox 2677 2334 2877 2404; x_wconf 86' lang='lat' dir='ltr'><strong>jugiter</strong></span> <span class='ocrx_word' id='word_1_468' title='bbox 2906 2332 3136 2387; x_wconf 81' lang='lat' dir='ltr'><strong>debeant</strong></span> <span class='ocrx_word' id='word_1_469' title='bbox 3161 2316 3405 2384; x_wconf 77' lang='lat' dir='ltr'><strong>exorare.</strong></span> 
     </span>
    </p>
   </div>
   <div class='ocr_carea' id='block_1_69' title="bbox 1836 2419 3410 2489">
    <p class='ocr_par' dir='ltr' id='par_1_69' title="bbox 1836 2419 3410 2489">
     <span class='ocr_line' id='line_1_69' title="bbox 1836 2419 3410 2489; baseline -0.008 -5"><span class='ocrx_word' id='word_1_470' title='bbox 1836 2430 1904 2484; x_wconf 89' lang='lat' dir='ltr'><strong>Et</strong></span> <span class='ocrx_word' id='word_1_471' title='bbox 1931 2440 1985 2483; x_wconf 90' lang='lat' dir='ltr'><strong>ut</strong></span> <span class='ocrx_word' id='word_1_472' title='bbox 2017 2429 2129 2481; x_wconf 75' lang='lat' dir='ltr'><strong>lucc</strong></span> <span class='ocrx_word' id='word_1_473' title='bbox 2156 2427 2443 2482; x_wconf 83' lang='lat' dir='ltr'><strong>auctoritas</strong></span> <span class='ocrx_word' id='word_1_474' title='bbox 2471 2424 2674 2479; x_wconf 83' lang='lat' dir='ltr'><strong>ﬁrmior</strong></span> <span class='ocrx_word' id='word_1_475' title='bbox 2701 2424 2977 2489; x_wconf 83' lang='lat' dir='ltr'><strong>habeatur,</strong></span> <span class='ocrx_word' id='word_1_476' title='bbox 3003 2431 3052 2477; x_wconf 90' lang='lat' dir='ltr'><strong>et</strong></span> <span class='ocrx_word' id='word_1_477' title='bbox 3082 2421 3133 2474; x_wconf 92' lang='lat' dir='ltr'><strong>in</strong></span> <span class='ocrx_word' id='word_1_478' title='bbox 3161 2419 3410 2473; x_wconf 79' lang='lat' dir='ltr'><strong>omnibus</strong></span> 
     </span>
    </p>
   </div>
   <div class='ocr_carea' id='block_1_70' title="bbox 1833 2509 3411 2579">
    <p class='ocr_par' dir='ltr' id='par_1_70' title="bbox 1833 2509 3411 2579">
     <span class='ocr_line' id='line_1_70' title="bbox 1833 2509 3411 2579; baseline -0.007 -4"><span class='ocrx_word' id='word_1_479' title='bbox 1833 2529 2202 2579; x_wconf 82' lang='lat' dir='ltr'><strong>conservetur.</strong></span> <span class='ocrx_word' id='word_1_480' title='bbox 2243 2532 2431 2571; x_wconf 88' lang='lat' dir='ltr'><strong>manus</strong></span> <span class='ocrx_word' id='word_1_481' title='bbox 2463 2525 2663 2571; x_wconf 66' lang='lat' dir='ltr'><strong>nostra:</strong></span> <span class='ocrx_word' id='word_1_482' title='bbox 2694 2513 3142 2569; x_wconf 63' lang='lat' dir='ltr'><strong>susct‘ibttunibus</strong></span> <span class='ocrx_word' id='word_1_483' title='bbox 3170 2526 3286 2564; x_wconf 84' lang='lat' dir='ltr'><strong>cum</strong></span> <span class='ocrx_word' id='word_1_484' title='bbox 3317 2509 3411 2564; x_wconf 86' lang='lat' dir='ltr'><strong>de-</strong></span> 
     </span>
    </p>
   </div>
   <div class='ocr_carea' id='block_1_71' title="bbox 1833 2608 2407 2667">
    <p class='ocr_par' dir='ltr' id='par_1_71' title="bbox 1833 2608 2407 2667">
     <span class='ocr_line' id='line_1_71' title="bbox 1833 2608 2407 2667; baseline -0.012 0"><span class='ocrx_word' id='word_1_485' title='bbox 1833 2610 2099 2667; x_wconf 87' lang='lat' dir='ltr'><strong>crevimus</strong></span> <span class='ocrx_word' id='word_1_486' title='bbox 2135 2608 2407 2662; x_wconf 88' lang='lat' dir='ltr'><strong>rnborare.</strong></span> 
     </span>
    </p>
   </div>
   <div class='ocr_carea' id='block_1_72' title="bbox 1905 2695 2940 2769">
    <p class='ocr_par' dir='ltr' id='par_1_72' title="bbox 1905 2695 2940 2769">
     <span class='ocr_line' id='line_1_72' title="bbox 1905 2695 2940 2769; baseline -0.004 -16"><span class='ocrx_word' id='word_1_487' title='bbox 1905 2699 2125 2769; x_wconf 75' lang='lat' dir='ltr'><strong>Signum</strong></span> <span class='ocrx_word' id='word_1_488' title='bbox 2162 2697 2342 2751; x_wconf 79' lang='lat' dir='ltr'><strong>Karoli</strong></span> <span class='ocrx_word' id='word_1_489' title='bbox 2374 2695 2748 2766; x_wconf 86' lang='lat' dir='ltr'><strong>gloriosissimi</strong></span> <span class='ocrx_word' id='word_1_490' title='bbox 2779 2695 2940 2764; x_wconf 85' lang='lat' dir='ltr'><strong>regis.</strong></span> 
     </span>
    </p>
   </div>
   <div class='ocr_carea' id='block_1_73' title="bbox 1909 2781 3410 2858">
    <p class='ocr_par' dir='ltr' id='par_1_73' title="bbox 1909 2781 3410 2858">
     <span class='ocr_line' id='line_1_73' title="bbox 1909 2781 3410 2858; baseline -0.007 -14"><span class='ocrx_word' id='word_1_491' title='bbox 1909 2790 2037 2844; x_wconf 88' lang='lat' dir='ltr'><strong>Data</strong></span> <span class='ocrx_word' id='word_1_492' title='bbox 2067 2804 2252 2844; x_wconf 90' lang='lat' dir='ltr'><strong>mense</strong></span> <span class='ocrx_word' id='word_1_493' title='bbox 2274 2788 2437 2858; x_wconf 81' lang='lat' dir='ltr'><strong>Julio,</strong></span> <span class='ocrx_word' id='word_1_494' title='bbox 2462 2782 2602 2842; x_wconf 77' lang='lat' dir='ltr'><strong>anno</strong></span> <span class='ocrx_word' id='word_1_495' title='bbox 2630 2787 2800 2855; x_wconf 89' lang='lat' dir='ltr'><strong>primo</strong></span> <span class='ocrx_word' id='word_1_496' title='bbox 2827 2785 2974 2857; x_wconf 88' lang='lat' dir='ltr'><strong>regni</strong></span> <span class='ocrx_word' id='word_1_497' title='bbox 3000 2783 3187 2839; x_wconf 90' lang='lat' dir='ltr'><strong>nostri.</strong></span> <span class='ocrx_word' id='word_1_498' title='bbox 3223 2781 3410 2834; x_wconf 84' lang='lat' dir='ltr'><strong>Actum</strong></span> 
     </span>
    </p>
   </div>
   <div class='ocr_carea' id='block_1_74' title="bbox 1835 2881 2640 3000">
    <p class='ocr_par' dir='ltr' id='par_1_74' title="bbox 1835 2881 2640 3000">
     <span class='ocr_line' id='line_1_74' title="bbox 1835 2881 2640 3000; baseline -0.006 -63"><span class='ocrx_word' id='word_1_499' title='bbox 1835 2883 1865 2923; x_wconf 73' lang='grc' dir='ltr'><strong>ι’</strong></span> <span class='ocrx_word' id='word_1_500' title='bbox 1889 2881 2149 2937; x_wconf 82' lang='lat' dir='ltr'><strong>Andiaco.</strong></span> <span class='ocrx_word' id='word_1_501' title='bbox 2578 2944 2640 3000; x_wconf 62' lang='lat' dir='ltr'><strong>Vl</strong></span> 
     </span>
    </p>
   </div>
   <div class='ocr_carea' id='block_1_75' title="bbox 1840 3016 3414 3109">
    <p class='ocr_par' dir='ltr' id='par_1_75' title="bbox 1840 3016 3414 3109">
     <span class='ocr_line' id='line_1_75' title="bbox 1840 3016 3414 3109; baseline -0.008 -16"><span class='ocrx_word' id='word_1_502' title='bbox 1840 3039 2079 3109; x_wconf 82' lang='lat' dir='ltr'><strong>Diploma</strong></span> <span class='ocrx_word' id='word_1_503' title='bbox 2108 3039 2280 3093; x_wconf 81' lang='lat' dir='ltr'><strong>Caroli</strong></span> <span class='ocrx_word' id='word_1_504' title='bbox 2311 3016 2618 3109; x_wconf 55' lang='lat' dir='ltr'><strong>Hagnipro</strong></span> <span class='ocrx_word' id='word_1_505' title='bbox 2644 3032 2992 3109; x_wconf 54' lang='lat' dir='ltr'><strong>Andeqnucnsi</strong></span> <span class='ocrx_word' id='word_1_506' title='bbox 3019 3042 3041 3070; x_wconf 62' lang='grc' dir='ltr'>οῖ</span> <span class='ocrx_word' id='word_1_507' title='bbox 3077 3030 3138 3086; x_wconf 88' lang='lat' dir='ltr'><strong>S.</strong></span> <span class='ocrx_word' id='word_1_508' title='bbox 3165 3027 3414 3099; x_wconf 78' lang='lat' dir='ltr'><strong>Stephani</strong></span> 
     </span>
    </p>
   </div>
   <div class='ocr_carea' id='block_1_76' title="bbox 2336 3105 2918 3175">
    <p class='ocr_par' dir='ltr' id='par_1_76' title="bbox 2336 3105 2918 3175">
     <span class='ocr_line' id='line_1_76' title="bbox 2336 3105 2918 3175; baseline -0.007 -14"><span class='ocrx_word' id='word_1_509' title='bbox 2336 3105 2547 3162; x_wconf 69' lang='lat' dir='ltr'><strong>ecclesia</strong></span> <span class='ocrx_word' id='word_1_510' title='bbox 2578 3108 2736 3175; x_wconf 86' lang='lat' dir='ltr'><strong>(anno</strong></span> <span class='ocrx_word' id='word_1_511' title='bbox 2766 3105 2918 3172; x_wconf 83' lang='lat'><strong>770).</strong></span> 
     </span>
    </p>
   </div>
   <div class='ocr_carea' id='block_1_77' title="bbox 2323 3193 2937 3260">
    <p class='ocr_par' dir='ltr' id='par_1_77' title="bbox 2323 3193 2937 3260">
     <span class='ocr_line' id='line_1_77' title="bbox 2323 3193 2937 3260; baseline -0.007 -14"><span class='ocrx_word' id='word_1_512' title='bbox 2323 3197 2416 3260; x_wconf 76' lang='lat' dir='ltr'><strong>(Ex</strong></span> <span class='ocrx_word' id='word_1_513' title='bbox 2440 3197 2498 3248; x_wconf 92' lang='lat' dir='ltr'><strong>D.</strong></span> <span class='ocrx_word' id='word_1_514' title='bbox 2522 3197 2771 3258; x_wconf 86' lang='lat' dir='ltr'><strong>Bouquet,</strong></span> <span class='ocrx_word' id='word_1_515' title='bbox 2792 3193 2937 3257; x_wconf 83' lang='lat' dir='ltr'><strong>ibid.)</strong></span> 
     </span>
    </p>
   </div>
   <div class='ocr_carea' id='block_1_78' title="bbox 1910 3275 3415 3351">
    <p class='ocr_par' dir='ltr' id='par_1_78' title="bbox 1910 3275 3415 3351">
     <span class='ocr_line' id='line_1_78' title="bbox 1910 3275 3415 3351; baseline -0.003 -15"><span class='ocrx_word' id='word_1_516' title='bbox 1910 3280 2135 3336; x_wconf 85' lang='lat' dir='ltr'><strong>Karolns</strong></span> <span class='ocrx_word' id='word_1_517' title='bbox 2177 3281 2348 3351; x_wconf 89' lang='lat' dir='ltr'><strong>gratia</strong></span> <span class='ocrx_word' id='word_1_518' title='bbox 2398 3280 2491 3336; x_wconf 90' lang='lat' dir='ltr'><strong>Dei</strong></span> <span class='ocrx_word' id='word_1_519' title='bbox 2539 3294 2631 3335; x_wconf 84' lang='lat' dir='ltr'><strong>rex</strong></span> <span class='ocrx_word' id='word_1_520' title='bbox 2676 3277 3032 3345; x_wconf 88' lang='lat' dir='ltr'><strong>Francorum,</strong></span> <span class='ocrx_word' id='word_1_521' title='bbox 3076 3276 3155 3331; x_wconf 85' lang='lat' dir='ltr'><strong>vir</strong></span> <span class='ocrx_word' id='word_1_522' title='bbox 3186 3275 3415 3340; x_wconf 83' lang='lat' dir='ltr'><strong>illuster,</strong></span> 
     </span>
    </p>
   </div>
   <div class='ocr_carea' id='block_1_79' title="bbox 1841 3366 3415 3441">
    <p class='ocr_par' dir='ltr' id='par_1_79' title="bbox 1841 3366 3415 3441">
     <span class='ocr_line' id='line_1_79' title="bbox 1841 3366 3415 3441; baseline -0.004 -12"><span class='ocrx_word' id='word_1_523' title='bbox 1841 3375 2089 3429; x_wconf 90' lang='lat' dir='ltr'><strong>omnibus</strong></span> <span class='ocrx_word' id='word_1_524' title='bbox 2120 3373 2434 3441; x_wconf 85' lang='lat' dir='ltr'><strong>agentibus,</strong></span> <span class='ocrx_word' id='word_1_525' title='bbox 2476 3379 2583 3425; x_wconf 91' lang='lat' dir='ltr'><strong>tam</strong></span> <span class='ocrx_word' id='word_1_526' title='bbox 2625 3369 2977 3438; x_wconf 65' lang='lat' dir='ltr'><strong>prasentibus</strong></span> <span class='ocrx_word' id='word_1_527' title='bbox 3008 3382 3167 3438; x_wconf 89' lang='lat' dir='ltr'><strong>quam</strong></span> <span class='ocrx_word' id='word_1_528' title='bbox 3200 3366 3415 3422; x_wconf 82' lang='lat' dir='ltr'><strong>futuris.</strong></span> 
     </span>
    </p>
   </div>
   <div class='ocr_carea' id='block_1_80' title="bbox 1850 3459 3420 3518">
    <p class='ocr_par' dir='ltr' id='par_1_80' title="bbox 1850 3459 3420 3518">
     <span class='ocr_line' id='line_1_80' title="bbox 1850 3459 3420 3518; baseline -0.005 0"><span class='ocrx_word' id='word_1_529' title='bbox 1850 3463 2004 3518; x_wconf 87' lang='lat' dir='ltr'><strong>Tunc</strong></span> <span class='ocrx_word' id='word_1_530' title='bbox 2036 3473 2216 3516; x_wconf 87' lang='lat' dir='ltr'><strong>nostra</strong></span> <span class='ocrx_word' id='word_1_531' title='bbox 2246 3461 2506 3517; x_wconf 87' lang='lat' dir='ltr'><strong>celsitudo</strong></span> <span class='ocrx_word' id='word_1_532' title='bbox 2538 3460 2882 3515; x_wconf 85' lang='lat' dir='ltr'><strong>fundamenta</strong></span> <span class='ocrx_word' id='word_1_533' title='bbox 2916 3459 2998 3513; x_wconf 91' lang='lat' dir='ltr'><strong>sui</strong></span> <span class='ocrx_word' id='word_1_534' title='bbox 3028 3459 3274 3514; x_wconf 89' lang='lat' dir='ltr'><strong>culminis</strong></span> <span class='ocrx_word' id='word_1_535' title='bbox 3299 3472 3420 3511; x_wconf 86' lang='lat' dir='ltr'><strong>cor-</strong></span> 
     </span>
    </p>
   </div>
   <div class='ocr_carea' id='block_1_81' title="bbox 1842 3547 3425 3623">
    <p class='ocr_par' dir='ltr' id='par_1_81' title="bbox 1842 3547 3425 3623">
     <span class='ocr_line' id='line_1_81' title="bbox 1842 3547 3425 3623; baseline -0.006 -15"><span class='ocrx_word' id='word_1_536' title='bbox 1842 3554 2097 3621; x_wconf 84' lang='lat' dir='ltr'><strong>roborat,</strong></span> <span class='ocrx_word' id='word_1_537' title='bbox 2129 3552 2348 3623; x_wconf 85' lang='lat' dir='ltr'><strong>quando</strong></span> <span class='ocrx_word' id='word_1_538' title='bbox 2375 3550 2442 3606; x_wconf 91' lang='lat' dir='ltr'><strong>ad</strong></span> <span class='ocrx_word' id='word_1_539' title='bbox 2473 3551 2760 3621; x_wconf 87' lang='lat' dir='ltr'><strong>petitiones</strong></span> <span class='ocrx_word' id='word_1_540' title='bbox 2791 3547 3125 3604; x_wconf 78' lang='lat' dir='ltr'><strong>sacerdotum</strong></span> <span class='ocrx_word' id='word_1_541' title='bbox 3155 3558 3209 3602; x_wconf 92' lang='lat' dir='ltr'><strong>et</strong></span> <span class='ocrx_word' id='word_1_542' title='bbox 3237 3561 3425 3602; x_wconf 87' lang='lat' dir='ltr'><strong>servo-</strong></span> 
     </span>
    </p>
   </div>
   <div class='ocr_carea' id='block_1_82' title="bbox 1845 3638 3422 3714">
    <p class='ocr_par' dir='ltr' id='par_1_82' title="bbox 1845 3638 3422 3714">
     <span class='ocr_line' id='line_1_82' title="bbox 1845 3638 3422 3714; baseline -0.006 -14"><span class='ocrx_word' id='word_1_543' title='bbox 1845 3660 1962 3700; x_wconf 91' lang='lat' dir='ltr'><strong>rum</strong></span> <span class='ocrx_word' id='word_1_544' title='bbox 2016 3644 2151 3711; x_wconf 89' lang='lat' dir='ltr'><strong>Dei,</strong></span> <span class='ocrx_word' id='word_1_545' title='bbox 2197 3643 2339 3714; x_wconf 91' lang='lat' dir='ltr'><strong>quod</strong></span> <span class='ocrx_word' id='word_1_546' title='bbox 2390 3658 2488 3712; x_wconf 92' lang='lat' dir='ltr'><strong>pro</strong></span> <span class='ocrx_word' id='word_1_547' title='bbox 2540 3642 2754 3698; x_wconf 86' lang='lat' dir='ltr'><strong>illorum</strong></span> <span class='ocrx_word' id='word_1_548' title='bbox 2802 3642 2983 3710; x_wconf 84' lang='lat' dir='ltr'><strong>quiete</strong></span> <span class='ocrx_word' id='word_1_549' title='bbox 3022 3640 3107 3694; x_wconf 89' lang='lat' dir='ltr'><strong>vel</strong></span> <span class='ocrx_word' id='word_1_550' title='bbox 3150 3638 3422 3707; x_wconf 83' lang='lat' dir='ltr'><strong>juvamine</strong></span> 
     </span>
    </p>
   </div>
   <div class='ocr_carea' id='block_1_83' title="bbox 1846 3725 3430 3804">
    <p class='ocr_par' dir='ltr' id='par_1_83' title="bbox 1846 3725 3430 3804">
     <span class='ocr_line' id='line_1_83' title="bbox 1846 3725 3430 3804; baseline -0.004 -16"><span class='ocrx_word' id='word_1_551' title='bbox 1846 3738 2111 3804; x_wconf 88' lang='lat' dir='ltr'><strong>pertinet,</strong></span> <span class='ocrx_word' id='word_1_552' title='bbox 2143 3734 2493 3799; x_wconf 89' lang='lat' dir='ltr'><strong>obaudimus,</strong></span> <span class='ocrx_word' id='word_1_553' title='bbox 2526 3742 2578 3787; x_wconf 90' lang='lat' dir='ltr'><strong>et</strong></span> <span class='ocrx_word' id='word_1_554' title='bbox 2608 3731 2709 3787; x_wconf 91' lang='lat' dir='ltr'><strong>hoc</strong></span> <span class='ocrx_word' id='word_1_555' title='bbox 2738 3732 2891 3786; x_wconf 86' lang='lat' dir='ltr'><strong>nobis</strong></span> <span class='ocrx_word' id='word_1_556' title='bbox 2919 3730 2984 3784; x_wconf 90' lang='lat' dir='ltr'><strong>ad</strong></span> <span class='ocrx_word' id='word_1_557' title='bbox 3015 3727 3314 3784; x_wconf 88' lang='lat' dir='ltr'><strong>mercedem</strong></span> <span class='ocrx_word' id='word_1_558' title='bbox 3343 3725 3430 3782; x_wconf 84' lang='lat' dir='ltr'><strong>vel</strong></span> 
     </span>
    </p>
   </div>
   <div class='ocr_carea' id='block_1_84' title="bbox 1846 3817 3427 3890">
    <p class='ocr_par' dir='ltr' id='par_1_84' title="bbox 1846 3817 3427 3890">
     <span class='ocr_line' id='line_1_84' title="bbox 1846 3817 3427 3890; baseline -0.006 -13"><span class='ocrx_word' id='word_1_559' title='bbox 1846 3824 2194 3877; x_wconf 86' lang='lat' dir='ltr'><strong>stabilitatem</strong></span> <span class='ocrx_word' id='word_1_560' title='bbox 2248 3819 2399 3890; x_wconf 87' lang='lat' dir='ltr'><strong>regni</strong></span> <span class='ocrx_word' id='word_1_561' title='bbox 2449 3821 2616 3876; x_wconf 83' lang='lat' dir='ltr'><strong>nostri</strong></span> <span class='ocrx_word' id='word_1_562' title='bbox 2661 3821 2715 3876; x_wconf 90' lang='lat' dir='ltr'><strong>in</strong></span> <span class='ocrx_word' id='word_1_563' title='bbox 2762 3818 2855 3873; x_wconf 87' lang='lat' dir='ltr'><strong>Dei</strong></span> <span class='ocrx_word' id='word_1_564' title='bbox 2898 3817 3113 3872; x_wconf 89' lang='lat' dir='ltr'><strong>nomine</strong></span> <span class='ocrx_word' id='word_1_565' title='bbox 3158 3818 3427 3887; x_wconf 82' lang='lat' dir='ltr'><strong>pertinere</strong></span> 
     </span>
    </p>
   </div>
   <div class='ocr_carea' id='block_1_85' title="bbox 1846 3908 3416 3982">
    <p class='ocr_par' dir='ltr' id='par_1_85' title="bbox 1846 3908 3416 3982">
     <span class='ocr_line' id='line_1_85' title="bbox 1846 3908 3416 3982; baseline -0.005 -14"><span class='ocrx_word' id='word_1_566' title='bbox 1846 3913 2182 3968; x_wconf 69' lang='lat' dir='ltr'><strong>confidimus.</strong></span> <span class='ocrx_word' id='word_1_567' title='bbox 2233 3912 2460 3982; x_wconf 88' lang='lat' dir='ltr'><strong>Ideoque</strong></span> <span class='ocrx_word' id='word_1_568' title='bbox 2486 3920 2770 3980; x_wconf 83' lang='lat' dir='ltr'><strong>cognoscat</strong></span> <span class='ocrx_word' id='word_1_569' title='bbox 2799 3909 3106 3979; x_wconf 89' lang='lat' dir='ltr'><strong>magnitudo</strong></span> <span class='ocrx_word' id='word_1_570' title='bbox 3140 3924 3234 3962; x_wconf 88' lang='lat' dir='ltr'><strong>seu</strong></span> <span class='ocrx_word' id='word_1_571' title='bbox 3269 3908 3416 3962; x_wconf 86' lang='lat' dir='ltr'><strong>utili-</strong></span> 
     </span>
    </p>
   </div>
   <div class='ocr_carea' id='block_1_86' title="bbox 1850 3998 3429 4073">
    <p class='ocr_par' dir='ltr' id='par_1_86' title="bbox 1850 3998 3429 4073">
     <span class='ocr_line' id='line_1_86' title="bbox 1850 3998 3429 4073; baseline -0.004 -15"><span class='ocrx_word' id='word_1_572' title='bbox 1850 4012 1935 4059; x_wconf 89' lang='lat' dir='ltr'><strong>tas</strong></span> <span class='ocrx_word' id='word_1_573' title='bbox 1963 4014 2165 4067; x_wconf 84' lang='lat' dir='ltr'><strong>vcstra,</strong></span> <span class='ocrx_word' id='word_1_574' title='bbox 2200 4003 2341 4073; x_wconf 89' lang='lat' dir='ltr'><strong>quod</strong></span> <span class='ocrx_word' id='word_1_575' title='bbox 2372 4003 2700 4071; x_wconf 88' lang='lat' dir='ltr'><strong>apostolicus</strong></span> <span class='ocrx_word' id='word_1_576' title='bbox 2726 4003 2805 4055; x_wconf 88' lang='lat' dir='ltr'><strong>vir</strong></span> <span class='ocrx_word' id='word_1_577' title='bbox 2828 3998 3119 4054; x_wconf 80' lang='lat' dir='ltr'><strong>Mauriolus</strong></span> <span class='ocrx_word' id='word_1_578' title='bbox 3145 3999 3429 4066; x_wconf 85' lang='lat' dir='ltr'><strong>episcopus</strong></span> 
     </span>
    </p>
   </div>
   <div class='ocr_carea' id='block_1_87' title="bbox 1848 4087 3428 4155">
    <p class='ocr_par' dir='ltr' id='par_1_87' title="bbox 1848 4087 3428 4155">
     <span class='ocr_line' id='line_1_87' title="bbox 1848 4087 3428 4155; baseline -0.007 -6"><span class='ocrx_word' id='word_1_579' title='bbox 1848 4093 2252 4149; x_wconf 78' lang='lat' dir='ltr'><strong>Andecavensis</strong></span> <span class='ocrx_word' id='word_1_580' title='bbox 2281 4092 2514 4147; x_wconf 87' lang='lat' dir='ltr'><strong>civitatis</strong></span> <span class='ocrx_word' id='word_1_581' title='bbox 2558 4092 2624 4145; x_wconf 87' lang='lat' dir='ltr'><strong>tle</strong></span> <span class='ocrx_word' id='word_1_582' title='bbox 2668 4087 2995 4144; x_wconf 87' lang='lat' dir='ltr'><strong>monasterio</strong></span> <span class='ocrx_word' id='word_1_583' title='bbox 3039 4087 3098 4142; x_wconf 91' lang='lat' dir='ltr'><strong>S.</strong></span> <span class='ocrx_word' id='word_1_584' title='bbox 3129 4087 3428 4155; x_wconf 85' lang='lat' dir='ltr'><strong>Stephani,</strong></span> 
     </span>
    </p>
   </div>
   <div class='ocr_carea' id='block_1_88' title="bbox 1849 4182 3430 4254">
    <p class='ocr_par' dir='ltr' id='par_1_88' title="bbox 1849 4182 3430 4254">
     <span class='ocr_line' id='line_1_88' title="bbox 1849 4182 3430 4254; baseline -0.005 -16"><span class='ocrx_word' id='word_1_585' title='bbox 1849 4183 1991 4254; x_wconf 90' lang='lat' dir='ltr'><strong>quod</strong></span> <span class='ocrx_word' id='word_1_586' title='bbox 2042 4186 2141 4238; x_wconf 88' lang='lat' dir='ltr'><strong>sub</strong></span> <span class='ocrx_word' id='word_1_587' title='bbox 2174 4183 2306 4238; x_wconf 89' lang='lat' dir='ltr'><strong>urbe</strong></span> <span class='ocrx_word' id='word_1_588' title='bbox 2341 4182 2505 4251; x_wconf 89' lang='lat' dir='ltr'><strong>ipsius</strong></span> <span class='ocrx_word' id='word_1_589' title='bbox 2552 4182 2782 4237; x_wconf 86' lang='lat' dir='ltr'><strong>civitatis</strong></span> <span class='ocrx_word' id='word_1_590' title='bbox 2830 4193 2997 4250; x_wconf 89' lang='lat' dir='ltr'><strong>prope</strong></span> <span class='ocrx_word' id='word_1_591' title='bbox 3045 4194 3255 4233; x_wconf 88' lang='lat' dir='ltr'><strong>murum</strong></span> <span class='ocrx_word' id='word_1_592' title='bbox 3296 4194 3430 4232; x_wconf 90' lang='lat' dir='ltr'><strong>con-</strong></span> 
     </span>
    </p>
   </div>
   <div class='ocr_carea' id='block_1_89' title="bbox 1852 4273 3430 4344">
    <p class='ocr_par' dir='ltr' id='par_1_89' title="bbox 1852 4273 3430 4344">
     <span class='ocr_line' id='line_1_89' title="bbox 1852 4273 3430 4344; baseline -0.006 -14"><span class='ocrx_word' id='word_1_593' title='bbox 1852 4284 2113 4330; x_wconf 88' lang='lat' dir='ltr'><strong>structum</strong></span> <span class='ocrx_word' id='word_1_594' title='bbox 2144 4285 2227 4330; x_wconf 86' lang='lat' dir='ltr'><strong>est</strong></span> <span class='ocrx_word' id='word_1_595' title='bbox 2249 4314 2269 4343; x_wconf 90' lang='lat'><strong>,</strong></span> <span class='ocrx_word' id='word_1_596' title='bbox 2317 4276 2473 4330; x_wconf 90' lang='lat' dir='ltr'><strong>nobis</strong></span> <span class='ocrx_word' id='word_1_597' title='bbox 2504 4276 2765 4344; x_wconf 86' lang='lat' dir='ltr'><strong>suggessit</strong></span> <span class='ocrx_word' id='word_1_598' title='bbox 2797 4273 3030 4343; x_wconf 88' lang='lat' dir='ltr'><strong>qualiter</strong></span> <span class='ocrx_word' id='word_1_599' title='bbox 3060 4280 3430 4327; x_wconf 78' lang='lat' dir='ltr'><strong>antecessores</strong></span> 
     </span>
    </p>
   </div>
   <div class='ocr_carea' id='block_1_90' title="bbox 1852 4364 3434 4444">
    <p class='ocr_par' dir='ltr' id='par_1_90' title="bbox 1852 4364 3434 4444">
     <span class='ocr_line' id='line_1_90' title="bbox 1852 4364 3434 4444; baseline -0.003 -22"><span class='ocrx_word' id='word_1_600' title='bbox 1852 4368 2022 4422; x_wconf 86' lang='lat' dir='ltr'><strong>nostri</strong></span> <span class='ocrx_word' id='word_1_601' title='bbox 2056 4381 2209 4437; x_wconf 86' lang='lat' dir='ltr'><strong>reges</strong></span> <span class='ocrx_word' id='word_1_602' title='bbox 2235 4367 2407 4444; x_wconf 57' lang='lat' dir='ltr'><strong>ipsum</strong></span> <span class='ocrx_word' id='word_1_603' title='bbox 2434 4365 2871 4421; x_wconf 88' lang='lat' dir='ltr'><strong>monasteriolum</strong></span> <span class='ocrx_word' id='word_1_604' title='bbox 2897 4364 2964 4418; x_wconf 89' lang='lat' dir='ltr'><strong>ad</strong></span> <span class='ocrx_word' id='word_1_605' title='bbox 2992 4365 3166 4419; x_wconf 90' lang='lat' dir='ltr'><strong>lttmcn</strong></span> <span class='ocrx_word' id='word_1_606' title='bbox 3193 4364 3434 4417; x_wconf 72' lang='lat' dir='ltr'><strong>ecclesia:</strong></span> 
     </span>
    </p>
   </div>
   <div class='ocr_carea' id='block_1_91' title="bbox 1854 4456 3430 4525">
    <p class='ocr_par' dir='ltr' id='par_1_91' title="bbox 1854 4456 3430 4525">
     <span class='ocr_line' id='line_1_91' title="bbox 1854 4456 3430 4525; baseline -0.003 -12"><span class='ocrx_word' id='word_1_607' title='bbox 1854 4458 1911 4513; x_wconf 90' lang='lat' dir='ltr'><strong>S.</strong></span> <span class='ocrx_word' id='word_1_608' title='bbox 1944 4456 2180 4513; x_wconf 79' lang='lat' dir='ltr'><strong>Mauritii</strong></span> <span class='ocrx_word' id='word_1_609' title='bbox 2219 4468 2638 4521; x_wconf 88' lang='lat' dir='ltr'><strong>concesserunt,</strong></span> <span class='ocrx_word' id='word_1_610' title='bbox 2682 4465 2737 4512; x_wconf 90' lang='lat' dir='ltr'><strong>et</strong></span> <span class='ocrx_word' id='word_1_611' title='bbox 2767 4467 2823 4512; x_wconf 90' lang='lat' dir='ltr'><strong>ut</strong></span> <span class='ocrx_word' id='word_1_612' title='bbox 2854 4472 2951 4512; x_wconf 88' lang='lat' dir='ltr'><strong>nos</strong></span> <span class='ocrx_word' id='word_1_613' title='bbox 2981 4458 3139 4511; x_wconf 85' lang='lat' dir='ltr'><strong>modo</strong></span> <span class='ocrx_word' id='word_1_614' title='bbox 3171 4473 3262 4525; x_wconf 84' lang='lat' dir='ltr'><strong>per</strong></span> <span class='ocrx_word' id='word_1_615' title='bbox 3293 4471 3430 4509; x_wconf 88' lang='lat' dir='ltr'><strong>mer-</strong></span> 
     </span>
    </p>
   </div>
   <div class='ocr_carea' id='block_1_92' title="bbox 170 4526 3433 4628">
    <p class='ocr_par' dir='ltr' id='par_1_92' title="bbox 170 4526 3433 4628">
     <span class='ocr_line' id='line_1_92' title="bbox 170 4526 3433 4628; baseline -0.005 -16"><span class='ocrx_word' id='word_1_616' title='bbox 170 4558 422 4628; x_wconf 87' lang='lat' dir='ltr'><strong>gendos,</strong></span> <span class='ocrx_word' id='word_1_617' title='bbox 471 4573 570 4614; x_wconf 89' lang='lat' dir='ltr'><strong>nec</strong></span> <span class='ocrx_word' id='word_1_618' title='bbox 614 4559 751 4613; x_wconf 90' lang='lat' dir='ltr'><strong>ullas</strong></span> <span class='ocrx_word' id='word_1_619' title='bbox 793 4556 1177 4612; x_wconf 85' lang='lat' dir='ltr'><strong>redhibrtiones</strong></span> <span class='ocrx_word' id='word_1_620' title='bbox 1218 4554 1605 4625; x_wconf 79' lang='lat' dir='ltr'><strong>requirendos,</strong></span> <span class='ocrx_word' id='word_1_621' title='bbox 1656 4569 1755 4609; x_wconf 90' lang='lat' dir='ltr'><strong>nec</strong></span> <span class='ocrx_word' id='word_1_622' title='bbox 1784 4526 1837 4589; x_wconf 69' lang='grc' dir='ltr'><strong>θ</strong></span> <span class='ocrx_word' id='word_1_623' title='bbox 1861 4547 2007 4602; x_wconf 87' lang='lat' dir='ltr'><strong>cedis</strong></span> <span class='ocrx_word' id='word_1_624' title='bbox 2048 4556 2245 4600; x_wconf 78' lang='lat' dir='ltr'><strong>nostrae</strong></span> <span class='ocrx_word' id='word_1_625' title='bbox 2282 4556 2629 4616; x_wconf 86' lang='lat' dir='ltr'><strong>augmentum</strong></span> <span class='ocrx_word' id='word_1_626' title='bbox 2661 4549 2764 4600; x_wconf 82' lang='lat' dir='ltr'><strong>tale</strong></span> <span class='ocrx_word' id='word_1_627' title='bbox 2795 4545 3107 4601; x_wconf 87' lang='lat' dir='ltr'><strong>beneﬁcium</strong></span> <span class='ocrx_word' id='word_1_628' title='bbox 3151 4548 3197 4598; x_wconf 76' lang='lat' dir='ltr'><strong>ei</strong></span> <span class='ocrx_word' id='word_1_629' title='bbox 3238 4560 3433 4599; x_wconf 81' lang='lat' dir='ltr'><strong>conce-</strong></span> 
     </span>
    </p>
   </div>
   <div class='ocr_carea' id='block_1_93' title="bbox 172 4645 1752 4727">
    <p class='ocr_par' dir='ltr' id='par_1_93' title="bbox 172 4645 1752 4727">
     <span class='ocr_line' id='line_1_93' title="bbox 172 4645 1752 4727; baseline -0.004 -22"><span class='ocrx_word' id='word_1_630' title='bbox 172 4648 526 4714; x_wconf 80' lang='lat' dir='ltr'><strong>esactandas,</strong></span> <span class='ocrx_word' id='word_1_631' title='bbox 547 4648 825 4719; x_wconf 78' lang='lat' dir='ltr'><strong>iudiciaria</strong></span> <span class='ocrx_word' id='word_1_632' title='bbox 855 4656 1089 4718; x_wconf 77' lang='lat' dir='ltr'><strong>potestas</strong></span> <span class='ocrx_word' id='word_1_633' title='bbox 1116 4647 1312 4727; x_wconf 46' lang='lat' dir='ltr'><strong>ibidem</strong></span> <span class='ocrx_word' id='word_1_634' title='bbox 1341 4645 1620 4716; x_wconf 87' lang='lat' dir='ltr'><strong>ingredere</strong></span> <span class='ocrx_word' id='word_1_635' title='bbox 1648 4660 1752 4699; x_wconf 94' lang='lat' dir='ltr'><strong>non</strong></span> 
     </span>
    </p>
   </div>
   <div class='ocr_carea' id='block_1_94' title="bbox 174 4735 1755 4811">
    <p class='ocr_par' dir='ltr' id='par_1_94' title="bbox 174 4735 1755 4811">
     <span class='ocr_line' id='line_1_94' title="bbox 174 4735 1755 4811; baseline -0.004 -16"><span class='ocrx_word' id='word_1_636' title='bbox 174 4735 473 4811; x_wconf 62' lang='lat' dir='ltr'><strong>pra‘sumat</strong></span> <span class='ocrx_word' id='word_1_637' title='bbox 503 4753 771 4810; x_wconf 88' lang='lat' dir='ltr'><strong>quoquam</strong></span> <span class='ocrx_word' id='word_1_638' title='bbox 805 4747 1084 4807; x_wconf 91' lang='lat' dir='ltr'><strong>tempore;</strong></span> <span class='ocrx_word' id='word_1_639' title='bbox 1119 4735 1220 4791; x_wconf 87' lang='lat' dir='ltr'><strong>nisi</strong></span> <span class='ocrx_word' id='word_1_640' title='bbox 1248 4736 1390 4806; x_wconf 86' lang='lat' dir='ltr'><strong>quod</strong></span> <span class='ocrx_word' id='word_1_641' title='bbox 1418 4736 1517 4789; x_wconf 87' lang='lat' dir='ltr'><strong>sub</strong></span> <span class='ocrx_word' id='word_1_642' title='bbox 1546 4738 1755 4789; x_wconf 82' lang='lat' dir='ltr'><strong>emuni-</strong></span> 
     </span>
    </p>
   </div>
   <div class='ocr_carea' id='block_1_95' title="bbox 175 4825 1758 4899">
    <p class='ocr_par' dir='ltr' id='par_1_95' title="bbox 175 4825 1758 4899">
     <span class='ocr_line' id='line_1_95' title="bbox 175 4825 1758 4899; baseline -0.006 -11"><span class='ocrx_word' id='word_1_643' title='bbox 175 4836 309 4888; x_wconf 87' lang='lat' dir='ltr'><strong>tatis</strong></span> <span class='ocrx_word' id='word_1_644' title='bbox 355 4847 577 4887; x_wconf 88' lang='lat' dir='ltr'><strong>munere</strong></span> <span class='ocrx_word' id='word_1_645' title='bbox 624 4831 773 4887; x_wconf 91' lang='lat' dir='ltr'><strong>omni</strong></span> <span class='ocrx_word' id='word_1_646' title='bbox 823 4840 1064 4899; x_wconf 87' lang='lat' dir='ltr'><strong>tempore</strong></span> <span class='ocrx_word' id='word_1_647' title='bbox 1108 4844 1230 4884; x_wconf 91' lang='lat' dir='ltr'><strong>cum</strong></span> <span class='ocrx_word' id='word_1_648' title='bbox 1279 4842 1466 4882; x_wconf 90' lang='lat' dir='ltr'><strong>omnes</strong></span> <span class='ocrx_word' id='word_1_649' title='bbox 1509 4826 1644 4880; x_wconf 78' lang='lat' dir='ltr'><strong>freto</strong></span> <span class='ocrx_word' id='word_1_650' title='bbox 1675 4825 1758 4881; x_wconf 88' lang='lat' dir='ltr'><strong>vel</strong></span> 
     </span>
    </p>
   </div>
   <div class='ocr_carea' id='block_1_96' title="bbox 176 4919 1760 4994">
    <p class='ocr_par' dir='ltr' id='par_1_96' title="bbox 176 4919 1760 4994">
     <span class='ocr_line' id='line_1_96' title="bbox 176 4919 1760 4994; baseline -0.006 -12"><span class='ocrx_word' id='word_1_651' title='bbox 176 4928 391 4982; x_wconf 82' lang='lat' dir='ltr'><strong>hannos</strong></span> <span class='ocrx_word' id='word_1_652' title='bbox 418 4939 703 4980; x_wconf 90' lang='lat' dir='ltr'><strong>concessos</strong></span> <span class='ocrx_word' id='word_1_653' title='bbox 736 4938 859 4994; x_wconf 89' lang='lat' dir='ltr'><strong>pars</strong></span> <span class='ocrx_word' id='word_1_654' title='bbox 891 4924 1058 4994; x_wconf 90' lang='lat' dir='ltr'><strong>ipsius</strong></span> <span class='ocrx_word' id='word_1_655' title='bbox 1099 4921 1411 4977; x_wconf 88' lang='lat' dir='ltr'><strong>monasterii</strong></span> <span class='ocrx_word' id='word_1_656' title='bbox 1456 4919 1760 4989; x_wconf 89' lang='lat' dir='ltr'><strong>perenniter</strong></span> 
     </span>
    </p>
   </div>
   <div class='ocr_carea' id='block_1_97' title="bbox 177 5014 1766 5085">
    <p class='ocr_par' dir='ltr' id='par_1_97' title="bbox 177 5014 1766 5085">
     <span class='ocr_line' id='line_1_97' title="bbox 177 5014 1766 5085; baseline -0.005 -12"><span class='ocrx_word' id='word_1_657' title='bbox 177 5017 378 5073; x_wconf 85' lang='lat' dir='ltr'><strong>debeat</strong></span> <span class='ocrx_word' id='word_1_658' title='bbox 406 5017 705 5085; x_wconf 85' lang='lat' dir='ltr'><strong>possidere.</strong></span> <span class='ocrx_word' id='word_1_659' title='bbox 743 5015 893 5071; x_wconf 87' lang='lat' dir='ltr'><strong>Unde</strong></span> <span class='ocrx_word' id='word_1_660' title='bbox 924 5014 1333 5084; x_wconf 62' lang='lat' dir='ltr'><strong>praeceptionem</strong></span> <span class='ocrx_word' id='word_1_661' title='bbox 1367 5020 1766 5067; x_wconf 85' lang='lat' dir='ltr'><strong>antecessorum</strong></span> 
     </span>
    </p>
   </div>
   <div class='ocr_carea' id='block_1_98' title="bbox 177 5101 1764 5172">
    <p class='ocr_par' dir='ltr' id='par_1_98' title="bbox 177 5101 1764 5172">
     <span class='ocr_line' id='line_1_98' title="bbox 177 5101 1764 5172; baseline -0.005 -8"><span class='ocrx_word' id='word_1_662' title='bbox 177 5116 491 5164; x_wconf 89' lang='lat' dir='ltr'><strong>nostrorum</strong></span> <span class='ocrx_word' id='word_1_663' title='bbox 524 5121 584 5161; x_wconf 91' lang='lat' dir='ltr'><strong>se</strong></span> <span class='ocrx_word' id='word_1_664' title='bbox 612 5122 676 5160; x_wconf 79' lang='lat' dir='ltr'><strong>es</strong></span> <span class='ocrx_word' id='word_1_665' title='bbox 709 5105 811 5160; x_wconf 86' lang='lat' dir='ltr'><strong>hoc</strong></span> <span class='ocrx_word' id='word_1_666' title='bbox 844 5122 950 5172; x_wconf 74' lang='lat' dir='ltr'><strong>pra:</strong></span> <span class='ocrx_word' id='word_1_667' title='bbox 979 5103 1223 5158; x_wconf 90' lang='lat' dir='ltr'><strong>manibus</strong></span> <span class='ocrx_word' id='word_1_668' title='bbox 1265 5102 1463 5158; x_wconf 88' lang='lat' dir='ltr'><strong>habere</strong></span> <span class='ocrx_word' id='word_1_669' title='bbox 1494 5101 1725 5157; x_wconf 74' lang='lat' dir='ltr'><strong>afﬁrmat</strong></span> <span class='ocrx_word' id='word_1_670' title='bbox 1748 5142 1764 5167; x_wconf 91' lang='lat'><strong>,</strong></span> 
     </span>
    </p>
   </div>
   <div class='ocr_carea' id='block_1_99' title="bbox 178 5194 1767 5269">
    <p class='ocr_par' dir='ltr' id='par_1_99' title="bbox 178 5194 1767 5269">
     <span class='ocr_line' id='line_1_99' title="bbox 178 5194 1767 5269; baseline -0.004 -13"><span class='ocrx_word' id='word_1_671' title='bbox 178 5210 238 5256; x_wconf 90' lang='lat' dir='ltr'><strong>et</strong></span> <span class='ocrx_word' id='word_1_672' title='bbox 268 5198 411 5269; x_wconf 91' lang='lat' dir='ltr'><strong>quod</strong></span> <span class='ocrx_word' id='word_1_673' title='bbox 441 5199 553 5268; x_wconf 89' lang='lat' dir='ltr'><strong>ipsa</strong></span> <span class='ocrx_word' id='word_1_674' title='bbox 584 5196 839 5253; x_wconf 79' lang='lat' dir='ltr'><strong>beneﬁcia</strong></span> <span class='ocrx_word' id='word_1_675' title='bbox 863 5209 1115 5252; x_wconf 82' lang='lat' dir='ltr'><strong>concessa</strong></span> <span class='ocrx_word' id='word_1_676' title='bbox 1144 5194 1211 5250; x_wconf 90' lang='lat' dir='ltr'><strong>ab</strong></span> <span class='ocrx_word' id='word_1_677' title='bbox 1237 5208 1301 5250; x_wconf 90' lang='lat' dir='ltr'><strong>eo</strong></span> <span class='ocrx_word' id='word_1_678' title='bbox 1329 5204 1565 5264; x_wconf 88' lang='lat' dir='ltr'><strong>tempore</strong></span> <span class='ocrx_word' id='word_1_679' title='bbox 1598 5208 1767 5263; x_wconf 85' lang='lat' dir='ltr'><strong>usque</strong></span> 
     </span>
    </p>
   </div>
   <div class='ocr_carea' id='block_1_100' title="bbox 262 5348 1572 5423">
    <p class='ocr_par' dir='ltr' id='par_1_100' title="bbox 262 5348 1572 5423">
     <span class='ocr_line' id='line_1_100' title="bbox 262 5348 1572 5423; baseline -0.005 -16"><span class='ocrx_word' id='word_1_680' title='bbox 262 5365 288 5393; x_wconf 73' lang='grc' dir='ltr'>ι</span> <span class='ocrx_word' id='word_1_681' title='bbox 316 5350 486 5407; x_wconf 81' lang='lat' dir='ltr'><strong>Locus</strong></span> <span class='ocrx_word' id='word_1_682' title='bbox 513 5351 668 5423; x_wconf 86' lang='lat' dir='ltr'><strong>vulgo</strong></span> <span class='ocrx_word' id='word_1_683' title='bbox 693 5349 864 5405; x_wconf 88' lang='lat' dir='ltr'><strong>dictus</strong></span> <span class='ocrx_word' id='word_1_684' title='bbox 891 5348 1097 5423; x_wconf 73' lang='lat' dir='ltr'><strong>Martini</strong></span> <span class='ocrx_word' id='word_1_685' title='bbox 1124 5349 1262 5418; x_wconf 91' lang='lat' dir='ltr'><strong>apud</strong></span> <span class='ocrx_word' id='word_1_686' title='bbox 1291 5349 1572 5423; x_wconf 80' lang='lat' dir='ltr'><strong>Santones.</strong></span> 
     </span>
    </p>
   </div>
   <div class='ocr_carea' id='block_1_101' title="bbox 259 5420 1767 5491">
    <p class='ocr_par' dir='ltr' id='par_1_101' title="bbox 259 5420 1767 5491">
     <span class='ocr_line' id='line_1_101' title="bbox 259 5420 1767 5491; baseline -0.003 -15"><span class='ocrx_word' id='word_1_687' title='bbox 259 5424 291 5464; x_wconf 70' lang='grc' dir='ltr'><strong>ιο</strong></span> <span class='ocrx_word' id='word_1_688' title='bbox 319 5420 627 5476; x_wconf 73' lang='lat' dir='ltr'><strong>Andiaeunf</strong></span> <span class='ocrx_word' id='word_1_689' title='bbox 643 5423 756 5491; x_wconf 86' lang='lat' dir='ltr'><strong>pagi</strong></span> <span class='ocrx_word' id='word_1_690' title='bbox 789 5422 1208 5475; x_wconf 82' lang='lat' dir='ltr'><strong>Encolismensis</strong></span> <span class='ocrx_word' id='word_1_691' title='bbox 1239 5420 1490 5491; x_wconf 78' lang='lat' dir='ltr'><strong>palatium</strong></span> <span class='ocrx_word' id='word_1_692' title='bbox 1520 5430 1670 5473; x_wconf 86' lang='lat' dir='ltr'><strong>erat:</strong></span> <span class='ocrx_word' id='word_1_693' title='bbox 1709 5427 1767 5491; x_wconf 84' lang='lat' dir='ltr'><strong>at</strong></span> 
     </span>
    </p>
   </div>
   <div class='ocr_carea' id='block_1_102' title="bbox 182 5488 1758 5558">
    <p class='ocr_par' dir='ltr' id='par_1_102' title="bbox 182 5488 1758 5558">
     <span class='ocr_line' id='line_1_102' title="bbox 182 5488 1758 5558; baseline -0.005 -8"><span class='ocrx_word' id='word_1_694' title='bbox 182 5501 406 5550; x_wconf 76' lang='lat' dir='ltr'><strong>veretur</strong></span> <span class='ocrx_word' id='word_1_695' title='bbox 436 5488 767 5547; x_wconf 78' lang='lat' dir='ltr'><strong>Mabillouius</strong></span> <span class='ocrx_word' id='word_1_696' title='bbox 797 5502 855 5546; x_wconf 88' lang='lat' dir='ltr'><strong>ttt</strong></span> <span class='ocrx_word' id='word_1_697' title='bbox 880 5506 1023 5546; x_wconf 90' lang='lat' dir='ltr'><strong>anno</strong></span> <span class='ocrx_word' id='word_1_698' title='bbox 1054 5493 1199 5558; x_wconf 80' lang='lat' dir='ltr'><strong>regni</strong></span> <span class='ocrx_word' id='word_1_699' title='bbox 1232 5488 1404 5558; x_wconf 82' lang='lat' dir='ltr'><strong>primo</strong></span> <span class='ocrx_word' id='word_1_700' title='bbox 1432 5488 1657 5545; x_wconf 87' lang='lat' dir='ltr'><strong>Carolus</strong></span> <span class='ocrx_word' id='word_1_701' title='bbox 1690 5490 1758 5542; x_wconf 77' lang='grc' dir='ltr'><strong>Μ.</strong></span> 
     </span>
    </p>
   </div>
   <div class='ocr_carea' id='block_1_103' title="bbox 186 5561 1763 5624">
    <p class='ocr_par' dir='ltr' id='par_1_103' title="bbox 186 5561 1763 5624">
     <span class='ocr_line' id='line_1_103' title="bbox 186 5561 1763 5624; baseline -0.005 -4"><span class='ocrx_word' id='word_1_702' title='bbox 186 5569 297 5620; x_wconf 85' lang='lat' dir='ltr'><strong>hoc</strong></span> <span class='ocrx_word' id='word_1_703' title='bbox 337 5562 390 5616; x_wconf 91' lang='lat' dir='ltr'><strong>in</strong></span> <span class='ocrx_word' id='word_1_704' title='bbox 428 5562 547 5617; x_wconf 87' lang='lat' dir='ltr'><strong>loco</strong></span> <span class='ocrx_word' id='word_1_705' title='bbox 574 5563 892 5617; x_wconf 90' lang='lat' dir='ltr'><strong>constiterit.</strong></span> <span class='ocrx_word' id='word_1_706' title='bbox 945 5563 998 5615; x_wconf 93' lang='lat' dir='ltr'><strong>In</strong></span> <span class='ocrx_word' id='word_1_707' title='bbox 1030 5561 1299 5617; x_wconf 82' lang='lat' dir='ltr'><strong>Andriaco</strong></span> <span class='ocrx_word' id='word_1_708' title='bbox 1345 5561 1537 5624; x_wconf 86' lang='lat' dir='ltr'><strong>palatio</strong></span> <span class='ocrx_word' id='word_1_709' title='bbox 1576 5561 1640 5613; x_wconf 88' lang='lat' dir='ltr'><strong>ad</strong></span> <span class='ocrx_word' id='word_1_710' title='bbox 1675 5561 1763 5612; x_wconf 80' lang='lat' dir='ltr'><strong>Al-</strong></span> 
     </span>
    </p>
   </div>
   <div class='ocr_carea' id='block_1_104' title="bbox 189 5632 1764 5700">
    <p class='ocr_par' dir='ltr' id='par_1_104' title="bbox 189 5632 1764 5700">
     <span class='ocr_line' id='line_1_104' title="bbox 189 5632 1764 5700; baseline -0.004 -12"><span class='ocrx_word' id='word_1_711' title='bbox 189 5635 356 5688; x_wconf 88' lang='lat' dir='ltr'><strong>teiatu</strong></span> <span class='ocrx_word' id='word_1_712' title='bbox 408 5649 511 5687; x_wconf 88' lang='lat' dir='ltr'><strong>non</strong></span> <span class='ocrx_word' id='word_1_713' title='bbox 563 5634 716 5700; x_wconf 86' lang='lat' dir='ltr'><strong>longe</strong></span> <span class='ocrx_word' id='word_1_714' title='bbox 763 5648 792 5685; x_wconf 91' lang='lat' dir='ltr'><strong>a</strong></span> <span class='ocrx_word' id='word_1_715' title='bbox 838 5632 1089 5686; x_wconf 82' lang='lat' dir='ltr'><strong>Sitltiensi</strong></span> <span class='ocrx_word' id='word_1_716' title='bbox 1133 5634 1460 5684; x_wconf 80' lang='lat' dir='ltr'><strong>monasterio</strong></span> <span class='ocrx_word' id='word_1_717' title='bbox 1499 5633 1764 5684; x_wconf 72' lang='lat' dir='ltr'><strong>reseiisse</strong></span> 
     </span>
    </p>
   </div>
   <div class='ocr_carea' id='block_1_105' title="bbox 189 5701 1766 5773">
    <p class='ocr_par' dir='ltr' id='par_1_105' title="bbox 189 5701 1766 5773">
     <span class='ocr_line' id='line_1_105' title="bbox 189 5701 1766 5773; baseline -0.006 -12"><span class='ocrx_word' id='word_1_718' title='bbox 189 5703 387 5761; x_wconf 78' lang='lat' dir='ltr'><strong>credit.</strong></span> <span class='ocrx_word' id='word_1_719' title='bbox 444 5703 574 5758; x_wconf 75' lang='lat' dir='ltr'><strong>Nam</strong></span> <span class='ocrx_word' id='word_1_720' title='bbox 607 5705 706 5759; x_wconf 87' lang='lat' dir='ltr'><strong>ltoc</strong></span> <span class='ocrx_word' id='word_1_721' title='bbox 732 5705 849 5773; x_wconf 83' lang='lat' dir='ltr'><strong>ipso</strong></span> <span class='ocrx_word' id='word_1_722' title='bbox 874 5716 1017 5757; x_wconf 86' lang='lat' dir='ltr'><strong>anno</strong></span> <span class='ocrx_word' id='word_1_723' title='bbox 1039 5702 1266 5771; x_wconf 81' lang='lat' dir='ltr'><strong>degebat</strong></span> <span class='ocrx_word' id='word_1_724' title='bbox 1291 5701 1426 5771; x_wconf 88' lang='lat' dir='ltr'><strong>apud</strong></span> <span class='ocrx_word' id='word_1_725' title='bbox 1450 5701 1766 5756; x_wconf 66' lang='lat' dir='ltr'><strong>Andriscum</strong></span> 
     </span>
    </p>
   </div>
   <div class='ocr_carea' id='block_1_106' title="bbox 1862 4635 3436 4706">
    <p class='ocr_par' dir='ltr' id='par_1_106' title="bbox 1862 4635 3436 4706">
     <span class='ocr_line' id='line_1_106' title="bbox 1862 4635 3436 4706; baseline -0.004 -15"><span class='ocrx_word' id='word_1_726' title='bbox 1862 4638 1989 4693; x_wconf 87' lang='lat' dir='ltr'><strong>dere</strong></span> <span class='ocrx_word' id='word_1_727' title='bbox 2025 4637 2365 4705; x_wconf 88' lang='lat' dir='ltr'><strong>deberemus,</strong></span> <span class='ocrx_word' id='word_1_728' title='bbox 2401 4648 2457 4692; x_wconf 91' lang='lat' dir='ltr'><strong>ut</strong></span> <span class='ocrx_word' id='word_1_729' title='bbox 2498 4637 2548 4690; x_wconf 91' lang='lat' dir='ltr'><strong>in</strong></span> <span class='ocrx_word' id='word_1_730' title='bbox 2582 4636 2769 4691; x_wconf 89' lang='lat' dir='ltr'><strong>locella</strong></span> <span class='ocrx_word' id='word_1_731' title='bbox 2801 4637 2968 4706; x_wconf 87' lang='lat' dir='ltr'><strong>ipsius</strong></span> <span class='ocrx_word' id='word_1_732' title='bbox 2998 4635 3339 4696; x_wconf 77' lang='lat' dir='ltr'><strong>monasterii,</strong></span> <span class='ocrx_word' id='word_1_733' title='bbox 3384 4638 3436 4685; x_wconf 88' lang='lat' dir='ltr'><strong>in</strong></span> 
     </span>
    </p>
   </div>
   <div class='ocr_carea' id='block_1_107' title="bbox 1863 4726 3436 4799">
    <p class='ocr_par' dir='ltr' id='par_1_107' title="bbox 1863 4726 3436 4799">
     <span class='ocr_line' id='line_1_107' title="bbox 1863 4726 3436 4799; baseline -0.002 -17"><span class='ocrx_word' id='word_1_734' title='bbox 1863 4730 2287 4799; x_wconf 88' lang='lat' dir='ltr'><strong>quibuscumque</strong></span> <span class='ocrx_word' id='word_1_735' title='bbox 2318 4732 2462 4799; x_wconf 89' lang='lat' dir='ltr'><strong>pagis</strong></span> <span class='ocrx_word' id='word_1_736' title='bbox 2486 4730 2566 4783; x_wconf 89' lang='lat' dir='ltr'><strong>vel</strong></span> <span class='ocrx_word' id='word_1_737' title='bbox 2593 4728 2870 4782; x_wconf 83' lang='lat' dir='ltr'><strong>territoriis</strong></span> <span class='ocrx_word' id='word_1_738' title='bbox 2901 4742 2963 4781; x_wconf 89' lang='lat' dir='ltr'><strong>ea</strong></span> <span class='ocrx_word' id='word_1_739' title='bbox 2985 4727 3191 4780; x_wconf 88' lang='lat' dir='ltr'><strong>videtur</strong></span> <span class='ocrx_word' id='word_1_740' title='bbox 3217 4726 3436 4793; x_wconf 74' lang='lat' dir='ltr'><strong>habere,</strong></span> 
     </span>
    </p>
   </div>
   <div class='ocr_carea' id='block_1_108' title="bbox 1867 4818 3441 4893">
    <p class='ocr_par' dir='ltr' id='par_1_108' title="bbox 1867 4818 3441 4893">
     <span class='ocr_line' id='line_1_108' title="bbox 1867 4818 3441 4893; baseline -0.003 -15"><span class='ocrx_word' id='word_1_741' title='bbox 1867 4823 2042 4878; x_wconf 91' lang='lat' dir='ltr'><strong>nullus</strong></span> <span class='ocrx_word' id='word_1_742' title='bbox 2068 4824 2231 4891; x_wconf 77' lang='lat' dir='ltr'><strong>judex</strong></span> <span class='ocrx_word' id='word_1_743' title='bbox 2265 4824 2528 4893; x_wconf 89' lang='lat' dir='ltr'><strong>publicus,</strong></span> <span class='ocrx_word' id='word_1_744' title='bbox 2555 4837 2653 4877; x_wconf 92' lang='lat' dir='ltr'><strong>nec</strong></span> <span class='ocrx_word' id='word_1_745' title='bbox 2685 4821 2750 4876; x_wconf 87' lang='lat' dir='ltr'><strong>ad</strong></span> <span class='ocrx_word' id='word_1_746' title='bbox 2781 4835 2971 4876; x_wconf 87' lang='lat' dir='ltr'><strong>causas</strong></span> <span class='ocrx_word' id='word_1_747' title='bbox 2997 4818 3310 4882; x_wconf 54' lang='lat' dir='ltr'><strong>audiendas,</strong></span> <span class='ocrx_word' id='word_1_748' title='bbox 3340 4832 3441 4873; x_wconf 89' lang='lat' dir='ltr'><strong>nec</strong></span> 
     </span>
    </p>
   </div>
   <div class='ocr_carea' id='block_1_109' title="bbox 1867 4911 3443 4985">
    <p class='ocr_par' dir='ltr' id='par_1_109' title="bbox 1867 4911 3443 4985">
     <span class='ocr_line' id='line_1_109' title="bbox 1867 4911 3443 4985; baseline -0.003 -16"><span class='ocrx_word' id='word_1_749' title='bbox 1867 4914 1932 4969; x_wconf 89' lang='lat' dir='ltr'><strong>ad</strong></span> <span class='ocrx_word' id='word_1_750' title='bbox 1961 4914 2229 4969; x_wconf 88' lang='lat' dir='ltr'><strong>inlrendas</strong></span> <span class='ocrx_word' id='word_1_751' title='bbox 2276 4916 2358 4970; x_wconf 87' lang='lat' dir='ltr'><strong>vel</strong></span> <span class='ocrx_word' id='word_1_752' title='bbox 2402 4915 2548 4970; x_wconf 81' lang='lat' dir='ltr'><strong>freda</strong></span> <span class='ocrx_word' id='word_1_753' title='bbox 2580 4915 2861 4985; x_wconf 85' lang='lat' dir='ltr'><strong>exigenda,</strong></span> <span class='ocrx_word' id='word_1_754' title='bbox 2887 4930 2983 4969; x_wconf 91' lang='lat' dir='ltr'><strong>nec</strong></span> <span class='ocrx_word' id='word_1_755' title='bbox 3014 4911 3328 4967; x_wconf 83' lang='lat' dir='ltr'><strong>hostilitates</strong></span> <span class='ocrx_word' id='word_1_756' title='bbox 3353 4912 3443 4965; x_wconf 85' lang='lat' dir='ltr'><strong>vel</strong></span> 
     </span>
    </p>
   </div>
   <div class='ocr_carea' id='block_1_110' title="bbox 1866 5002 3438 5075">
    <p class='ocr_par' dir='ltr' id='par_1_110' title="bbox 1866 5002 3438 5075">
     <span class='ocr_line' id='line_1_110' title="bbox 1866 5002 3438 5075; baseline -0.006 -13"><span class='ocrx_word' id='word_1_757' title='bbox 1866 5006 2171 5062; x_wconf 87' lang='lat' dir='ltr'><strong>mansiones</strong></span> <span class='ocrx_word' id='word_1_758' title='bbox 2204 5016 2294 5058; x_wconf 89' lang='lat' dir='ltr'><strong>aut</strong></span> <span class='ocrx_word' id='word_1_759' title='bbox 2325 5016 2536 5075; x_wconf 90' lang='lat' dir='ltr'><strong>paratas</strong></span> <span class='ocrx_word' id='word_1_760' title='bbox 2567 5006 2870 5072; x_wconf 79' lang='lat' dir='ltr'><strong>faciendas,</strong></span> <span class='ocrx_word' id='word_1_761' title='bbox 2915 5019 3013 5059; x_wconf 88' lang='lat' dir='ltr'><strong>nec</strong></span> <span class='ocrx_word' id='word_1_762' title='bbox 3040 5004 3102 5056; x_wconf 88' lang='lat' dir='ltr'><strong>ad</strong></span> <span class='ocrx_word' id='word_1_763' title='bbox 3134 5003 3265 5056; x_wconf 83' lang='lat' dir='ltr'><strong>ullas</strong></span> <span class='ocrx_word' id='word_1_764' title='bbox 3293 5002 3438 5055; x_wconf 61' lang='lat' dir='ltr'><strong>redi.</strong></span> 
     </span>
    </p>
   </div>
   <div class='ocr_carea' id='block_1_111' title="bbox 1865 5090 3444 5165">
    <p class='ocr_par' dir='ltr' id='par_1_111' title="bbox 1865 5090 3444 5165">
     <span class='ocr_line' id='line_1_111' title="bbox 1865 5090 3444 5165; baseline -0.006 -13"><span class='ocrx_word' id='word_1_765' title='bbox 1865 5097 2097 5152; x_wconf 86' lang='lat' dir='ltr'><strong>bitiones</strong></span> <span class='ocrx_word' id='word_1_766' title='bbox 2125 5096 2475 5165; x_wconf 75' lang='lat' dir='ltr'><strong>requirendos</strong></span> <span class='ocrx_word' id='word_1_767' title='bbox 2508 5096 2713 5165; x_wconf 84' lang='lat' dir='ltr'><strong>ingredi</strong></span> <span class='ocrx_word' id='word_1_768' title='bbox 2743 5094 2975 5148; x_wconf 88' lang='lat' dir='ltr'><strong>audeat:</strong></span> <span class='ocrx_word' id='word_1_769' title='bbox 3017 5092 3109 5148; x_wconf 89' lang='lat' dir='ltr'><strong>sed</strong></span> <span class='ocrx_word' id='word_1_770' title='bbox 3142 5090 3280 5158; x_wconf 85' lang='lat' dir='ltr'><strong>quod</strong></span> <span class='ocrx_word' id='word_1_771' title='bbox 3315 5091 3444 5144; x_wconf 89' lang='lat' dir='ltr'><strong>lisco</strong></span> 
     </span>
    </p>
   </div>
   <div class='ocr_carea' id='block_1_112' title="bbox 1865 5183 3439 5258">
    <p class='ocr_par' dir='ltr' id='par_1_112' title="bbox 1865 5183 3439 5258">
     <span class='ocr_line' id='line_1_112' title="bbox 1865 5183 3439 5258; baseline -0.003 -17"><span class='ocrx_word' id='word_1_772' title='bbox 1865 5203 1896 5241; x_wconf 88' lang='lat' dir='ltr'><strong>a</strong></span> <span class='ocrx_word' id='word_1_773' title='bbox 1928 5189 2084 5258; x_wconf 90' lang='lat' dir='ltr'><strong>longo</strong></span> <span class='ocrx_word' id='word_1_774' title='bbox 2127 5197 2363 5257; x_wconf 87' lang='lat' dir='ltr'><strong>tempore</strong></span> <span class='ocrx_word' id='word_1_775' title='bbox 2413 5188 2510 5241; x_wconf 87' lang='lat' dir='ltr'><strong>luit</strong></span> <span class='ocrx_word' id='word_1_776' title='bbox 2554 5186 2886 5242; x_wconf 91' lang='lat' dir='ltr'><strong>consuetudo</strong></span> <span class='ocrx_word' id='word_1_777' title='bbox 2934 5187 2999 5242; x_wconf 87' lang='lat' dir='ltr'><strong>ad</strong></span> <span class='ocrx_word' id='word_1_778' title='bbox 3047 5183 3396 5240; x_wconf 82' lang='lat' dir='ltr'><strong>exactandutn</strong></span> <span class='ocrx_word' id='word_1_779' title='bbox 3424 5221 3439 5244; x_wconf 87' lang='lat'><strong>,</strong></span> 
     </span>
    </p>
   </div>
   <div class='ocr_carea' id='block_1_113' title="bbox 1871 5335 3443 5410">
    <p class='ocr_par' dir='ltr' id='par_1_113' title="bbox 1871 5335 3443 5410">
     <span class='ocr_line' id='line_1_113' title="bbox 1871 5335 3443 5410; baseline -0.003 -15"><span class='ocrx_word' id='word_1_780' title='bbox 1871 5343 2087 5408; x_wconf 66' lang='lat' dir='ltr'><strong>villam,</strong></span> <span class='ocrx_word' id='word_1_781' title='bbox 2137 5342 2224 5395; x_wconf 87' lang='lat' dir='ltr'><strong>ubi</strong></span> <span class='ocrx_word' id='word_1_782' title='bbox 2275 5342 2599 5410; x_wconf 83' lang='lat' dir='ltr'><strong>privilegium</strong></span> <span class='ocrx_word' id='word_1_783' title='bbox 2655 5339 2960 5396; x_wconf 84' lang='lat' dir='ltr'><strong>Corbeiensi</strong></span> <span class='ocrx_word' id='word_1_784' title='bbox 3008 5340 3183 5395; x_wconf 87' lang='lat' dir='ltr'><strong>abbati</strong></span> <span class='ocrx_word' id='word_1_785' title='bbox 3236 5335 3443 5393; x_wconf 82' lang='lat' dir='ltr'><strong>lludoni</strong></span> 
     </span>
    </p>
   </div>
   <div class='ocr_carea' id='block_1_114' title="bbox 1872 5414 2540 5467">
    <p class='ocr_par' dir='ltr' id='par_1_114' title="bbox 1872 5414 2540 5467">
     <span class='ocr_line' id='line_1_114' title="bbox 1872 5414 2540 5467; baseline -0.004 0"><span class='ocrx_word' id='word_1_786' title='bbox 1872 5430 1911 5467; x_wconf 71' lang='grc' dir='ltr'><strong>ει</strong></span> <span class='ocrx_word' id='word_1_787' title='bbox 1933 5430 1963 5465; x_wconf 85' lang='grc' dir='ltr'><strong>ιι</strong></span> <span class='ocrx_word' id='word_1_788' title='bbox 1991 5414 2228 5465; x_wconf 78' lang='lat' dir='ltr'><strong>Chatluui</strong></span> <span class='ocrx_word' id='word_1_789' title='bbox 2258 5416 2540 5465; x_wconf 81' lang='lat' dir='ltr'><strong>concessit.</strong></span> 
     </span>
    </p>
   </div>
   <div class='ocr_carea' id='block_1_115' title="bbox 1944 5481 3441 5549">
    <p class='ocr_par' dir='ltr' id='par_1_115' title="bbox 1944 5481 3441 5549">
     <span class='ocr_line' id='line_1_115' title="bbox 1944 5481 3441 5549; baseline -0.002 -13"><span class='ocrx_word' id='word_1_790' title='bbox 1944 5495 1965 5520; x_wconf 72' lang='grc' dir='ltr'><strong>ο</strong></span> <span class='ocrx_word' id='word_1_791' title='bbox 1997 5484 2270 5548; x_wconf 87' lang='lat' dir='ltr'><strong>Quodnam</strong></span> <span class='ocrx_word' id='word_1_792' title='bbox 2300 5485 2368 5536; x_wconf 89' lang='lat' dir='ltr'><strong>sit</strong></span> <span class='ocrx_word' id='word_1_793' title='bbox 2397 5482 2523 5535; x_wconf 91' lang='lat' dir='ltr'><strong>illud</strong></span> <span class='ocrx_word' id='word_1_794' title='bbox 2555 5482 2610 5537; x_wconf 89' lang='lat' dir='ltr'><strong>S.</strong></span> <span class='ocrx_word' id='word_1_795' title='bbox 2642 5482 2899 5549; x_wconf 85' lang='lat' dir='ltr'><strong>Stephani</strong></span> <span class='ocrx_word' id='word_1_796' title='bbox 2929 5481 3312 5537; x_wconf 82' lang='lat' dir='ltr'><strong>monasterium</strong></span> <span class='ocrx_word' id='word_1_797' title='bbox 3344 5495 3441 5534; x_wconf 88' lang='lat' dir='ltr'><strong>seu</strong></span> 
     </span>
    </p>
   </div>
   <div class='ocr_carea' id='block_1_116' title="bbox 1876 5552 3441 5621">
    <p class='ocr_par' dir='ltr' id='par_1_116' title="bbox 1876 5552 3441 5621">
     <span class='ocr_line' id='line_1_116' title="bbox 1876 5552 3441 5621; baseline -0.004 -14"><span class='ocrx_word' id='word_1_798' title='bbox 1876 5554 2333 5616; x_wconf 88' lang='lat' dir='ltr'><strong>monasteriolum,</strong></span> <span class='ocrx_word' id='word_1_799' title='bbox 2368 5568 2469 5605; x_wconf 90' lang='lat' dir='ltr'><strong>non</strong></span> <span class='ocrx_word' id='word_1_800' title='bbox 2504 5556 2685 5621; x_wconf 89' lang='lat' dir='ltr'><strong>liquet.</strong></span> <span class='ocrx_word' id='word_1_801' title='bbox 2744 5556 2922 5621; x_wconf 69' lang='lat' dir='ltr'><strong>Neque</strong></span> <span class='ocrx_word' id='word_1_802' title='bbox 2950 5553 3003 5606; x_wconf 84' lang='lat' dir='ltr'><strong>id</strong></span> <span class='ocrx_word' id='word_1_803' title='bbox 3038 5552 3441 5617; x_wconf 79' lang='lat' dir='ltr'><strong>intelligendum</strong></span> 
     </span>
    </p>
   </div>
   <div class='ocr_carea' id='block_1_117' title="bbox 1876 5621 3445 5687">
    <p class='ocr_par' dir='ltr' id='par_1_117' title="bbox 1876 5621 3445 5687">
     <span class='ocr_line' id='line_1_117' title="bbox 1876 5621 3445 5687; baseline -0.002 -11"><span class='ocrx_word' id='word_1_804' title='bbox 1876 5625 2085 5676; x_wconf 86' lang='lat' dir='ltr'><strong>videtur</strong></span> <span class='ocrx_word' id='word_1_805' title='bbox 2114 5624 2180 5676; x_wconf 90' lang='lat' dir='ltr'><strong>de</strong></span> <span class='ocrx_word' id='word_1_806' title='bbox 2222 5625 2543 5675; x_wconf 85' lang='lat' dir='ltr'><strong>monasterio</strong></span> <span class='ocrx_word' id='word_1_807' title='bbox 2584 5623 2640 5676; x_wconf 91' lang='lat' dir='ltr'><strong>S.</strong></span> <span class='ocrx_word' id='word_1_808' title='bbox 2686 5623 2891 5687; x_wconf 79' lang='lat' dir='ltr'><strong>Albini,</strong></span> <span class='ocrx_word' id='word_1_809' title='bbox 2934 5622 3057 5676; x_wconf 88' lang='lat' dir='ltr'><strong>nlitn</strong></span> <span class='ocrx_word' id='word_1_810' title='bbox 3100 5621 3405 5675; x_wconf 66' lang='lat' dir='ltr'><strong>suburbano</strong></span> <span class='ocrx_word' id='word_1_811' title='bbox 3432 5662 3445 5685; x_wconf 90' lang='lat'><strong>,</strong></span> 
     </span>
    </p>
   </div>
   <div class='ocr_carea' id='block_1_118' title="bbox 1878 5692 3445 5761">
    <p class='ocr_par' dir='ltr' id='par_1_118' title="bbox 1878 5692 3445 5761">
     <span class='ocr_line' id='line_1_118' title="bbox 1878 5692 3445 5761; baseline -0.001 -18"><span class='ocrx_word' id='word_1_812' title='bbox 1878 5694 2016 5761; x_wconf 82' lang='lat' dir='ltr'><strong>quod</strong></span> <span class='ocrx_word' id='word_1_813' title='bbox 2045 5693 2301 5761; x_wconf 75' lang='lat' dir='ltr'><strong>princpio</strong></span> <span class='ocrx_word' id='word_1_814' title='bbox 2323 5695 2380 5745; x_wconf 88' lang='lat' dir='ltr'><strong>S.</strong></span> <span class='ocrx_word' id='word_1_815' title='bbox 2401 5693 2577 5746; x_wconf 58' lang='grc' dir='ltr'><strong>Μαι-ξω</strong></span> <span class='ocrx_word' id='word_1_816' title='bbox 2601 5710 2692 5747; x_wconf 87' lang='lat' dir='ltr'><strong>seu</strong></span> <span class='ocrx_word' id='word_1_817' title='bbox 2718 5697 2776 5749; x_wconf 83' lang='lat' dir='ltr'><strong>S.</strong></span> <span class='ocrx_word' id='word_1_818' title='bbox 2798 5694 3062 5747; x_wconf 82' lang='lat' dir='ltr'><strong>Germano</strong></span> <span class='ocrx_word' id='word_1_819' title='bbox 3088 5692 3445 5747; x_wconf 81' lang='lat' dir='ltr'><strong>Autissiudor.</strong></span> 
     </span>
    </p>
   </div>
   <div class='ocr_carea' id='block_1_119' title="bbox 1880 5764 3447 5834">
    <p class='ocr_par' dir='ltr' id='par_1_119' title="bbox 1880 5764 3447 5834">
     <span class='ocr_line' id='line_1_119' title="bbox 1880 5764 3447 5834; baseline -0.003 -15"><span class='ocrx_word' id='word_1_820' title='bbox 1880 5765 2155 5832; x_wconf 76' lang='lat' dir='ltr'><strong>episcopo,</strong></span> <span class='ocrx_word' id='word_1_821' title='bbox 2195 5779 2299 5821; x_wconf 80' lang='lat' dir='ltr'><strong>non</strong></span> <span class='ocrx_word' id='word_1_822' title='bbox 2328 5764 2385 5819; x_wconf 83' lang='lat' dir='ltr'><strong>S.</strong></span> <span class='ocrx_word' id='word_1_823' title='bbox 2410 5764 2705 5834; x_wconf 80' lang='lat' dir='ltr'><strong>Stephano,</strong></span> <span class='ocrx_word' id='word_1_824' title='bbox 2736 5774 3002 5823; x_wconf 83' lang='lat' dir='ltr'><strong>sacratum</strong></span> <span class='ocrx_word' id='word_1_825' title='bbox 3036 5766 3197 5819; x_wconf 75' lang='lat' dir='ltr'><strong>fuisse</strong></span> <span class='ocrx_word' id='word_1_826' title='bbox 3227 5764 3447 5833; x_wconf 80' lang='lat' dir='ltr'><strong>legitur.</strong></span> 
     </span>
    </p>
   </div>
  </div>
