3964 6344
566 313 666 367 N9

1468 321 1525 376 Β.
1569 322 1820 381 ΕᾹΒΟῙᾸ
1858 325 2075 383 ΜᾹΟΝΙ
2112 329 2264 387 ορρ.
2307 329 2484 390 PARS
2524 331 2562 387 I.
2605 332 2851 391 SECTIO
2884 333 2955 391 II.

3722 346 3815 403 Μ

565 449 659 500 pro
687 442 866 490 nostro
886 442 1167 504 augmento
1194 433 1293 489 sub
1316 437 1622 495 emunitatis
1654 443 1869 497 nomine
1897 443 1948 497 in
1977 446 2131 500 luml-
2159 450 2209 507 Α
2238 445 2677 518 deservientibus,
2708 452 2794 521 qui
2825 462 2946 508 sunt
2975 451 3113 509 infra
3147 468 3304 525 agros
3340 458 3423 514 vel
3459 461 3690 528 vineas,
3726 480 3812 521 seu

563 526 778 579 naribus
806 526 861 580 S.
909 524 1136 579 Mani-itii
1182 525 1400 595 gloriosi
1443 529 1693 599 martyris
1720 533 2014 589 concedere
2041 535 2131 590 de-

561 613 808 668 beremus
851 629 867 666 :
921 614 1065 682 quod
1116 613 1186 668 ita
1253 623 1310 670 et
1357 616 1597 673 fecimus.
1651 620 1986 690 QuaprOpter
2037 639 2132 694 per

560 711 878 763 prmeentem
932 704 1350 773 praeceptionem
1402 707 1743 765 decernimus
1806 720 1859 767 et
1912 716 2129 771 omnino

553 788 820 859 iubemus,
853 800 913 845 ut
942 806 1039 848 nec
1073 808 1185 860 vos,
1224 811 1321 850 nec
1345 796 1591 865 iuniores
1623 801 1822 868 vestri,
1871 818 1967 859 nec
1996 819 2127 859 suc-

553 895 795 936 cessares
836 898 1059 953 eorum,
1104 901 1201 940 nec
1249 887 1471 956 quilibet
1509 889 1576 945 de
1617 892 1851 958 partibus
1887 893 2125 961 iudicum

555 970 664 1024 iisci
697 973 897 1039 nostri,
946 975 997 1027 in
1040 976 1368 1044 quibuslibet
1398 980 1544 1048 pagis
1586 996 1647 1035 ac
1688 982 1970 1039 territoriis
2012 986 2122 1053 ipsa

551 1061 685 1115 cella
717 1063 777 1119 S.
806 1064 1072 1133 Stephani
1100 1067 1290 1122 locella
1324 1080 1502 1127 tenere
1531 1073 1761 1140 videtur,
1794 1076 1938 1129 sicut
1966 1091 2125 1144 supe-

530 1152 661 1203 ‘rius
686 1152 942 1219 diximus,
974 1171 1071 1211 nec
1098 1156 1369 1213 infrendas
1401 1160 1485 1214 vel
1518 1158 1662 1215 freda
1690 1164 1982 1232 exigenda,
2025 1180 2124 1221 nec

549 1240 1022 1312 adhospitalitates
1047 1256 1138 1301 aut
1161 1246 1469 1305 manﬁones
1488 1252 1572 1307 vel
1596 1265 1805 1321 paratas
1828 1254 2119 1323 faciendas,

548 1347 647 1387 nec
690 1335 756 1388 ad
796 1335 932 1390 ullas
976 1338 1325 1395 redibitiones
1372 1341 1756 1411 requirendus,
1810 1355 1865 1401 et
1912 1362 2009 1401 nec
2054 1348 2119 1402 ad

448 1446 451 1447 ν
544 1430 784 1491 iuniores
812 1442 936 1483 suos
963 1440 1214 1486 exactare
1256 1446 1354 1487 nec
1397 1434 1593 1489 offerre
1638 1437 1846 1503 penitus
1900 1452 2004 1493 non
2032 1454 2119 1494 re-

546 1519 788 1586 quirant,
836 1522 938 1576 nisi
972 1533 1025 1575 ut
1057 1522 1309 1590 diximus,
1351 1540 1446 1595 pro
1479 1528 1739 1582 mercedis
1770 1540 1965 1585 nostra:
1992 1547 2123 1602 aug-

547 1618 729 1662 mento
776 1611 829 1663 in
883 1609 1232 1668 luminaribus
1281 1615 1340 1669 S.
1385 1617 1613 1672 Mauritii
1661 1620 1761 1674 sub
1809 1624 2123 1678 emunitatis

546 1699 782 1765 nomine,
828 1700 917 1756 ubi
961 1701 1074 1770 ipse
1120 1704 1408 1761 Mauriolns
1438 1709 1722 1779 episcopus
1767 1719 1948 1766 custos
1997 1727 2119 1768 esse

546 1787 777 1853 videtur,
810 1791 856 1843 ei
889 1793 1128 1859 proficiat
1159 1797 1209 1850 in
1241 1807 1610 1868 augmentum.
1654 1800 1722 1856 Et
1751 1809 1807 1856 ut
1833 1801 1948 1858 bare
1975 1818 2111 1872 [ιι-αξ-
2142 1788 2189 1848 Β

543 1878 720 1945 eeptio
751 1880 952 1937 firmior
978 1882 1257 1955 habeatur,
1287 1898 1344 1943 et
1373 1891 1563 1945 melius
1592 1906 1687 1961 per
1715 1902 1954 1962 tempora
1982 1909 2115 1950 eon-

541 1979 803 2036 servetur,
829 1988 1017 2028 manus
1040 1980 1267 2047 propriae
1288 1980 1771 2053 subseriptionibtts
1792 1985 1978 2043 subter
1996 2001 2111 2043 eam

539 2060 870 2117 decrevimus
898 2065 1176 2124 roborare.

611 2150 832 2221 Signum
858 2153 1036 2210 Karoli
1065 2156 1425 2225 gloriosissimi
1455 2178 1612 2234 regis.

610 2240 882 2299 Hitherius
910 2249 1240 2316 recognovit.

617 2333 743 2386 Data
775 2349 959 2390 mense
986 2335 1197 2404 Martio,
1228 2356 1370 2396 anno
1402 2343 1463 2398 11
1502 2347 1645 2415 regni
1679 2349 1865 2404 nostri.
1918 2352 2110 2406 Actum

538 2423 825 2481 Haristalio
858 2430 1054 2496 palatio
1083 2432 1319 2503 publico,
1350 2435 1592 2493 feliciter.
1622 2423 1812 2497 Amen.

1267 2549 1379 2604 VII.

547 2627 793 2696 Diploma
846 2633 1205 2777 Carolomanzti
1258 2646 1706 2779 pronrgfnasterio
1756 2647 2109 2722 Honaugiensi

808 2724 813 2727 η
1176 2725 1311 2764 anno
1476 2754 1489 2766 .

808 2724 813 2727 “
1154 2724 1311 2766 (anno
1341 2724 1489 2766 ΊΊυ).

748 2813 842 2875 (Ex
864 2814 1207 2883 Mabillouinm,
1257 2827 1368 2873 tom.
1400 2823 1441 2874 ll
1476 2825 1651 2903 Annal.
1677 2828 1887 2891 Bened.)

601 2916 1022 2973 Carolomannus
1065 2925 1233 2994 gratia
1282 2926 1375 2983 Dei
1416 2944 1508 2985 rex
1554 2930 1902 3001 Francorum,
1935 2938 2015 2992 vir
2043 2940 2106 2993 il«

534 3006 735 3073 lnster,
797 3012 1045 3067 omnibus
1088 3016 1353 3087 episc0pis
1385 3060 1401 3084 ,
1459 3021 1780 3094 abbatibus,
1838 3029 2103 3099 ducibus,

2231 552 2391 607 super
2431 550 2598 595 terras
2644 542 2910 610 praedictae
2953 543 3204 600 Ecclesia:
3245 563 3338 616 per
3379 564 3615 605 manum
3663 568 3811 621 agen-

2231 627 2358 681 tium
2397 641 2579 683 eorum
2620 631 2683 684 ad
2721 632 2888 700 ipsam
2922 633 3203 690 ecclesiam
3241 638 3490 706 proﬁciat
3536 640 3596 694 in
3639 657 3809 711 perpe-

2229 725 2422 774 tuum:
2482 730 2535 773 et
2591 722 2729 790 quod
2788 737 2884 776 nos
2942 734 3160 793 propter
3201 741 3395 783 nomen
3452 729 3720 797 Domini,
3764 747 3808 789 et

2225 809 2418 862 animae
2444 818 2637 863 nostra:
2660 811 2974 877 remedium,
2999 827 3091 868 seu
3116 825 3349 870 nostram
3385 819 3805 889 subsequentem

2231 900 2539 970 progeniem
2583 902 2736 970 plena
2778 900 3063 960 devotione
3102 906 3443 969 indulsimus,
3480 922 3591 962 nec
3626 911 3803 977 regalis

2225 990 2546 1055 sublimitas,
2577 1006 2675 1046 nee
2698 995 3058 1061 quorumlibet
3087 996 3324 1064 iudicum
3362 998 3509 1051 seria
3552 999 3805 1067 cupiditas

2223 1080 2487 1149 refragare
2524 1090 2711 1135 tentet.
2758 1083 2821 1136 Et
2861 1092 2915 1137 ut
2952 1100 3186 1153 przesens
3213 1090 3512 1142 auctoritas
3543 1099 3654 1142 tam
3684 1105 3802 1159 pr:-

2223 1171 2463 1226 sentibus
2500 1186 2656 1240 quam
2699 1173 2886 1227 futuris
2923 1177 3253 1244 temporibus
3286 1178 3551 1238 inviolata
3586 1180 3701 1236 Deo
3724 1182 3802 1237 ad-

2219 1260 2394 1329 iutore
2428 1272 2760 1329 permaneat,
2787 1279 2945 1319 manu
2978 1275 3159 1321 nostra
3200 1268 3387 1323 subter
3407 1285 3540 1325 eam
3568 1271 3801 1327 decrevi-

2224 1365 2340 1404 tnus
2366 1350 2657 1406 affirmare.

2292 1441 2509 1514 Signum
2537 1442 2911 1499 Karolomanni
2945 1449 3316 1516 gioriosissimi
3343 1451 3521 1521 regis.

2294 1533 2612 1601 Maginarius
2642 1539 2951 1604 recognovit
2979 1548 3031 1590 et
3057 1537 3394 1607 subscripsit.

2297 1624 2423 1678 Data
2446 1625 2496 1679 in
2520 1641 2702 1681 mense
2726 1628 2935 1689 Martio,
2960 1643 3101 1682 anno
3126 1630 3185 1683 ll
3213 1633 3361 1701 regni
3385 1632 3590 1688 nostri.
3615 1632 3790 1688 Aetna

2223 1715 2665 1773 'l‘heudone-villa
2692 1720 2916 1788 palatio,
2942 1718 2997 1774 in
3025 1720 3117 1775 Dei
3144 1722 3362 1777 nomine
3386 1722 3650 1778 feliciter.

2936 1850 3073 1906 VIII.

2216 1958 2406 2013 Charta
2428 1958 2968 2032 Carolomauuigregis,
2999 1977 3099 2032 qua
3128 1960 3279 2015 villas
3303 1960 3597 2016 Faber-atas
3618 1971 3670 2017 et
3688 1960 3788 2017 Nec

2312 2039 2509 2083 ronlent
2534 2031 2754 2085 coenobio
2783 2030 3103 2103 Dionysiano
3129 2033 3327 2101 confert
3359 2033 3525 2101 (anno
3548 2034 3704 2101 77I).

2214 2138 2306 2199 (Ex
2332 2140 2537 2203 append.
2562 2154 2683 2191 nova
2703 2142 2763 2191 ad
2784 2143 3189 2266 sec‘patédagt‘gd)it.
3216 2141 3301 2191 lib.
3342 2142 3409 2192 de
3451 2140 3530 2194 Re
3571 2144 3781 2206 (ἥρωσι,

2280 2302 2697 2359 Carolomannus
2735 2306 2900 2374 gratia
2928 2304 3021 2360 Dei
3070 2320 3162 2359 rex
3211 2304 3563 2370 Francorum,
3590 2305 3671 2358 vir
3694 2304 3774 2358 in-

2211 2395 2395 2449 luster.
2468 2397 2535 2450 Et
2586 2396 2708 2465 quia
2774 2407 3025 2451 monente
3085 2397 3356 2466 Scriptura
3417 2400 3486 2452 ita
3546 2406 3780 2466 Oporteat

2213 2501 2646 2555 unumquemque
2689 2498 2996 2542 constanter
3044 2488 3355 2557 praeparari,
3398 2496 3650 2557 quatenus
3680 2502 3771 2540 ve-

2210 2577 2391 2631 niente
2421 2575 2472 2630 in
2502 2585 2793 2645 conspectu
2832 2578 3048 2646 superni
3090 2575 3291 2631 .ludicis
3329 2577 3461 2630 illam
3500 2585 3763 2630 mereatur

2210 2665 2423 2719 Domini
2469 2667 2609 2735 piam
2652 2681 2834 2719 vocem
2877 2666 3095 2731 audire,
3143 2666 3285 2721 unde
3318 2679 3488 2719 oniues
3524 2666 3645 2732 justi
3688 2680 3757 2720 ex

2210 2756 2362 2810 bonis
2410 2758 2613 2810 actibus
2667 2766 2824 2809 erunt
2868 2756 3079 2824 gavisi;
3132 2763 3445 2825 quapropter
3485 2768 3580 2807 nos
3623 2755 3765 2808 salu-

2208 2849 2395 2911 briter.
2438 2860 2493 2903 ιιι
2539 2848 2830 2910 credimus,
2880 2849 3283 2902 considerantes
3323 2846 3549 2915 qualiter
3577 2862 3641 2899 ex
3672 2854 3771 2900 ter-

2207 2939 2347 2991 renis
2393 2940 2572 3001 rebus,
2617 2938 2806 3007 Quibus
2851 2952 3079 3006 superna
3124 2938 3293 3004 gratia
3321 2936 3477 2990 nobis
3506 2935 3771 2989 afﬂuenter

2207 3029 2259 3083 in
2314 3030 2413 3083 hoc
2455 3030 2654 3084 saeculo
2702 3030 2892 3098 largire
2935 3030 3146 3098 dignata
3200 3039 3278 3083 est
3306 3068 3321 3091 ,
3374 3028 3558 3081 saltim
3606 3028 3684 3081 vel
3725 3027 3771 3080 in

530 3099 838 3167 comitibus,
869 3104 1192 3173 domesticis,
1231 3108 1466 3179 vicariis,
1509 3118 1827 3172 centenariis
1866 3120 1947 3175 vel
1989 3137 2105 3176 om-

2213 3120 2527 3188 paupcribus
2569 3136 2632 3174 ex
2674 3119 2775 3174 hoc
2815 3119 3051 3174 tribuere
3090 3119 3431 3183 deberemus,
3470 3118 3617 3172 unde
3642 3118 3771 3171 mise-

532 3188 692 3245 nibus
733 3191 912 3247 missis
955 3196 1155 3250 nostris
1196 3199 1651 3272 discurrentibus,
1702 3217 1809 3261 tam
1858 3225 2103 3278 praesen-

530 3277 674 3333 tibus
709 3296 867 3349 quam
907 3293 963 3339 et
1004 3286 1209 3343 futuris.
1257 3287 1604 3360 Cugnoscatis
1636 3296 1783 3364 quod
1815 3301 2102 3356 maximum

529 3375 680 3439 regni
724 3377 891 3430 nostri
938 3392 1132 3446 augere
1177 3384 1447 3440 credimus
1491 3388 1903 3458 munimentum,
1934 3392 1980 3446 si
2012 3394 2102 3448 be-

529 3462 721 3517 neficia
778 3477 1071 3534 opportuna
1131 3486 1225 3539 per
1272 3474 1387 3528 loca
1439 3478 1787 3534 ecclesiarum
1849 3484 2100 3539 benevola

527 3544 917 3611 deliberatione
963 3560 1344 3628 concedimus,
1400 3579 1461 3619 ac
1515 3567 1738 3622 Domino
1794 3583 2103 3641 protegente

529 3640 798 3697 stabiliter
841 3646 1125 3711 perdurate
1166 3652 1505 3711 confidimus.
1564 3658 1726 3733 Igitur
1765 3640 1975 3719 noverit
2016 3681 2104 3721 so-

528 3727 687 3781 lertia
736 3740 912 3785 vestra
958 3737 1103 3804 quod
1153 3754 1253 3795 nos
1301 3742 1365 3796 ad
1421 3727 1732 3815 petitionem
1784 3755 2102 3812 venerabilis

525 3817 629 3873 viri
670 3819 926 3890 Stephani
974 3827 1180 3883 abbatis
1226 3831 1328 3887 taie
1370 3849 1469 3903 pro
1514 3848 1710 3897 teterna
1749 3844 2102 3903 retributione

524 3909 843 3969 beneficium
885 3917 983 3972 visi
1026 3933 1211 3979 sumus
1253 3924 1576 3993 indulsisse,
1626 3942 1678 3984 ut
1722 3934 1772 3987 in
1821 3936 1972 3991 villas
2020 3941 2100 3993 vel

522 4013 616 4055 res
650 4000 903 4060 Ecclesiae
932 4008 989 4062 S‘.
1014 4007 1287 4079 Michaelis
1313 4015 1617 4087 archangeli
1657 4021 1729 4077 de
1753 4027 2098 4094 monasterio,

523 4091 675 4160 quod
702 4102 785 4149 est
819 4109 1183 4171 constructum
1224 4101 1277 4157 in
1312 4105 1483 4162 insula
1518 4109 1690 4165 Rheni
1727 4129 1845 4182 quia
1882 4091 2101 4173 vocatur

517 4182 801 4255 llonaugia
828 4228 845 4256 ,
892 4204 1025 4259 quas
1065 4196 1316 4261 praesenti
1364 4206 1605 4268 tempore
1646 4213 1735 4256 aut
1780 4214 1963 4260 nostro
2008 4221 2101 4264 aut

519 4276 812 4345 cujuslibet
852 4296 1072 4339 munere
1105 4285 1301 4343 habere
1328 4290 1552 4358 videtur,
1580 4293 1662 4348 vel
1685 4311 1816 4365 quas
1841 4298 2097 4370 deinceps

517 4370 577 4424 in
600 4371 722 4440 iure
749 4374 912 4443 ipsius
951 4380 1120 4433 sancti
1161 4381 1261 4437 loci
1304 4386 1532 4440 voluerit
1571 4387 1748 4443 divina
1791 4393 1959 4462 pictas
1984 4411 2100 4450 am-

518 4460 710 4532 pliare,
748 4465 922 4521 nullus
955 4468 1118 4537 iudex
1162 4471 1409 4539 publicus
1439 4473 1505 4528 ad
1532 4490 1721 4533 causas
1745 4460 2093 4554 audiendum,

517 4554 602 4609 vel
645 4553 796 4611 freda
834 4557 1066 4628 undique
1103 4562 1453 4631 exigendum,
1497 4581 1811 4640 quocunque
1852 4553 2095 4644 tempore

513 4658 632 4700 non
657 4657 947 4715 praesumat
977 4650 1183 4721 ingredi
1211 4671 1225 4707 :
1253 4654 1354 4709 sed
1377 4656 1661 4725 praadictns
1684 4660 1985 4728 Stephanus
2014 4667 2094 4722 vel

515 4753 858 4797 successores
893 4743 974 4797 sui
1019 4760 1117 4799 nec
1150 4746 1253 4803 ulla
1289 4750 1501 4817 publica
1535 4752 1821 4820 iudiciaria
1864 4766 2096 4826 potestas

516 4840 739 4902 propter
766 4848 958 4890 nomen
992 4835 1204 4892 Domini
1240 4841 1319 4893 vel
1355 4839 1413 4896 S.
1441 4841 1716 4899 Michaelis
1747 4848 1846 4902 sub
1874 4847 2095 4919 integra:

517 4923 830 4980 emunitatis
856 4927 1075 4981 nomine
1118 4929 1262 4995 ipsas
1300 4945 1390 4986 res
1413 4934 1583 4988 valeat
1609 4935 1905 4992 dominare.
1946 4939 2093 4995 Prae-

516 5012 781 5080 eipientes
805 5028 933 5085 ergo
951 5014 1205 5086 iubemus
1226 5028 1284 5074 ut
1310 5036 1480 5092 neque
1502 5039 1615 5089 vos,
1641 5042 1813 5097 neque
1830 5028 2090 5097 iuniores,

516 5111 611 5157 aut
649 5119 989 5161 successores
1031 5110 1227 5179 vestri,
1271 5126 1370 5167 nec
1412 5113 1517 5169 ulla
1560 5117 1768 5183 publica
1812 5118 2093 5187 iudiciaria

517 5199 758 5258 potestas
801 5209 1119 5267 quocunque
1161 5207 1402 5267 tempore
1442 5202 1496 5256 in
1538 5204 1688 5261 villas
1714 5247 1730 5269 ,
1772 5207 2095 5275 ubicumque

518 5285 575 5337 in
604 5299 767 5353 regno
798 5295 1007 5355 nostro,
1051 5290 1151 5359 ipsi
1183 5291 1435 5347 Ecclesia:
1483 5304 1575 5348 aut
1617 5298 1757 5366 regia
1798 5308 1888 5354 aut
1916 5300 2099 5369 priva-1

519 5383 695 5428 torum
722 5376 804 5430 vel
838 5377 1102 5434 bonorum
1144 5381 1415 5437 hominum
1460 5385 1702 5456 largitate
1739 5388 1980 5456 collatas,
2009 5392 2097 5446 vel

520 5480 639 5533 qua
666 5466 878 5523 inantea
913 5484 1008 5540 per
1040 5470 1204 5527 Deum
1238 5474 1488 5530 timentes
1517 5476 1712 5534 fuerint
1736 5479 1942 5535 collata:
1963 5521 1977 5546 ,
2025 5482 2093 5537 ad

522 5554 813 5614 audiendas
850 5560 1229 5619 altercationes
1271 5565 1511 5635 ingredi,
1544 5577 1635 5623 aut
1672 5568 1821 5625 freda
1860 5570 1927 5631 de
1964 5588 2094 5642 qua-

526 5644 658 5700 libet
685 5660 843 5704 causa
873 5653 1122 5720 exigere,
1164 5669 1263 5710 nec
1292 5656 1600 5714 mansiones
1638 5669 1730 5715 aut
1773 5672 1984 5730 paratas
2008 5663 2097 5720 vel

528 5734 875 5810 ﬁdeiussores
897 5742 1084 5803 tollere
1106 5748 1476 5819 praesumatis;
1513 5750 1607 5807 sed
1629 5750 1880 5823 quicquid
1902 5754 2093 5814 exinde

2208 3213 2493 3267 ricordiam
2539 3211 2799 3267 Altissimi
2840 3212 3063 3281 adipisci
3109 3213 3400 3266 valeamus.
3451 3213 3665 3266 Idcirco
3689 3225 3761 3265 cc-

2208 3306 2384 3360 dimus
2411 3315 2565 3374 atque
2591 3308 2853 3361 donamus
2886 3321 2983 3376 pro
3007 3307 3200 3359 anima:
3232 3315 3433 3359 nostra:
3464 3305 3756 3366 remedium,

2206 3399 2289 3453 vel
2334 3414 2430 3467 pro
2469 3400 2708 3468 genitore
2757 3410 2941 3453 nostro
2980 3395 3246 3468 quondam
3291 3398 3558 3467 Pippino,
3590 3400 3749 3452 adeo-

2207 3480 2493 3545 nasterium
2535 3490 2713 3547 Sancti
2759 3490 2992 3561 Dionysii
3031 3492 3314 3560 martyris,
3370 3491 3465 3543 ubi
3524 3491 3749 3557 pretiosus

2206 3581 2432 3635 domnus
2452 3596 2571 3634 eum
2597 3582 2756 3635 sociis
2781 3582 2891 3635 suis
2913 3595 3135 3648 corpore
3160 3580 3474 3648 requiescit,
3502 3581 3757 3633 donatum-

2204 3685 2309 3739 que
2367 3670 2430 3723 ad
2491 3670 2706 3740 praefato
2763 3680 2947 3724 sancto
2987 3670 3105 3724 loco
3165 3682 3283 3723 eSse
3323 3669 3626 3734 volumus,
3685 3669 3764 3721 hoc

2205 3770 2287 3815 est
2325 3761 2477 3815 villas
2516 3761 2654 3826 quod
2697 3759 2808 3829 ipse
2847 3760 3054 3830 genitor
3094 3770 3276 3815 noster
3323 3775 3419 3828 per
3459 3776 3663 3815 manus
3689 3774 3769 3814 nec

2204 3859 2343 3903 stras
2390 3848 2453 3902 ad
2507 3848 2617 3916 ipsa
2661 3863 2782 3902 casa
2830 3849 2919 3902 Dei
2964 3848 3162 3903 dudum
3205 3847 3595 3917 delegauerat,
3653 3865 3772 3904 anno

2203 3949 2463 4007 cupautes
2510 3938 2827 4004 Faberolas,
2874 3938 2965 4009 qui
3010 3940 3223 4009 ponitur
3264 3940 3314 3993 in
3360 3955 3503 4009 pago
3553 3941 3773 3994 Madria-

2206 4043 2395 4093 cense,
2445 4039 2499 4084 et
2540 4028 2779 4085 Noronte
2820 4030 2873 4085 in
2916 4045 3050 4100 pago
3093 4028 3411 4094 Carnotino,
3463 4044 3594 4084 eum
3649 4031 3776 4085 omni

2203 4117 2527 4187 integritate,
2554 4119 2639 4173 vel
2676 4120 2999 4190 appendiciis
3026 4134 3227 4184 earum,
3260 4119 3325 4173 ad
3359 4121 3479 4190 ipso
3512 4133 3778 4175 monaste-

2202 4210 2303 4276 rio,
2334 4210 2416 4263 vel
2459 4210 2730 4265 monachis
2768 4210 2962 4265 ibidem
3002 4210 3333 4280 degentibus,
3371 4224 3467 4264 seu
3515 4211 3587 4265 ad
3634 4212 3778 4266 lumi-

2202 4301 2350 4354 naria
2412 4302 2577 4370 ipsios
2633 4302 2878 4357 ecclesiae
2936 4301 3325 4370 procurandum
3368 4301 3452 4355 vel
3516 4303 3781 4370 stipend‘a

2204 4404 2517 4459 pauperum,
2557 4402 2611 4444 ut
2655 4390 2936 4459 prmdictas
2963 4391 3115 4445 villas
3158 4390 3418 4459 proficere
3455 4390 3703 4445 debeant
3733 4392 3779 4447 in

2126 4486 2178 4548 ι)
2204 4490 2581 4552 augmentum,
2626 4482 2766 4537 sicut
2804 4498 2834 4536 a
2876 4498 3029 4539 vasso
3069 4497 3254 4538 nostro
3295 4483 3609 4555 Audrgario
3655 4500 3780 4555 pos-

2202 4589 2378 4629 sessas
2423 4574 2663 4639 fuerunt,
2712 4582 2767 4629 et
2805 4583 2864 4627 ut
2902 4574 3090 4629 melius
3133 4575 3360 4629 delectet
3405 4575 3557 4643 ipsos
3600 4589 3782 4629 mona-

2202 4665 2331 4720 chos
2384 4680 2477 4733 pro
2536 4664 2687 4718 nobis
2740 4664 2801 4719 σι
2851 4665 3091 4733 geniture
3139 4677 3323 4719 noStro
3376 4665 3466 4719 die
3516 4677 3785 4733 noctuque

2205 4752 2414 4808 Domini
2460 4752 2881 4809 misericordiam
2925 4756 3196 4809 adtentius
3243 4755 3560 4824 deprecare.
3629 4757 3787 4827 Igitur

2205 4842 2482 4912 prmdictas
2507 4844 2660 4900 villas
2686 4845 2973 4899 Faberolas
2999 4856 3047 4899 et
3072 4844 3311 4899 Noronte
3350 4844 3598 4901 cedimus
3628 4860 3785 4915 atque

2203 4934 2462 4988 donamus
2514 4933 2581 4987 ad
2633 4935 2749 5001 ipso
2802 4944 2987 4989 sancto
3032 4935 3194 5001 loco,
3256 4950 3358 4988 una
3403 4949 3530 4989 cum
3581 4939 3783 5002 terris,

2202 5025 2487 5090 domibus,
2532 5027 2802 5091 mdiliciis,
2847 5027 3161 5092 accolahus,
3207 5028 3527 5097 mancipiis,
3579 5032 3783 5091 vineis,

2203 5118 2376 5185 silvis,
2420 5117 2643 5185 campis,
2696 5118 2902 5186 pratis,
2946 5121 3153 5186 pascuis
3182 5158 3201 5183 ,
3254 5120 3405 5190 aquis
3450 5135 3787 5189 aquarumve

2202 5206 2519 5263 decursibus
2544 5248 2558 5272 ,
2604 5206 2889 5262 mobilibus
2931 5216 2987 5263 et
3029 5209 3426 5277 immobilibus,
3474 5209 3784 5276 farinariis,

2204 5298 2378 5368 gregis
2417 5312 2538 5352 cum
2581 5299 2902 5367 pasmribus,
2940 5301 3117 5355 omnia
3153 5309 3207 5355 et
3240 5316 3304 5356 ex
3343 5303 3617 5367 omnibus,
3649 5304 3789 5360 sicut

2204 5387 2458 5455 diximus,
2501 5403 2621 5444 cum
2663 5391 2809 5443 omni
2856 5390 3181 5460 integritate,
3226 5391 3483 5461 quidquid
3528 5396 3786 5463 presenti

2206 5492 2445 5550 tempore
2477 5490 2656 5537 nostra
2683 5482 2893 5537 videtur
2918 5483 3123 5538 ibidem
3146 5496 3289 5550 ,esse
3331 5487 3622 5554 possessio,
3661 5503 3788 5556 pars

2205 5573 2444 5643 prmdicti
2472 5574 2779 5628 monasterii
2813 5574 3035 5643 ersqoe
3068 5582 3309 5631 rectores
3349 5578 3662 5647 perenniter
3690 5594 3789 5632 no-

2204 5665 2331 5719 stris
2374 5674 2429 5720 et
2473 5664 2659 5720 futuris
2700 5664 3026 5733 temporibus
3067 5664 3327 5733 habeant,
3370 5675 3589 5725 teneant
3616 5678 3789 5738 atque

2207 5757 2535 5828 possideant,
2554 5766 2605 5816 et
2636 5756 2702 5815 ad
2733 5756 2843 5829 ipsa
2868 5771 2991 5814 casa
3015 5756 3109 5816 Dei
3139 5759 3191 5814 in
3223 5768 3403 5817 nosua
3433 5759 3788 5830 CIeemOsytt:
