3964 6344
127 304 238 361 921

470 297 696 357 CODEX
735 296 1253 354 DIPLOMATICUS.
1293 324 1363 336 -
1401 291 1807 349 PRIVILEGIA.
1841 321 1909 332 --
1939 289 1977 345 Ι.
2022 288 2264 345 Ριιιγιι..
2309 287 2439 343 PER
2477 286 2751 343 GALLIJZ
2790 285 3078 343 PARTES.

3291 285 3396 341 923

126 435 319 489 usque
353 419 405 473 in
435 425 746 485 perpetuum
770 412 972 480 absque
1000 410 1144 465 illius
1176 409 1494 478 repetitione
1520 406 1718 460 debeat
1749 409 1797 467 Α
1821 413 2160 471 comparato,
2190 401 2275 456 vel
2305 401 2373 458 de
2402 399 2637 470 quolibet
2668 408 2925 465 attracto,
2955 413 3051 453 seu
3079 412 3142 454 ex
3173 412 3395 452 munere

127 523 264 565 esse
304 508 426 577 jure
465 504 673 571 integro
714 501 1051 557 conﬁrmato.
1090 500 1153 552 Et
1191 506 1247 552 ut
1286 498 1400 551 haec
1436 495 1724 549 auctoritas

130 602 301 653 tirma
363 607 419 652 et
467 592 775 649 inconvulsa
822 599 1171 659 permaneat,
1233 603 1331 643 nos
1387 601 1504 640 eam
1561 582 1722 640 manu

130 670 367 759 propria
406 686 589 740 subter
630 681 999 745 ﬁrmavimus,
1060 689 1115 734 et
1164 678 1233 733 de
1283 675 1485 730 annulo
1540 685 1723 730 nostro

130 778 389 843 sigillare
419 775 695 845 iussimus.

210 868 380 937 Sign.
408 862 797 921 Carolomanno
824 858 1213 929 gloriosissimo
1241 871 1388 927 rege.

211 956 549 1027 Maginarius
580 951 864 1021 recognovi
894 962 945 1006 et
973 949 1286 1018 subscripsi.

216 1049 362 1101 Data
388 1047 438 1099 in
464 1058 645 1099 mense
669 1041 963 1106 Decembri,
991 1054 1132 1094 anno
1152 1048 1339 1107 quarto
1362 1035 1509 1106 regni
1533 1036 1727 1090 nostri.

136 1139 350 1191 Actum
378 1148 402 1174 ει
425 1131 798 1202 Salmunciago
825 1131 1020 1202 palatio
1047 1128 1282 1200 publico,
1308 1128 1361 1182 in
1393 1126 1486 1181 Dei
1515 1124 1731 1180 nomine

138 1230 409 1285 feliciter.

904 1310 995 1368 IX.

143 1429 481 1501 Prii-ceptum
510 1420 893 1501 Caroli__l!_agu_i
932 1420 994 1501 de
1023 1419 1251 1501 (inﬂante
1273 1414 1304 1457 δ
1337 1414 1389 1471 Μ
1407 1414 1647 1470 onaslerii
1671 1414 1729 1470 S.

639 1488 903 1548 Michaelis
926 1491 1083 1564 (arma
1114 1488 1266 1559 772).

317 1629 412 1689 (Ex
438 1624 637 1688 “abiit,
660 1632 773 1676 tom.
799 1623 844 1673 ll
867 1629 1091 1674 veterum
1112 1620 1349 1684 Analect,
1373 1635 1424 1684 p.
1456 1622 1539 1672 ιοι
1570 1623 1588 1681 )

222 1735 458 1789 Carolus
502 1732 593 1786 Dei
630 1731 798 1801 gratia
832 1730 914 1782 vir
952 1727 1202 1793 illustris,
1240 1726 1567 1781 Francorum
1618 1740 1706 1778 rex

151 1826 320 1879 Tunc
351 1821 538 1890 regalis
568 1819 829 1876 celsitudo
856 1816 1197 1873 fundamenta
1227 1816 1308 1871 sui
1340 1815 1586 1869 culminis
1618 1830 1737 1867 cor-

151 1914 412 1977 roborat,
447 1910 659 1980 quando
698 1908 1038 1978 petitionibus
1066 1906 1400 1962 sacerdotum
1428 1906 1613 1960 stndet
1644 1920 1741 1973 pro

154 2016 356 2058 eorum
382 1998 562 2070 quiete
589 1999 671 2053 vel
699 1997 971 2067 juvamine
998 1990 1287 2062 obaudire,
1319 2003 1373 2051 et
1396 1994 1462 2049 ad
1491 1996 1739 2051 ell’ectum

154 2091 212 2145 in
266 2089 364 2143 Dei
414 2088 628 2142 nomine
664 2084 990 2153 mancipare.
1027 2083 1158 2139 Cum
1204 2082 1384 2153 itaque
1420 2083 1745 2140 venerabilis

158 2182 245 2237 vir
274 2178 713 2249 Hermengaudus
741 2177 904 2232 abbas
929 2177 1041 2232 sive
1076 2176 1360 2247 episcopus
1386 2175 1454 2232 de
1483 2186 1746 2231 monaste-

159 2273 245 2327 rio
271 2270 611 2326 Castellionis
655 2268 708 2322 in
759 2282 893 2336 pago
940 2268 1289 2334 Virdunensi,
1322 2268 1374 2321 in
1412 2266 1519 2323 ﬁne
1547 2266 1746 2323 Vinde-

163 2366 341 2419 miaca
361 2407 376 2430 ,
404 2360 491 2418 ubi
522 2359 794 2431 consurgit
824 2358 1013 2414 ﬂuvius
1040 2357 1297 2427 Marsupia
1320 2397 1335 2422 ,
1362 2359 1509 2427 quod
1541 2358 1746 2415 illuster

165 2455 463 2510 Volt'audus
490 2463 545 2509 et
572 2452 769 2523 coniux
795 2466 886 2507 sua
920 2451 1167 2507 Adalsina
1205 2451 1257 2506 in
1288 2466 1471 2507 eorum
1503 2450 1747 2520 proprie-

169 2557 313 2612 tale,
341 2546 392 2600 iu
424 2545 627 2600 honore
654 2542 825 2599 sancti
857 2543 1125 2598 Michaelis
1160 2542 1494 2614 archangeli,
1525 2542 1607 2598 vel
1637 2556 1743 2597 ca:-

172 2644 413 2691 terorum
441 2634 775 2690 dominorum
803 2644 1128 2701 sanctorum,
1158 2636 1245 2691 ubi
1268 2636 1382 2705 ipse
1410 2651 1529 2690 cum
1561 2650 1746 2689 norma

170 2726 403 2795 plurima
442 2725 749 2781 conversari
799 2724 1039 2793 videtur,
1082 2727 1317 2780 noscitur
1359 2726 1746 2791 construxisse,

175 2816 387 2885 integra
412 2814 741 2870 immunitate
770 2830 958 2871 omnes
982 2829 1099 2881 res,
1129 2814 1311 2879 villas,
1339 2814 1421 2869 vel
1454 2814 1746 2882 facultates,

177 2915 236 2960 et
264 2905 517 2975 quidquid
547 2908 789 2975 praesenti
826 2914 1064 2974 tempore
1092 2906 1143 2960 in
1167 2904 1570 2975 quibuseunque
1599 2905 1749 2975 pagis

181 3006 241 3050 et
267 2996 569 3052 terraturiis
606 2997 657 3051 in
696 3010 860 3067 regno
889 2996 999 3051 Deo
1028 2995 1256 3066 propitio
1285 3005 1500 3061 nostro,
1533 3003 1638 3049 tam
1683 3009 1749 3047 ex

1825 510 2007 563 regunt
2051 494 2248 549 habere
2289 493 2514 555 videtur,
2542 499 2634 544 aut
2657 490 2909 560 quidquid
2965 490 3136 544 adhuc
3184 489 3395 544 inautea

1823 585 2110 647 attrahere,
2138 583 2220 637 vel
2246 583 2560 638 emeliorare
2584 580 2833 650 potuerit,
2860 590 2915 634 et
2937 580 3075 649 quod
3104 595 3133 633 a
3163 579 3396 635 timenti-

1824 676 1924 730 bus
1965 675 2127 730 Deum
2179 674 2332 728 bonis
2376 666 2687 727 hominibus
2729 672 2963 726 additutn
3015 672 3096 727 vel
3141 671 3395 725 collatum

1827 767 2017 832 fuerit,
2064 766 2133 820 ibi
2174 766 2449 835 iudiciaria
2501 776 2737 834 potestas
2784 766 2988 835 ingredi
3032 763 3239 833 penitus
3287 779 3395 821 non

1825 866 2111 924 praesumat
2142 872 2155 908 :
2187 855 2280 908 sed
2306 895 2320 919 ,
2355 866 2411 909 ut
2436 856 2664 909 diximus
2688 894 2704 920 ,
2748 870 2810 909 ex
2855 863 3031 909 nostra
3070 855 3396 925 indulgentia

1823 945 1931 1015 jam
1955 946 2128 1000 dictus
2152 946 2317 1000 abbas
2344 945 2457 1001 sive
2484 946 2764 1013 episcopus
2797 947 3225 1015 llermangaudus
3246 985 3264 1009 ,
3307 954 3399 1000 aut

1831 1052 1953 1104 pars
1979 1037 2289 1092 monasterii
2328 1038 2448 1103 sui,
2489 1038 2567 1091 vel
2608 1038 2783 1093 omnis
2822 1038 3159 1107 congregatio
3203 1039 3401 1095 ibidem

1829 1130 2166 1186 existentium
2184 1172 2199 1196 ,
2227 1138 2317 1184 aut
2348 1144 2686 1187 successores
2710 1131 2823 1201 sui,
2851 1132 2950 1186 sub
2972 1132 3174 1199 integra
3204 1132 3401 1185 immn-

1834 1224 1996 1276 nitate
2018 1222 2193 1275 omnia
2227 1222 2372 1276 (reda
2393 1236 2643 1277 concessa
2671 1221 2900 1277 debeant
2926 1221 3204 1291 possidere
3227 1231 3280 1277 et
3306 1221 3404 1277 do-

1833 1312 2065 1375 minare,
2101 1319 2158 1365 ut
2188 1312 2379 1365 ibidem
2411 1314 2461 1365 in
2497 1313 2617 1380 ipso
2649 1320 2833 1365 sancto
2868 1312 2984 1366 loco
3017 1311 3214 1367 nostris
3236 1321 3291 1367 et
3319 1310 3404 1366 lu-

1834 1398 1964 1453 turis
1990 1399 2315 1468 temporibus
2342 1400 2449 1455 Deo
2471 1401 2754 1470 adiuvante
2782 1400 2835 1453 in
2864 1401 3209 1455 luminaribus
3234 1401 3403 1470 proli-

1835 1488 1932 1554 qiat
1976 1491 2025 1541 iu
2067 1501 2446 1559 augmentum,
2490 1472 2629 1545 unde
2663 1496 2718 1543 et
2768 1488 2880 1558 ipsa
2927 1492 3263 1559 congregatio
3305 1504 3404 1561 pro

1835 1580 2121 1635 stabilitate
2145 1581 2292 1650 regni
2316 1581 2505 1646 nostri,
2529 1580 2608 1636 vel
2635 1596 2731 1649 pro
2756 1580 2944 1636 salutis
2974 1581 3155 1650 patriae
3185 1596 3405 1651 prospe-

1840 1673 1993 1723 ritate
2018 1672 2220 1726 Domini
2249 1672 2664 1729 misericordiam
2684 1671 2881 1743 jugiter
2900 1673 3129 1728 debeant
3146 1689 3404 1729 exorare:

1718 1768 1731 1780 °
1772 1763 1810 1816 Β
1837 1774 1884 1816 et
1918 1762 2085 1816 nullas
2125 1764 2498 1834 requisitiones
2532 1774 2586 1820 et
2626 1766 3061 1833 impedimentum
3090 1781 3119 1819 a
3140 1764 3408 1835 iudicibus

1841 1850 2061 1917 publicis
2088 1852 2262 1921 aliquo
2293 1863 2558 1921 tempore,
2604 1868 2702 1907 nec
2739 1868 2769 1907 a
2806 1853 2989 1920 nobis,
3022 1867 3119 1908 nec
3153 1868 3183 1907 a
3223 1869 3409 1908 succe-

1837 1939 2084 1997 dentibus
2112 1940 2343 2011 Regibus
2363 1982 2377 2004 .
2409 1958 2507 1999 nec
2533 1943 2599 1997 de
2638 1951 2787 2013 parte
2832 1944 2944 1998 lisci
2985 1944 3190 2007 nostri,
3220 1958 3317 1997 nec
3342 1942 3410 1997 de

1839 2030 2074 2095 qualibet
2113 2030 2305 2085 exinde
2352 2032 2549 2086 habere
2584 2048 2687 2086 non
2734 2031 3095 2101 pertimescat.
3128 2032 3192 2085 Et
3219 2041 3273 2085 ut
3298 2030 3414 2087 haec

1841 2122 2125 2189 prteceptio
2156 2131 2335 2174 nostra
2382 2121 2582 2175 ﬁrmior
2609 2121 2898 2187 habeatur,
2930 2122 3011 2175 vel
3053 2136 3145 2190 per
3173 2130 3411 2188 tempora

1841 2212 2035 2268 melius
2064 2221 2425 2276 conservetur,
2459 2227 2615 2266 manu
2646 2222 2824 2267 nostra
2857 2212 3063 2281 propria
3094 2212 3409 2281 subscripsi-

1843 2317 1963 2357 mus
1981 2347 1995 2370 ,
2024 2312 2077 2358 et
2098 2303 2293 2356 annqu
2324 2314 2505 2358 nOStro
2530 2302 2747 2371 sigillari
2773 2302 3126 2357 decrevimus.

1916 2392 2136 2460 Signum
2166 2391 2338 2445 Caroli
2367 2392 2735 2462 gloriosissimi
2765 2392 2926 2462 regis.

1916 2482 2105 2536 Datum
2138 2482 2189 2536 in
2220 2497 2403 2538 mense
2433 2484 2599 2551 Maio,
2630 2499 2770 2539 anno
2811 2494 2999 2551 quarto
3045 2483 3189 2554 regni
3220 2483 3411 2540 nostri.

1844 2570 2035 2629 Actum
2069 2572 2353 2644 Drippioue
2380 2576 2432 2628 in
2463 2571 2658 2643 palatio
2688 2571 2833 2643 regio
2866 2571 3095 2642 publico.

2601 2703 2667 2760 Χ.

1848 2813 2167 2887 Ρνωεεριαηι
2195 2815 2365 2871 Caroli
2396 2814 2583 2887 ζηΙιιέιηὲ
2611 2832 2705 2885 pro
2738 2815 3040 2870 monasterio
3079 2814 3139 2869 S.
3174 2813 3416 2869 Germani

2325 2904 2355 2940 a
2383 2885 2554 2940 Pratis
2581 2889 2739 2956 (arma
2770 2887 2920 2954 772).

1913 2997 2142 3052 Karolus
2187 2996 2354 3065 gratia
2403 2996 2493 3050 Dei
2544 3012 2634 3050 rex
2689 2995 3036 3059 Francorum,
3082 2996 3160 3048 vir
3190 2993 3411 3047 illuster.

186 3085 364 3139 allode
382 3124 398 3149 ,
426 3099 579 3154 quam
602 3084 668 3141 de
686 3092 1024 3154 comparato,
1049 3084 1132 3139 vel
1155 3083 1220 3138 de
1242 3084 1471 3154 quolibet
1500 3092 1743 3150 attracto,
1776 3116 1824 3181 ο
1856 3089 2068 3159 Regalis
2100 3088 2361 3143 serenitas
2390 3102 2599 3156 semper
2624 3102 2686 3141 ea
2719 3087 2994 3141 instituere
3024 3085 3181 3140 debet
3208 3100 3323 3153 qua:
3352 3084 3417 3136 ad

188 3191 283 3231 seu
312 3190 375 3231 ex
404 3190 619 3231 munere
646 3190 828 3244 regum
862 3174 1107 3245 praesenti
1151 3183 1391 3243 tempore
1422 3172 1629 3229 videtur
1660 3173 1750 3228 ha-

182 3265 344 3332 bere,
377 3275 465 3321 aut
492 3266 744 3338 quidquid
787 3266 998 3322 inantea
1044 3266 1312 3323 attrahere
1342 3267 1422 3322 vel
1465 3268 1750 3324 meliorare

182 3360 443 3427 potuerit,
471 3367 523 3413 et
550 3358 807 3429 quidquid
838 3373 868 3413 a
912 3357 1079 3413 Deum
1124 3358 1431 3415 timentibus
1460 3357 1613 3413 bonis
1650 3359 1748 3414 ho-

185 3450 410 3506 minibus
458 3448 654 3504 ibidem
696 3448 931 3504 additum
978 3448 1063 3505 vel
1107 3448 1363 3504 collatum
1409 3447 1606 3515 fuerit,
1656 3463 1752 3519 pro

192 3538 427 3595 mercede
453 3547 637 3593 nostra
675 3539 775 3594 visi
807 3536 1000 3594 fuimus
1044 3539 1408 3605 concessisse,
1438 3536 1574 3592 sicut
1600 3538 1752 3593 bona!

193 3634 452 3690 memoria:
473 3634 721 3690 dominus
741 3644 793 3691 et
814 3635 1023 3705 genitor
1045 3642 1224 3689 noster
1248 3633 1466 3705 Pipinns
1486 3633 1751 3703 quondam

189 3740 278 3778 rex
311 3726 451 3793 fecit,
480 3734 540 3780 ut
565 3726 735 3779 nullus
758 3724 921 3795 judex
948 3724 1191 3793 publicus
1220 3738 1317 3780 nec
1344 3723 1411 3777 ad
1438 3737 1625 3778 causas
1652 3737 1751 3777 au-

184 3814 436 3880 diendas,
465 3830 563 3872 nec
592 3816 735 3870 lreda
764 3816 1017 3885 exigenda
1037 3857 1054 3883 ,
1082 3830 1181 3871 nec
1216 3816 1521 3869 mansiones
1551 3823 1641 3867 aut
1664 3828 1754 3881 pa-

183 3914 326 3959 ratas
369 3905 666 3972 faciendas,
699 3920 797 3961 nec
835 3906 967 3960 ullas
1005 3904 1377 3971 requisitiones
1417 3903 1755 3974 inquirendas

181 4011 284 4050 nec
312 3997 664 4063 exactandas,
698 4012 795 4053 nec
824 3998 888 4051 ad
923 3998 1163 4052 homines
1190 4010 1347 4063 suos,
1377 4004 1483 4050 tam
1512 3996 1579 4050 ad
1606 3996 1752 4065 inge-

179 4099 321 4139 nuos
345 4101 501 4154 quam
537 4086 604 4141 ad
650 4088 946 4143 servientes
969 4127 985 4152 ,
1016 4087 1107 4156 qui
1148 4102 1308 4157 super
1348 4095 1545 4141 terram
1590 4086 1755 4154 ipsius

178 4174 492 4230 Monasterii
535 4191 871 4231 commanere
918 4176 1191 4247 videntur,
1266 4190 1364 4231 nec
1400 4175 1756 4245 llidejussores

177 4264 481 4331 tollendos,
530 4265 661 4321 inihi
697 4266 975 4336 jodiciaria
1013 4275 1245 4334 potestas
1294 4266 1504 4335 penitus
1549 4264 1753 4333 ingredi

176 4369 293 4408 non
330 4368 610 4423 prtesumat
637 4373 651 4410 :
681 4357 773 4412 sed
808 4357 918 4426 jam
956 4356 1131 4412 dictus
1172 4355 1609 4427 lleimangaudus
1637 4357 1753 4425 epi-

1855 3191 2051 3236 mterua
2098 3176 2407 3233 multimodo
2448 3176 2723 3232 conferant
2769 3176 2946 3238 lucra,
2988 3184 3041 3229 ut
3079 3174 3146 3229 de
3173 3173 3419 3242 prmsemi

1852 3267 2110 3337 regimine
2163 3266 2230 3321 ad
2286 3266 2560 3320 ccelcstem
2613 3264 2770 3319 vitam
2820 3264 3179 3317 conscendere
3229 3261 3421 3315 valeat.

1851 3359 2025 3425 Quare
2056 3357 2209 3411 nobis
2238 3365 2445 3425 oportet
2474 3366 2527 3409 et
2554 3353 2810 3410 condecet
2849 3361 3036 3408 cuncta
3072 3351 3268 3407 salubri
3295 3365 3422 3405 con-

1853 3448 1972 3504 silio
2013 3460 2301 3517 peragere,
2348 3444 2611 3513 praecipuo
2650 3442 2929 3512 petitiones
2973 3443 3338 3504 sacerdotum,
3370 3442 3421 3494 in

1852 3554 1959 3607 quo
1994 3538 2192 3592 nostris
2232 3535 2451 3590 auribus
2483 3533 2679 3589 fuerint
2713 3533 2930 3603 perlata:
2951 3573 2965 3595 ,
2996 3531 3060 3584 ad
3089 3528 3338 3586 eﬂ‘ectum
3370 3529 3423 3582 in

1853 3627 1948 3683 Dei
1998 3627 2212 3682 nomine
2255 3626 2577 3694 mancipare.
2627 3622 2857 3692 Ideoque
2895 3622 3046 3677 nobis
3084 3631 3137 3675 et
3187 3619 3426 3688 pluribus

1856 3718 2112 3773 habeatur
2139 3716 2516 3785 prmeoguitum
2535 3756 2549 3781 ,
2575 3715 2799 3785 qualiter
2828 3712 3045 3767 basilica
3073 3713 3130 3768 S.
3168 3710 3427 3766 Vincentii

1854 3818 1907 3862 et
1935 3808 2101 3863 sancti
2144 3807 2393 3863 Germani
2428 3807 2524 3860 sub
2554 3805 2801 3875 oppidum
2833 3803 3071 3858 l’arisius
3100 3811 3427 3861 constructa.

1854 3899 1944 3953 ubi
1982 3899 2097 3968 ipse
2134 3899 2399 3967 pretiosus
2439 3895 2663 3951 domnus
2702 3895 2754 3948 in
2791 3906 3018 3962 corpore
3047 3891 3367 3959 requiescit,
3395 3904 3426 3944 a

1857 3989 2160 4060 parentibus
2189 3988 2383 4042 nostris
2411 3986 2764 4041 anterioribus
2803 3982 3048 4052 regibus,
3082 3980 3167 4035 vel
3199 3996 3229 4033 a
3271 3977 3424 4032 nobis

1856 4083 2059 4152 integra
2105 4079 2398 4134 emunitate
2444 4091 2628 4131 omnes
2676 4075 2865 4139 villas,
2895 4086 3088 4141 agros,
3131 4070 3213 4124 vel
3254 4080 3424 4123 terras

1854 4174 2064 4228 videtur
2092 4186 2222 4241 quas
2245 4169 2490 4239 ‘possidet
2517 4169 2711 4224 habere
2740 4180 3041 4221 concessas.
3073 4163 3177 4219 Sed
3211 4177 3306 4216 nos
3334 4177 3430 4230 pro

1856 4262 2115 4319 mercedis
2157 4274 2351 4317 nostra:
2384 4258 2732 4329 compendio,
2762 4258 2827 4312 ad
2859 4256 3167 4325 petitionem
3200 4270 3425 4309 venera-

1855 4354 1977 4409 bilis
2018 4353 2115 4407 viri
2152 4352 2420 4407 Lantl'redi
2461 4349 2697 4413 abbatis,
2729 4348 2820 4416 qui
2860 4346 3053 4400 ibidem
3080 4356 3257 4400 custos
3290 4360 3429 4412 pra:-

174 4459 413 4514 scnpus,
445 4456 534 4502 aut
566 4463 684 4517 pars
726 4448 891 4517 ipsius
927 4448 1229 4502 Monasterii
1248 4488 1265 4513 ,
1312 4462 1499 4502 omnes
1539 4461 1625 4502 res
1673 4446 1754 4501 vel
1787 4486 1836 4545 υ
1857 4461 1978 4503 esse
2007 4445 2233 4509 videtur,
2266 4459 2361 4514 pro
2392 4442 2687 4497 reverentia
2717 4440 2882 4508 ipsius
2908 4437 3217 4494 sanctiSoci
3238 4477 3253 4503 ,
3276 4437 3430 4490 villas

174 4536 463 4592 facultates
510 4550 635 4592 suas
678 4537 779 4593 sub
824 4538 1173 4592 immunitatis
1221 4539 1436 4592 nomine
1478 4547 1532 4592 et
1577 4538 1752 4592 omnia

176 4627 336 4681 lreda
363 4641 614 4681 concessa
653 4628 845 4683 debeat
886 4628 1161 4697 possidere
1190 4637 1253 4705 ει
1294 4627 1596 4701 dominare.
1633 4625 1755 4682 Ideo

177 4728 285 4785 per
327 4724 639 4784 praesentem
684 4719 1087 4787 praeceptionem
1131 4717 1468 4771 decernimus
1505 4716 1757 4770 ordinau-

176 4810 349 4876 dum,
389 4809 529 4879 quod
567 4810 618 4863 in
652 4818 963 4877 perpetuum
992 4808 1240 4862 volumus
1267 4821 1387 4861 esse
1415 4819 1752 4871 mansurum,

177 4907 245 4953 ut
275 4912 445 4967 neque
477 4913 595 4965 nos,
622 4914 793 4967 neque
815 4898 1053 4968 juniores
1079 4911 1415 4953 successores
1444 4896 1630 4961 nostri,
1656 4910 1754 4950 nec

176 4988 409 5059 quilibet
434 5004 500 5045 ex
524 4989 797 5059 iudiciaria
829 4998 1120 5058 potestate,
1156 5002 1254 5042 nec
1282 4988 1347 5042 de
1392 4996 1541 5055 parte
1570 4984 1756 5039 Ponti-

178 5081 377 5145 ficum,
409 5093 505 5135 nec
527 5078 593 5132 ad
620 5078 914 5148 quemlibet
939 5078 1243 5138 hominum,
1276 5076 1329 5129 in
1359 5090 1447 5130 res
1476 5074 1559 5129 vel
1589 5073 1757 5128 facul-

180 5180 327 5225 tates
356 5169 519 5238 ipsius
540 5170 746 5225 abbatis
771 5169 887 5223 sive
911 5168 1170 5237 episcOpi,
1202 5168 1285 5222 vel
1312 5164 1619 5220 nionastetii
1649 5165 1754 5231 sui,

179 5259 442 5331 quidquid
480 5262 728 5330 presenti
764 5271 1031 5331 tempore,
1064 5269 1172 5313 tam
1208 5274 1271 5314 ex
1300 5257 1474 5314 allode
1502 5271 1659 5327 quam
1689 5257 1759 5313 de

256 5446 284 5474 ⁸·
311 5436 733 5494 Salmoncistcum
752 5479 767 5504 ,
797 5438 957 5512 vulgo
983 5437 1278 5510 Samoncy.
1315 5436 1504 5512 subtus
1535 5436 1749 5512 Laudn-

180 5523 313 5561 num
346 5522 540 5578 versus
584 5512 843 5563 orientem
871 5507 1039 5578 {qua
1086 5507 1321 5563 tenditur
1360 5509 1427 5561 ad
1474 5507 1753 5576 Deipamm

183 5576 570 5633 laetitiensem.

258 5648 285 5687 ¹>
318 5647 693 5702 Monasterium
732 5648 789 5701 S.
843 5647 1139 5706 Michaelis.
1179 5662 1271 5700 seu
1308 5645 1756 5700 Vetus-Monaste-

183 5730 356 5786 rzttm,
398 5716 829 5785 Vicus-Manlia,
864 5720 913 5772 in
952 5733 1083 5789 pago
1115 5718 1427 5772 Virdunensi
1467 5718 1529 5771 ad
1560 5719 1758 5770 Marsu-

1860 4554 1979 4592 cum
2010 4537 2150 4607 agris
2172 4576 2187 4602 ,
2218 4536 2376 4590 terris
2405 4542 2511 4587 tam
2542 4533 2677 4586 ultra
2709 4531 2937 4600 Ligerim
2968 4545 3125 4599 quam
3156 4531 3298 4582 circa
3332 4527 3426 4580 ha-

1860 4632 2019 4696 bere,
2054 4631 2137 4686 vel
2170 4629 2255 4683 ubi
2284 4629 2335 4681 in
2375 4641 2571 4697 regno,
2606 4624 2713 4680 Deo
2741 4623 3001 4695 pr0pitio,
3036 4629 3215 4674 nostro
3243 4633 3428 4673 eorum

1862 4729 2226 4797 possessiones
2255 4740 2373 4781 esse
2403 4731 2716 4786 noscuntur,
2750 4730 2854 4772 tam
2886 4714 3238 4775 emnuitates,
3270 4724 3426 4777 quam

1860 4820 2063 4887 reliqua
2093 4820 2271 4874 omnia
2296 4818 2638 4869 instrumenta
2663 4811 2826 4880 ipsius
2849 4808 3077 4861 basilicze
3106 4804 3271 4858 sancti
3304 4800 3431 4855 Vin-

1860 4908 2019 4961 Centii
2077 4906 2157 4958 vel
2203 4902 2369 4957 sancti
2416 4900 2702 4962 Germani,
2756 4897 2837 4951 vel
2899 4892 3143 4966 quicquid
3199 4891 3431 4957 undique

1860 4996 2056 5049 ibidem
2084 4994 2383 5063 delegatum
2416 4990 2632 5053 habent,
2660 5000 2751 5043 aut
2777 4988 2947 5041 adhuc
2974 4999 3003 5038 a
3037 4984 3199 5037 Deum
3234 4983 3425 5035 timen-

1860 5086 1999 5141 tibus
2043 5082 2345 5139 hominibus
2390 5082 2625 5136 additum
2676 5080 2761 5136 vel
2805 5078 3054 5133 collatum
3098 5075 3290 5141 fuerit,
3337 5091 3430 5143 per

1859 5186 2094 5233 nostram
2120 5178 2531 5246 przeceptionem
2551 5175 2958 5239 conﬁrmamus;
2981 5183 3035 5226 et
3059 5172 3261 5241 integra
3283 5186 3431 5224 eum-

1860 5272 2024 5325 nitate
2053 5282 2083 5321 a
2112 5282 2250 5322 novo
2275 5266 2618 5323 concedimus
2638 5307 2651 5332 ,
2688 5276 2743 5319 ut
2771 5262 3019 5333 quicquid
3064 5262 3221 5315 liscus
3253 5271 3433 5315 noster

1859 5441 1994 5508 piam
2018 5483 2031 5505 ,
2065 5438 2365 5509 Massoupe.
2408 5439 2558 5492 Anno
2597 5436 2831 5509 8l9ghoc
2870 5433 3247 5509 monasterium
3278 5431 3433 5509 Sina:

1860 5503 2051 5578 ragdn's
2089 5512 2253 5563 abbas
2283 5503 2554 5578 transtulit
2576 5510 2641 5561 ad
2679 5507 2846 5578 ripam
2880 5506 3037 5560 Mosa:
3071 5523 3083 5557 :
3117 5504 3260 5559 circa
3290 5503 3429 5578 quod

1859 5576 2100 5705 Ecl-ﬁerit]
2129 5580 2379 5650 oppidum
2405 5581 2459 5635 S.
2492 5577 2764 5634 Michaelis
2790 5577 2989 5632 dictum
3026 5591 3055 5632 a
3083 5576 3429 5640 monasterio,

1910 5693 1918 5701 .
1948 5692 1961 5704 .
2000 5668 2009 5702 ι
2037 5667 2081 5705 te
2109 5689 2123 5704 .
