3964 6344
593 278 698 336 923
1512 278 1570 332 Β.
1611 279 1692 332 (ΞΛ
1705 279 1858 333 ROLI
1898 281 2113 335 BIAGNI

2227 282 2304 338 ⁵ιι.
2348 284 2522 342 PARS
2561 287 2599 342 ι.
2641 287 2883 343 SECTIO
2923 288 2984 343 ιι.
3707 306 3784 362 ρει

588 390 827 462 quolibet
867 389 1027 444 modo
1069 389 1136 444 ab
1173 389 1418 443 omnibus
1440 430 1454 452 ,
1488 392 1571 457 qui
1603 406 1762 460 super
1791 403 1958 447 terras
1989 395 2153 462 ipsius
2181 399 2232 458 Α
2259 396 2554 468 Principale
2577 404 2788 470 quidem
2806 406 3100 460 clementiae
3124 413 3543 483 tunctorttmque
3569 415 3784 476 decetat-

587 480 760 535 sancti
791 477 1048 532 Vincentii
1088 477 1166 531 vel
1195 478 1364 531 sancti
1393 477 1637 533 Germani
1682 495 2020 536 commanere
2052 499 2158 535 no-
2258 493 2598 546 commodare
2625 509 2804 549 aurem
2838 495 3112 565 benignam
3133 542 3149 568 ,
3175 503 3540 574 prmcipueque
3565 522 3654 574 pro
3672 527 3783 564 com~

591 579 839 631 scuntur,
894 567 1091 621 habere
1139 576 1379 635 poterat,
1429 577 1481 622 et
1535 584 1724 624 omnes
1778 571 2158 626 redhibitiones
2258 576 2449 643 pendio
2477 580 2792 650 animarum,
2817 595 2923 640 etc.
2945 586 3106 656 Igitur
3135 567 3565 659 venerabilis,vir
3584 596 3781 653 Faribet-

588 657 786 724 absque
841 657 999 710 ullius
1050 656 1243 725 judicis
1298 656 1514 710 introitu
1564 669 1658 711 aut
1703 660 2017 727 repetitione
2057 661 2153 713 ha-
2257 673 2340 719 tus
2370 666 2512 722 dono
2545 670 2632 724 Dei
2655 673 2819 727 abbas
2842 676 2908 730 de
2937 681 3261 734 monasterio
3287 656 3499 738 Vivario
3524 689 3780 754 peregrino-

585 748 746 802 beant
773 761 1045 802 concessa.
1077 747 1450 818 Pratcipientes
1476 749 1616 804 enim
1639 749 1885 818 iubemus
1908 760 1962 805 ut
1981 766 2153 820 neque
2254 771 2408 822 rum,
2458 760 2545 827 qui
2592 763 2804 829 ponitur
2851 767 2902 820 in
2950 782 3084 837 pago
3135 771 3406 826 Alsacensi
3461 747 3619 841 super
3644 747 3776 831 rivum

585 851 683 890 nos
704 879 718 900 ,
766 851 941 906 neque
985 836 1226 906 iuniores
1257 853 1368 891 .seu
1420 852 1755 894 successores
1803 841 1966 895 nostri
1992 882 2007 908 ,
2067 842 2150 896 vel
2253 843 2495 901 Morbach
2517 887 2531 912 ,
2561 852 2698 917 quod
2722 862 2804 909 est
2830 836 3191 912 con~tructum
3222 861 3280 914 ln
3302 861 3507 917 honore
3531 836 3592 918 VS.
3621 865 3776 921 Leode-

580 929 802 998 quilibet
846 944 909 984 ex
946 928 1221 999 iudiciaria
1261 939 1520 1000 potestate
1564 934 1832 987 accinctus
1876 948 1970 1002 pro
2008 949 2147 1003 quo-
2248 935 2377 1002 garii
2425 948 2478 992 et
2520 937 2578 993 S.
2617 940 2756 996 Petri
2793 947 3020 1013 apostoli
3064 958 3120 1002 et
3158 948 3219 1005 S.
3261 950 3441 1006 Marias
3479 968 3576 1007 seu
3599 965 3776 1009 cetera.

577 1033 805 1087 cumque
848 1019 1004 1074 modo
1051 1019 1174 1073 ullis
1214 1020 1454 1090 ingenuis
1490 1022 1542 1074 in
1573 1023 1776 1077 cunctis
1823 1023 1978 1078 terris
2012 1039 2149 1092 prte-
2246 1039 2504 1096 rumque,
2536 1029 2624 1084 ubi
2667 1031 2781 1100 ipse
2815 1048 2936 1089 cum
2979 1045 3150 1093 turma
3190 1039 3413 1108 plurima
3441 1047 3774 1099 monachorum

579 1111 703 1165 tam
730 1112 994 1180 basilica,
1022 1112 1106 1167 vel
1137 1112 1190 1168 in
1221 1127 1286 1168 eo
1315 1115 1451 1183 quod
1484 1115 1727 1183 praesenti
1759 1125 1998 1188 tempore
2025 1135 2146 1188 pos-
2245 1115 2513 1174 deservire
2539 1119 2883 1191 dignoscitur,
2907 1127 3208 1185 clementiae
3235 1133 3385 1200 regni
3412 1136 3574 1188 nostri
3605 1150 3776 1204 sugges-

573 1201 750 1255 sidere
793 1200 1017 1267 videtur,
1091 1211 1183 1257 aut
1223 1203 1363 1272 quod
1424 1204 1630 1261 inantea
1675 1206 1867 1262 ibidem
1907 1209 2142 1264 additum
2242 1205 2332 1268 sit,
2361 1217 2622 1275 quatenus
2647 1220 3016 1271 antecessores
3039 1221 3204 1272 nostri
3227 1221 3494 1288 quondam
3519 1237 3608 1292 per
3629 1200 3776 1278 eorum

573 1306 603 1343 a
633 1292 797 1347 Deum
829 1292 1138 1348 timentibus
1167 1295 1324 1349 fuerit
1357 1296 1436 1350 vel
1474 1297 1723 1352 collatum
1747 1339 1762 1365 ,
1791 1313 1890 1354 nec
1915 1299 1980 1354 ad
2011 1315 2141 1355 cau-
2240 1302 2582 1359 auctoritates
2609 1347 2625 1372 ,
2669 1305 2877 1363 illorum
2914 1311 3158 1367 manibus
3200 1315 3530 1384 subscriptas
3576 1316 3639 1371 de
3679 1319 3774 1371 villa

572 1397 660 1438 sas
686 1384 1028 1450 audiendum,
1060 1399 1155 1439 nec
1175 1387 1239 1441 ad
1273 1387 1412 1442 recta
1436 1389 1557 1459 (sic)
1575 1388 1914 1459 exigendum,
1939 1406 2038 1447 nec
2058 1392 2142 1447 di-
2243 1391 2408 1457 ipsius
2441 1397 2748 1450 monasterii
2769 1435 2785 1462 ,
2814 1413 2906 1454 seu
2937 1401 3076 1469 quod
3105 1403 3172 1457 ad
3216 1418 3455 1472 presens
3499 1408 3774 1477 possidebat.

571 1475 876 1529 strictiones
903 1486 994 1528 ant
1022 1477 1326 1532 mansiones
1358 1477 1654 1535 faciendum
1673 1521 1689 1547 ,
1729 1495 1826 1536 nec
1853 1483 1985 1538 ullas
2015 1499 2138 1553 par-

571 1579 664 1620 vas
713 1582 802 1621 res
846 1567 1266 1638 requirendum,
1316 1580 1404 1624 aut
1455 1573 1696 1628 homines
1745 1574 1812 1628 de
1863 1575 2032 1644 capite
2085 1577 2138 1632 in

565 1656 769 1725 judicio
811 1661 1096 1728 reprohare
1133 1662 1394 1718 ullatenus
1438 1675 1790 1733 praesumant,
1831 1674 1883 1720 et
1913 1677 2134 1735 prteter-

2243 1486 2350 1536 tam
2382 1498 2446 1538 es
2475 1489 2849 1544 cmunitatibus
2877 1492 3171 1562 principum
3191 1537 3208 1561 ,
3235 1510 3328 1550 seu
3369 1496 3648 1552 Eberhardi
3667 1543 3680 1566 ,
3705 1502 3771 1569 qui

2246 1575 2418 1646 ipsum
2469 1583 2854 1637 monasterium
2904 1585 2956 1639 in
3001 1600 3096 1642 sua
3149 1588 3494 1661 eleemosyna
3539 1591 3769 1660 fundavit,

2249 1685 2404 1737 quam
2436 1687 2498 1727 ex
2542 1674 2784 1744 largitate
2815 1682 3152 1749 pagensium,
3199 1683 3283 1737 vel
3323 1684 3451 1752 quid
3493 1683 3544 1738 in
3583 1697 3714 1738 antea
3749 1701 3772 1738 ιι

569 1750 748 1811 missis
777 1752 1178 1820 repetitionibus
1206 1769 1339 1823 quas
1368 1732 1458 1808 aut
1486 1757 1683 1810 nostris
1712 1765 1803 1810 aut
1831 1732 2146 1814 antecesso-
2175 1732 2222 1792 Β
2254 1760 2363 1814 Deo
2404 1732 2712 1820 timentibus
2755 1732 3054 1824 hominibus
3096 1771 3289 1826 ibidem
3319 1732 3768 1842 delegatumfueiit,

566 1850 688 1892 rum
728 1850 1034 1896 nostrorum
1072 1856 1311 1912 repetere
1339 1859 1757 1915 consueverant,
1788 1851 1960 1904 omnia
1988 1865 2146 1921 Supe-
2243 1848 2446 1919 integra
2488 1855 2780 1911 emunilate
2826 1860 3218 1916 concessissent

565 1928 678 1984 rius
714 1931 908 2001 scripta
949 1938 1251 2004 perpetuis,
1299 1939 1406 1994 Deo
1454 1942 1774 2010 auxiliante,
1817 1947 2142 2014 temporibus

563 2033 816 2077 maneant
866 2023 1200 2082 incouvulsa.
1248 2029 1321 2083 lta
1371 2030 1562 2101 igitur,
1603 2041 1656 2087 ut
1700 2033 1897 2089 dictum
1926 2045 2042 2101 est,
2074 2037 2141 2093 de

563 2115 811 2170 omnibus
843 2117 1144 2173 horninibus
1173 2121 1260 2190 qui
1300 2135 1462 2192 super
1490 2131 1656 2179 terras
1691 2127 2014 2196 praescripta:
2044 2128 2138 2183 ba-

561 2202 730 2260 s‘iliccc
753 2208 922 2262 sancti
955 2208 1212 2266 \‘incentii
1241 2221 1294 2268 et
1316 2213 1496 2270 domui
1522 2213 1772 2271 Germani
1799 2231 2137 2275 commanere

565 2304 889 2364 noscuntur,
920 2305 975 2351 et
1003 2299 1069 2354 de
1106 2301 1279 2370 capite
1307 2317 1493 2359 eorum
1522 2319 1656 2375 quos
1683 2316 1866 2362 contra
1896 2309 2137 2367 homines

556 2385 758 2443 liberos
797 2389 850 2445 in
893 2395 1038 2447 omni
1082 2394 1273 2462 placito
1314 2399 1672 2454 testimonium
1711 2401 1850 2458 ferre
1886 2405 2137 2460 concedi-

556 2498 706 2553 mus,
740 2495 793 2542 et
821 2488 961 2556 quod
1004 2490 1084 2544 vel
1134 2492 1328 2548 exinde
1359 2495 1572 2564 exigere
1599 2505 1691 2551 aut
1717 2511 1935 2566 sperare
1974 2509 2136 2568 pote-

556 2573 730 2640 ratis,
784 2591 880 2630 nos
931 2580 1254 2636 omnimodis
1302 2583 1705 2648 praesentialiter
1754 2601 2030 2645 removere
2080 2598 2136 2646 et

557 2674 893 2730 sequestrare
940 2668 1236 2724 studemus.
1285 2670 1352 2724 Et
1397 2671 1624 2729 fortasse
1656 2676 1796 2743 quod
1848 2678 2136 2736 calliditate

553 2748 792 2818 iudicum
822 2749 1049 2810 faciente
1095 2759 1210 2827 ipse
1247 2761 1564 2818 emunitates
1594 2764 1681 2818 ubi
1719 2762 1931 2822 fuerant
1966 2768 2131 2825 inter-

555 2847 752 2908 ruptae,
778 2855 809 2896 a
837 2856 975 2898 novo
999 2843 1352 2917 decernimus,
1378 2859 1436 2906 ut
1457 2851 1630 2908 nullus
1656 2854 1758 2910 hoc
1786 2855 1963 2913 facere
1989 2874 2131 2928 prae-

552 2940 756 3000 sumat,
798 2933 890 3004 qui
935 2951 1042 2992 non
1089 2940 1203 2996 vult
1249 2957 1426 2999 rerum
1475 2946 1817 3006 amissionem
1865 2953 2130 3010 sustinere

553 3021 877 3092 multarum;
907 3026 1001 3082 sed
1026 3030 1165 3099 quod
1195 3045 1224 3085 a
1255 3033 1443 3102 priscis
1471 3038 1779 3106 parentibus
1806 3042 2001 3098 nostris
2030 3058 2128 3099 an-

551 3113 830 3172 teriortbus
873 3119 1086 3188 regibus
1127 3120 1226 3192 ipsi
1276 3133 1475 3182 sancte
1522 3128 1754 3186 basilicae
1783 3131 1964 3188 domni
1993 3134 2126 3190 Vin-

550 3203 711 3257 centii
741 3205 822 3259 vel
851 3207 1021 3264 sancti
1051 3209 1298 3267 Germani
1327 3215 1564 3273 noscitur
1591 3217 1754 3274 fuisse
1784 3235 2124 3291 concessum,

545 3285 800 3364 inspectis
829 3313 1013 3355 eorum
1042 3306 1518 3377 prteceptionibus,
1560 3325 1658 3367 nos
1696 3327 1726 3369 a
1771 3328 1908 3371 novo
1945 3328 2124 3373 nostra

545 3382 870 3457 indulgentia
893 3393 1260 3464 sroboramus,
1306 3406 1465 3468 atque
1507 3401 1814 3471 plenissima
1849 3415 1903 3463 et
1939 3421 2117 3477 prom-

543 3475 790 3545 ptissima
817 3480 1094 3541 voluntate
1122 3501 1218 3555 pro
1242 3500 1487 3558 respectu
1516 3493 1635 3549 fidei
1661 3495 1769 3564 jam
1792 3475 2123 3557 dictoVLant-

544 3564 700 3660 fredo
727 3568 906 3625 abbati
930 3574 1144 3644 suisque
1164 3582 1562 3637 successoribus
1591 3587 1954 3656 concedimus,
1977 3592 2120 3660 quod

545 3655 728 3711 nullus
756 3673 854 3728 pro
881 3663 1115 3731 qualibet
1149 3669 1430 3727 occasione
1469 3672 1736 3744 refragare
1763 3689 1849 3735 aut
1881 3655 2122 3740 minuere

546 3755 640 3837 aut
666 3750 970 3808 convellere
996 3769 1299 3823 prmsumat.
1325 3760 1430 3817 Sed
1457 3772 1511 3818 et
1531 3766 1730 3837 siquid
1755 3767 1909 3826 ﬁscus
1939 3783 2122 3829 noster

541 3835 611 3893 de
649 3841 930 3899 antedictis
984 3847 1122 3903 villis
1162 3853 1452 3920 supradicti
1499 3835 1664 3913 sancti
1731 3860 1989 3919 Vincentii
2038 3868 2120 3922 vel

540 3925 722 3985 domui
769 3930 1020 3990 Germani
1060 3946 1324 4010 utcunque
1364 3942 1419 3996 in
1463 3960 1656 4015 regno,
1712 3949 1820 4005 Deo
1860 3954 2114 4024 propitio,

538 4027 723 4074 nostra
760 4019 956 4080 habere
989 4025 1221 4098 videtur,
1251 4031 1336 4086 vel
1365 4031 1430 4088 de
1462 4035 1620 4092 rebus
1648 4039 1712 4094 ad
1743 4019 2110 4114 easdemper;

538 4107 832 4167 tinentibus
864 4117 1097 4184 potuerit
1134 4126 1463 4190 augmentari
1485 4167 1500 4192 ,
1533 4128 1630 4197 ipsi
1662 4131 1890 4188 basilicae
1917 4107 2118 4208 tempo-

537 4199 690 4256 ribus
721 4207 1044 4272 perennibus
1087 4212 1331 4279 proﬁciat
1372 4216 1422 4269 in
1460 4225 1775 4290 augmentis.
1812 4223 1959 4280 lianc
1987 4199 2118 4297 quo-

536 4307 643 4360 que
687 4297 1052 4352 auctoritatem
1103 4310 1160 4355 ut
1208 4306 1549 4369 perhenniter
1595 4314 1790 4369 nostris
1835 4327 1888 4370 et
1929 4318 2116 4374 futuris

3265 1881 3279 1916 :
3333 1873 3394 1917 ut
3431 1866 3600 1920 nullus
3639 1865 3768 1934 judex

2245 1942 2484 2009 publicus
2526 1945 2579 2000 in
2611 1947 2762 2002 villas
2803 1950 2885 2004 vel
2923 1967 3011 2006 res
3046 1951 3210 2022 ipsius
3253 1957 3557 2011 monasterii
3593 1972 3671 2011 seu
3696 1973 3768 2012 nec

2240 2033 2305 2085 ad
2341 2048 2526 2090 causas
2555 2036 2846 2093 audiendas
2866 2078 2882 2104 ,
2913 2055 3011 2096 nec
3040 2042 3184 2098 freda
3215 2044 3476 2114 exigenda
3495 2087 3511 2112 ,
3536 2063 3626 2100 nec
3652 2063 3766 2100 man-

2239 2118 2439 2189 siones,
2465 2133 2556 2178 aut
2585 2134 2798 2194 paratas
2823 2127 3111 2196 faciendas,
3145 2147 3242 2187 nec
3265 2133 3595 2204 [idejussores
3613 2136 3765 2191 tollen-

2239 2213 2336 2268 dos
2361 2256 2375 2280 ,
2408 2229 2506 2269 nec
2534 2215 2778 2272 homines
2817 2219 2983 2290 ipsius
3030 2226 3334 2279 monasterii
3383 2227 3452 2281 de
3492 2228 3764 2296 quibuslibet

2235 2305 2411 2360 causis
2443 2305 2850 2376 distringendis,
2882 2326 2981 2366 nec
3011 2312 3101 2366 ulli
3133 2314 3452 2372 redibitioue
3492 2318 3760 2385 requirendo

2237 2395 2429 2450 ibidem
2469 2397 2672 2467 ingredi
2712 2413 2818 2454 non
2860 2401 3107 2460 debeant.
3143 2403 3338 2459 Verum
3367 2416 3423 2460 et
3467 2407 3612 2476 ipsam
3645 2425 3760 2475 pra:-

2235 2486 2532 2554 ceptionem
2571 2488 2681 2557 jam
2723 2489 2877 2546 dictis
2923 2495 3348 2551 antecessoribus
3397 2499 3570 2552 nostris
3600 2514 3682 2552 seu
3706 2509 3752 2551 et

2238 2580 2693 2638 conﬁrmationem
2735 2583 3033 2640 antedictos
3074 2587 3239 2643 abbas
3285 2589 3555 2644 Faribertus
3595 2601 3744 2644 rector

2236 2669 2303 2724 de
2334 2669 2448 2740 ipso
2478 2675 2800 2728 monasterio
2831 2676 2984 2730 nobis
3009 2678 3245 2733 ostendit
3271 2680 3330 2733 ad
3355 2680 3742 2749 relegendum,et

2233 2757 2404 2828 ipsum
2433 2762 2745 2818 beneﬁcium
2771 2764 2911 2819 circa
2930 2767 3154 2823 eundem
3178 2779 3233 2825 et
3256 2781 3578 2824 memoratam
3599 2770 3751 2825 eccle-

2235 2849 2369 2904 siam
2398 2850 2564 2918 ipsius
2588 2867 2753 2922 usque
2779 2869 2917 2910 nunc
2946 2854 3144 2912 adserit
3170 2871 3289 2913 esse
3317 2869 3641 2913 asservatutu.
3668 2858 3756 2914 Sed

2233 2953 2332 3009 pro
2360 2939 2622 2997 ﬁrmitatis
2652 2944 2827 3000 studio
2867 2947 2997 3014 petit
3031 2947 3400 3004 celsitudinem
3447 2960 3686 3016 nostram,
3711 2961 3756 3004 ut

2235 3031 2336 3088 hoc
2362 3032 2536 3090 denuo
2565 3037 2704 3091 circa
2737 3039 3114 3092 monasterium
3141 3040 3314 3109 ipsum
3358 3051 3416 3096 et
3456 3042 3589 3112 ipsos
3613 3056 3757 3096 mona-

2229 3125 2363 3182 chos
2383 3138 2562 3184 nostra
2583 3129 2804 3186 deberet
2822 3132 3108 3187 auctoritas
3126 3135 3451 3201 generaliter
3469 3134 3756 3190 conﬁrmare.

2226 3215 2388 3286 Cujus
2421 3217 2726 3286 petitionem
2764 3234 2862 3288 pro
2899 3223 3196 3276 reverentia
3234 3222 3403 3290 ipsius
3441 3224 3574 3288 loci,
3604 3233 3651 3278 ut
3673 3238 3753 3276 mc-

2229 3321 2445 3363 reamur
2491 3310 2556 3363 ad
2608 3311 2907 3367 mercedem
2949 3313 3140 3368 sociari
3190 3313 3506 3382 plenissima
3545 3315 3746 3369 voluntate

2224 3396 2325 3452 visi
2352 3396 2546 3452 fuimus
2575 3400 2918 3466 praestitisse,
2958 3410 3013 3456 et
3053 3402 3104 3455 in
3150 3403 3399 3457 omnibus
3434 3405 3734 3459 conﬁrmasse.

2227 3487 2606 3558 Prmcipientes
2634 3505 2761 3562 ergo
2785 3491 3055 3560 iubemus,
3084 3501 3142 3547 ut
3167 3493 3343 3548 nullus
3366 3494 3548 3562 iudex
3573 3495 3742 3564 publica

2222 3578 2276 3634 in
2309 3593 2395 3634 res
2432 3580 2511 3635 vel
2542 3581 2822 3636 facultates
2855 3579 3022 3652 ipsius
3061 3583 3301 3638 ecclesiae
3327 3624 3343 3650 ,
3376 3599 3476 3638 nec
3523 3585 3587 3641 ad
3619 3595 3751 3638 causas

2223 3668 2549 3734 audiendas,
2583 3684 2680 3724 nec
2717 3669 2866 3726 freda
2911 3672 3201 3741 exigenda,
3231 3689 3327 3730 nec
3361 3677 3661 3730 mansiones
3691 3682 3756 3726 aut

2221 3770 2433 3829 paratas
2476 3760 2777 3827 faciendas,
2822 3776 2919 3816 nec
2963 3760 3300 3833 ﬁdeiussores
3348 3765 3653 3832 tollendos,
3689 3777 3758 3817 nec

2222 3853 2468 3908 homines
2499 3854 2660 3923 ipsius
2692 3854 2929 3909 ecclesia:
2958 3865 3010 3910 et
3041 3856 3347 3913 monasterii
3378 3859 3556 3927 ipsius
3584 3868 3674 3912 tam
3698 3857 3758 3909 iu-

2216 3960 2418 4016 genuos
2461 3963 2617 4016 quam
2659 3958 2711 4002 et
2752 3962 2966 4016 servos,
3003 3948 3089 4014 qui
3119 3947 3278 4018 s'uper
3314 3965 3504 4004 eorum
3555 3964 3702 4007 terras
3723 3958 3763 4002 ct

2217 4037 2368 4091 milio
2396 4053 2611 4092 manere
2642 4038 2921 4105 videntur,
2953 4040 3041 4109 qui
3070 4040 3264 4095 ibidem
3294 4042 3566 4110 aspiciunt
3593 4043 3652 4096 de
3675 4040 3764 4109 qui-

2215 4127 2443 4185 buslibet
2471 4132 2646 4186 causis
2691 4131 3106 4202 distringendis,
3143 4149 3240 4190 nec
3279 4135 3436 4189 ullam
3483 4135 3766 4191 reddibitio-

2217 4233 2336 4272 nem
2371 4220 2691 4289 requirendo
2720 4221 2914 4277 ibidem
2945 4223 3145 4292 ingredi
3179 4240 3282 4278 non
3310 4225 3580 4290 debeant,
3609 4224 3691 4279 sed
3711 4237 3763 4274 ex

2215 4309 2485 4365 beneﬁciis
2530 4326 2556 4362 a
2597 4311 2707 4381 jam
2749 4312 2905 4368 dictis
2953 4314 3376 4371 antecessoribus
3423 4318 3664 4382 nostris,
3704 4315 3768 4368 in—

538 4385 906 4454 temporibus;
941 4389 1048 4443 Deo
1076 4394 1384 4464 auxiliante,
1414 4414 1444 4453 a
1478 4402 1629 4457 nobis
1660 4407 1964 4478 nostrisque
1990 4427 2107 4465 suc-

538 4475 836 4498 -..καλ-ξι...-
865 4478 1024 4498 2..__2-I
1065 4481 1077 4498 ι
1101 4483 1172 4498 ιν-
1334 4497 1337 4498 ,
1688 4496 1695 4498 _

2227 4404 2412 4472 spectis
2441 4403 2644 4472 pridem
2681 4407 3116 4475 auctoritatibus,
3145 4408 3209 4462 ad
3239 4409 3348 4477 jam
3381 4408 3588 4464 dictum
3617 4422 3768 4463 mona-

534 4475 838 4531 cessoribus
864 4478 1240 4539 inviolabiliter
1276 4497 1530 4544 arternam
1570 4496 1820 4563 perduret
1856 4475 1908 4554 in
1947 4499 2115 4556 ﬁrmi-

532 4573 724 4633 tatem,
755 4583 914 4624 manu
943 4582 1138 4630 nostra:
1173 4579 1543 4648 suscriptionis
1569 4587 1750 4642 subter
1774 4591 2112 4651 decrevimus

529 4654 806 4728 roborare,
839 4670 892 4715 et
917 4663 982 4718 de
1010 4667 1208 4723 annulo
1237 4683 1416 4726 nostro
1445 4675 1627 4731 subter
1655 4679 1906 4750 sigillare.

603 4748 822 4819 Signum
851 4754 1022 4808 Caroli
1051 4757 1414 4828 gloriosissimi
1445 4769 1608 4838 regis.

598 4840 746 4897 Ratio
773 4845 836 4898 ad
869 4848 1034 4902 vicem
1063 4850 1258 4907 ltiterii.

604 4932 731 4984 Data
766 4948 860 4988 xm
900 4935 1015 4992 Kal.
1061 4938 1415 5012 Novembris,
1453 4961 1592 5003 anno
1638 4965 1670 5003 v
1720 4953 1864 5021 regni
1914 4959 2102 5012 noswi.

524 5023 714 5078 Actum
741 5028 1013 5084 Aristallio
1041 5033 1238 5101 palatio
1267 5037 1478 5105 publico
1524 5042 1575 5095 iu
1619 5043 1709 5098 Dei
1742 5049 1956 5103 nomine
1985 5050 2102 5104 fell-

521 5116 675 5173 citer.

1265 5197 1354 5252 XI.

521 5292 849 5368 Prwceptum
881 5301 1053 5358 Caroli
1090 5304 1269 5445 M(agm'
1306 5317 1751 5452 ptngtonaslerio
1782 5317 2104 5379 Morbacensi

1171 5394 1302 5434 anno
1359 5395 1409 5433 ιι
1484 5423 1497 5436 .

1171 5394 1302 5434 anno
1351 5394 1375 5433 '1
1395 5394 1497 5436 ΓΖ).

888 5484 979 5546 (Ex
1000 5486 1240 5551 Martene,
1255 5489 1463 5550 Anecd.,
1484 5500 1597 5543 tom.
1626 5494 1731 5558 ιον.)

586 5581 814 5644 Carolus
862 5593 1030 5662 gratia
1080 5591 1171 5650 Dei
1221 5607 1312 5651 rex
1365 5593 1709 5670 Francorum,
1745 5601 1826 5656 vir
1855 5601 2094 5662 inlustcr.

2215 4491 2439 4547 sterium
2470 4510 2634 4564 usque
2656 4511 2795 4550 nunc
2820 4496 2912 4549 ﬁat
2937 4508 3304 4553 conservatum
3331 4517 3343 4552 :
3371 4501 3437 4554 ita
3457 4511 3514 4554 et
3542 4501 3769 4567 deinceps

2212 4595 2304 4648 per
2333 4592 2573 4637 nostram
2612 4585 2984 4640 auctoritatem
3014 4588 3338 4655 generaliter
3368 4600 3587 4645 maneat
3613 4591 3769 4654 incon.

2209 4672 2458 4738 vulsum,
2509 4685 2563 4729 et
2599 4674 2851 4745 quidquid
2903 4677 3096 4733 exinde
3143 4678 3304 4734 ﬁscus
3349 4689 3535 4735 noster
3587 4686 3771 4749 poterat

2209 4777 2456 4824 cxactare
2490 4771 2544 4824 in
2590 4770 2939 4826 luminaribus
2977 4773 3141 4843 ipsius
3179 4775 3362 4830 domni
3403 4775 3771 4847 Leodegariiet

2209 4856 2268 4912 S.
2313 4859 2532 4928 Mariae,
2579 4876 2676 4930 pro
2725 4861 3014 4918 stabilitate
3053 4866 3199 4934 regni
3243 4865 3406 4921 nostri
3448 4867 3688 4934 proﬁciat
3727 4865 3771 4919 in

2212 4964 2546 5020 perpetuum.
2581 4953 2640 5006 Et
2672 4962 2727 5008 ut
2774 4955 2857 5008 ha:
2900 4955 3242 5010 auctoritates
3285 4968 3392 5011 tam
3435 4959 3773 5027 prasentibus

2209 5059 2368 5113 quam
2407 5056 2461 5102 et
2491 5046 2679 5101 luturis
2709 5049 3033 5115 temporibus
3075 5050 3277 5117 possint
3307 5061 3584 5116 constare,
3629 5065 3772 5106 manu

2209 5147 2391 5190 nostra
2419 5139 2860 5195 subterroborare
2887 5149 2942 5196 et
2973 5141 3168 5196 annulo
3195 5150 3375 5197 nostro
3411 5142 3651 5214 sigillare
3673 5141 3773 5211 jus-

2207 5240 2393 5282 sumus.

2281 5342 2494 5412 Signum
2529 5343 2700 5400 Caroli
2727 5345 3092 5415 gloriosissimi
3129 5349 3285 5419 regis.

2280 5455 2408 5510 Data
2440 5455 2561 5510 ldus
2583 5457 2821 5513 Januarii
2847 5474 2985 5516 anno
3010 5471 3198 5532 quarto
3220 5465 3363 5532 regni
3388 5465 3553 5520 nostri
3583 5461 3774 5536 palatio

2211 5559 2395 5604 nostro
2428 5549 2638 5618 publico
2665 5551 2717 5605 in
2741 5550 2839 5608 'Dci
2869 5554 3082 5608 nomine
3110 5553 3351 5609 feliciter.
