3964 6344
155 267 270 326 9'25

898 389 1010 445 XII.

150 507 179 536 ⁸
211 499 395 554 Caroli
413 498 592 567 Μαθειὶ
613 499 796 552 charta
815 499 1153 556 immanitatis
1183 501 1502 556 Murbacensi
1523 502 1738 556 abitalia:

396 572 517 622 data
547 570 637 622 sub
664 569 942 624 Hariberto
969 573 1148 625 abbate
1169 574 1326 640 (anno
1353 571 1503 642 772).

552 684 646 745 (Es
672 685 926 748 Schmpﬁ.,
947 686 1099 736 Alsat.
1124 686 1366 749 diplom.).

218 788 450 846 Carolus
492 790 660 861 gratia
710 791 803 846 Dei
852 807 943 846 rex
991 793 1340 859 Francorum,
1374 793 1451 846 vir
1492 793 1733 850 iuluster.

147 880 456 951 Principale
469 880 680 950 quidem
703 882 1000 936 clementize
1016 892 1324 937 cunctorum
1347 882 1500 937 decet
1522 897 1736 936 accom-

147 973 378 1027 modare
399 986 582 1026 aurem
615 972 896 1042 benignam
920 973 1288 1042 prmeipueque
1311 988 1404 1043 pro
1423 974 1738 1041 compendio

148 1063 458 1117 animarum
498 1077 525 1114 a
568 1063 993 1130 prtecedentibus
1049 1063 1260 1132 regibus
1313 1064 1736 1119 antecessoribus

149 1155 361 1208 nostris
381 1153 445 1207 ad
475 1154 587 1208 loca
607 1153 952 1208 ecclesiarum
985 1157 1272 1222 probamus
1326 1168 1446 1208 esse
1474 1154 1734 1209 indultum

149 1241 355 1296 devota
381 1253 557 1297 mente
579 1242 836 1297 debemus
867 1244 1218 1312 perpendere,
1243 1253 1296 1298 et
1314 1258 1542 1313 congrua
1577 1245 1738 1300 bene-

149 1334 302 1403 ﬁcia,
335 1343 396 1389 ut
420 1348 725 1390 mereamur
745 1335 808 1388 ad
840 1335 1142 1390 mercedem
1168 1351 1288 1392 esse
1311 1337 1608 1406 participes,
1630 1353 1734 1394 non

147 1438 382 1494 negare,
413 1425 506 1480 sed
557 1423 932 1479 robustissimo
955 1427 1076 1494 jure
1125 1442 1222 1495 pro
1269 1429 1465 1483 nostris
1507 1430 1736 1484 oraculis

144 1515 498 1570 conﬁrmare.
534 1515 696 1584 Igitur
717 1517 1042 1571 venerabilis
1062 1517 1144 1571 vir
1188 1516 1504 1572 Hariberlus
1533 1520 1730 1573 donum

147 1605 240 1660 Dei
287 1605 424 1660 abba
467 1605 535 1659 de
575 1607 900 1669 monasterio
940 1607 1156 1662 Vivario
1199 1612 1617 1678 peregrinorum,
1645 1612 1730 1680 qui

144 1697 374 1766 ponitur
398 1697 447 1750 in
480 1711 616 1766 pago
641 1697 931 1752 Alsacense
952 1712 1115 1766 super
1137 1699 1351 1752 ﬂuvium
1379 1699 1623 1754 Blorbach
1642 1701 1730 1768 qui

487 265 717 325 CODEX
754 267 1274 329 DIPLOMATICUS.
1309 299 1378 313 —
1417 269 1820 328 PRIVILEGIA.
1852 303 1920 313 —
1948 273 1987 328 I.
2026 274 2268 332 PRIVIL.
2310 277 2441 334 PER
2480 279 2759 336 GALLUE
2798 283 3088 342 PARTES.

3307 288 3412 344 ε)Ἆῖ

1764 393 1811 450 Α
1841 389 2112 447 facultates
2143 392 2307 461 ipsius
2340 395 2590 451 Ecclesiae
2636 413 2738 454 nec
2779 399 2846 453 ad
2892 414 3080 456 causas
3127 402 3415 461 audiendas

1843 497 1938 536 nec
1959 483 2103 537 freda
2127 486 2410 555 exigenda,
2431 502 2528 542 nec
2550 491 2854 546 mansiones
2878 503 2966 545 aut
2993 503 3202 559 paratas
3219 493 3413 550 facien-

1839 573 1936 628 das
1980 591 2078 632 nec
2107 577 2447 646 lidejussores
2476 581 2765 637 tollendum
2824 599 2925 639 nec
2979 584 3223 640 homines
3252 588 3412 655 ipsius

1841 664 2076 721 ecclesia
2109 668 2192 722 vel
2221 671 2532 725 monasterii
2573 673 2744 741 ipsius
2775 685 2884 729 tam
2936 676 3198 744 ingenuos
3253 695 3412 746 quam

1839 765 1892 810 et
1929 772 2112 811 servos
2143 761 2228 826 qui
2260 774 2424 829 super
2451 778 2640 817 eorum
2685 776 2856 820 terras
2909 768 2991 820 vel
3015 767 3051 807 ι
3079 769 3236 822 uitio
3257 785 3412 824 com-

1839 862 2059 902 manere
2083 849 2328 905 videntur
2357 853 2447 920 qui
2476 853 2672 909 ibidem
2705 857 2972 924 aspiciunt
2999 859 3065 912 de
3086 860 3412 927 quibuslibet

1838 942 2015 995 causis
2045 942 2490 1012 distringeudum,
2522 961 2618 1000 nec
2647 948 2752 1002 ulla
2778 949 3111 1004 redibutione
3139 953 3413 1020 requiren-

1837 1033 1988 1097 dum,
2037 1036 2234 1090 ibidem
2268 1036 2550 1105 ingredere
2580 1055 2684 1094 non
2712 1041 2944 1095 debeant
2984 1043 3078 1098 sed
3127 1045 3262 1098 sicut
3299 1044 3413 1113 ipse

1840 1121 2132 1178 benelicius
2166 1139 2194 1176 a
2219 1125 2326 1194 jam
2353 1127 2506 1180 dictis
2554 1128 2977 1184 antecessoribus
3007 1131 3202 1185 nostris
3229 1131 3410 1200 inspe-

1838 1224 1954 1267 etas
1987 1216 2221 1282 priorum
2254 1219 2555 1287 principum
2597 1222 2962 1282 auctoritates.
3008 1223 3073 1276 ad
3117 1223 3222 1291 jam
3265 1225 3412 1279 dicto

1838 1305 2150 1360 monastirio
2182 1321 2354 1374 usque
2384 1325 2524 1363 nunc
2553 1310 2644 1364 ﬁat
2673 1324 3067 1379 conservatum,
3088 1315 3156 1368 ita
3186 1325 3238 1370 et
3260 1315 3410 1370 dein-

1836 1407 1961 1462 ceps
1989 1410 2082 1464 per
2111 1405 2352 1451 nostram
2385 1401 2588 1455 auctori
2635 1403 2953 1468 generaliter
2979 1413 3185 1459 maneat
3226 1404 3412 1460 incon-

1798 1481 2044 1540 ‘vulsum
2096 1497 2151 1542 et
2202 1492 2452 1560 quicquid
2500 1493 2694 1549 exinde
2757 1495 2917 1549 ﬁscus
2972 1506 3150 1552 noster
3207 1505 3412 1565 poterat

1835 1589 2086 1632 exactarc
2121 1580 2171 1632 in
2204 1581 2556 1638 luminaribus
2587 1584 2756 1654 ipsius
2779 1585 2958 1640 domni
2989 1586 3295 1656 Leodegarii
3324 1586 3411 1645 vel

1834 1683 2029 1726 sancta:
2065 1674 2240 1728 Mariae
2262 1716 2278 1742 ,
2312 1691 2406 1743 pro
2456 1677 2742 1732 stabilitate
2785 1677 2931 1747 regni
2979 1679 3144 1734 nostri
3175 1681 3410 1748 proficiat

146 1796 234 1841 est
263 1797 611 1842 constructus
643 1787 695 1840 in
720 1787 922 1843 honore
943 1791 1112 1843 sancti
1156 1788 1464 1858 Leodegarii
1495 1801 1546 1845 ct
1566 1794 1724 1848 sancti

1840 1764 1892 1818 in
1921 1778 2254 1835 perpetuum,
2293 1779 2346 1824 et
2376 1786 2432 1822 ut
2461 1771 2576 1825 haec
2609 1773 2902 1826 auctoritas
2929 1781 3034 1826 tam
3062 1773 3410 1840 praesentibus

144 1876 298 1932 Petri
324 1877 550 1950 apostoli
582 1870 887 1934 velsancta:
939 1878 1138 1946 Marias,
1183 1897 1277 1935 seu
1307 1893 1726 1952 ceterorumque,

145 1969 238 2024 ubi
276 1971 392 2039 ipse
413 1984 532 2022 cum
563 1977 734 2024 turma
763 1968 990 2036 plurima
1031 1971 1414 2024 monachorum
1459 1973 1732 2030 deservire

145 2060 412 2123 noscitur,
435 2059 736 2114 clementia:
766 2060 917 2128 regni
954 2061 1122 2115 nostri
1170 2063 1459 2133 suggessit,
1499 2079 1565 2119 co
1590 2065 1728 2135 quod

145 2163 525 2206 antecessores
547 2152 715 2205 nostri
739 2153 1004 2220 quondam
1040 2169 1134 2222 per
1161 2169 1345 2210 eorum
1389 2159 1730 2214 auctoritates

147 2244 369 2299 illorum
393 2243 638 2296 manibus
661 2243 979 2313 subscriptis
1001 2245 1069 2301 de
1091 2246 1240 2300 villas
1270 2245 1437 2314 ipsius
1467 2259 1730 2306 monaste-

146 2334 218 2387 rii
249 2332 330 2386 uti
361 2333 501 2400 quod
528 2333 595 2386 ad
627 2347 865 2401 pra-scas
895 2336 1220 2401 possidebat,
1254 2346 1360 2391 tam
1396 2354 1460 2392 ex
1490 2344 1728 2396 muneri-

149 2421 251 2475 bus
284 2422 576 2490 principum
604 2437 696 2476 seu
721 2423 1000 2491 Ebroardi,
1031 2427 1116 2495 qui
1146 2427 1316 2495 ipsum
1342 2433 1726 2489 monasterium

147 2513 202 2568 in
227 2526 319 2567 sua
344 2514 641 2568 :elimosina
670 2517 927 2582 fundavit,
957 2533 1117 2586 quam
1159 2535 1223 2576 ex
1264 2521 1506 2593 largitate
1537 2540 1728 2596 pagen-

147 2605 310 2673 sium,
341 2606 424 2662 vel
448 2606 575 2675 quid
602 2607 656 2662 in
692 2619 846 2664 antea
887 2626 914 2663 a
945 2611 1060 2667 Deo
1085 2613 1393 2670 timentibus
1423 2616 1728 2676 hominibus

147 2697 344 2752 ibidem
375 2697 676 2768 delegatum
724 2700 888 2756 fuerit
942 2704 1146 2774 integra
1175 2709 1484 2764 inmunitate
1512 2724 1730 2767 conces-

152 2788 372 2856 sissent,
403 2798 460 2843 ut
486 2792 660 2845 nullus
693 2791 855 2861 judex
911 2795 1156 2863 publicus
1205 2797 1259 2853 in
1313 2799 1450 2856 villis
1507 2802 1591 2857 vel
1642 2818 1728 2859 res

148 2883 318 2953 ipsius
348 2888 654 2940 monasterii
702 2888 782 2941 sui
815 2903 915 2943 nec
945 2889 1009 2943 ad
1060 2906 1250 2960 causas
1279 2895 1593 2963 audiendas,
1629 2913 1728 2954 nec

150 2976 302 3033 ηεαδ
332 2980 618 3048 exigenda,
641 2995 735 3037 nec
757 2983 1064 3038 mansiones
1087 2993 1180 3040 aut
1199 2995 1408 3052 paratas
1437 2989 1721 3060 faciendas,

1835 1870 1996 1924 quam
2045 1868 2098 1912 et
2153 1857 2342 1913 futuris
2390 1861 2717 1929 temporibus
2759 1863 2926 1928 possit
2979 1871 3223 1916 constare
3253 1877 3412 1917 Inanu

1834 1958 2014 2002 nostra
2042 1953 2226 2005 subter
2263 1953 2633 2008 rohoravimus
2678 1963 2733 2008 et
2760 1954 2922 2010 anulo
2953 1963 3136 2009 nostro
3181 1954 3412 2026 sigillare

1828 2039 2104 2109 jussimus.

1905 2132 2124 2204 Signum
2152 2133 2326 2189 Caroli
2347 2135 2714 2204 gloriosissimi
2745 2137 2904 2206 regis.

1903 2224 2187 2280 Lutlierius
2217 2227 2498 2294 recognovi
2530 2238 2583 2281 et
2613 2229 2934 2296 subscripsi.

1906 2314 2036 2370 Data
2070 2315 2188 2370 ldus
2209 2315 2446 2372 Januarii
2477 2333 2616 2373 anno
2644 2329 2832 2386 quarto
2860 2319 3007 2388 regni
3036 2318 3226 2374 nostri.
3253 2318 3407 2374 Blan«

1830 2403 1978 2460 eiaco
1999 2406 2203 2474 palacio
2236 2407 2444 2476 publico
2466 2407 2518 2462 in
2551 2408 2644 2464 Dei
2667 2411 2885 2465 nomine
2915 2410 3164 2465 feliciter.

2548 2535 2682 2593 XIII.

1829 2643 2069 2720 Diploma
2101 2645 2288 2720 Caroli
2332 2649 2506 2720 magni
2549 2667 2837 2704 concessum
2870 2650 3110 2704 Iledtloni
3165 2652 3403 2718 episeopo

1903 2719 2278 2789 Argeiniuensi,
2303 2719 2429 2789 quo
2464 2719 2704 2773 Ecclesiae
2745 2723 3097 2789 Argentincnsi
3149 2731 3312 2775 totum
3353 2725 3405 2774 in

1899 2787 2032 2925 salt-Ii):
2050 2785 2370 2842 Bruscltiana
2416 2789 2703 2844 districtum
2753 2785 2903 2846 terrm
2945 2793 3212 2863 conﬁrmat
3243 2795 3402 2863 (anno

1972 2871 2004 2909 ο
2034 2894 2048 2912 .

1972 2871 2048 2912 ὁ).

2063 2969 2158 3032 (Ex
2185 2969 2487 3032 Grandidier,
2511 2971 2724 3024 Histoire
2745 2974 2808 3024 de
2834 2973 3166 3036 Strasbourg.)

160 3080 262 3122 nec
283 3069 619 3138 fideiussores
651 3074 936 3129 tollendum
986 3090 1082 3130 nec
1123 3077 1364 3134 homines
1400 3081 1562 3146 ipsius
1613 3096 1724 3136 nio-

1908 3081 1930 3110 ε
1956 3070 2175 3127 Carolus
2203 3072 2367 3142 gratia
2401 3075 2490 3131 Dei
2519 3092 2610 3130 rex
2643 3076 2990 3145 Francorum,
3035 3081 3116 3134 vir
3157 3080 3400 3135 iuluster.

157 3160 377 3214 nasterii
415 3163 482 3216 de
520 3163 838 3231 quibuslibet
891 3168 1068 3223 causis
1123 3170 1569 3240 distringendum,
1624 3189 1723 3230 nec

154 3251 297 3305 nulla
319 3253 652 3310 redibutione
670 3259 1072 3326 requirendum,
1102 3261 1296 3318 ibidem
1323 3263 1602 3336 ingredere
1619 3283 1723 3323 non

149 3341 361 3405 debeat,
380 3343 521 3399 unde
542 3355 597 3399 et
627 3346 799 3415 ipsam
827 3351 1242 3420 princeptioaem
1264 3353 1372 3422 jam
1397 3355 1556 3410 dictis
1577 3367 1724 3412 ante-

151 3433 452 3490 sessoribns
483 3436 684 3491 nostris
714 3453 810 3493 seu
841 3449 897 3494 et
915 3441 1378 3500 conﬁrmationem
1409 3457 1531 3501 ante
1554 3447 1725 3503 dictus

153 3523 279 3580 abba
319 3525 634 3584 llaribertus
685 3539 864 3585 rector
913 3531 982 3587 de
1023 3532 1139 3602 ipso
1185 3538 1520 3591 monasterio
1575 3539 1727 3594 nobis

155 3618 371 3672 ostendit
389 3619 455 3672 ad
489 3623 807 3691 relegendas
825 3631 880 3677 et
906 3623 1058 3692 ipsud
1097 3626 1412 3680 beneﬁcium
1436 3629 1574 3682 circa
1595 3643 1726 3684 eun-

147 3705 264 3762 dem
284 3708 361 3764 vel
377 3723 725 3767 memoratam
748 3713 1026 3768 ecclesiam
1044 3716 1208 3785 ipsius
1224 3731 1392 3786 usque
1413 3733 1552 3773 nunc
1564 3719 1722 3774 adseé-

144 3799 216 3853 rit
237 3813 358 3854 esse
389 3813 763 3858 conservatum
809 3805 902 3859 sed
956 3819 1052 3872 pro
1109 3807 1446 3861 adﬁrmantis
1491 3809 1722 3862 studium

143 3890 696 3959 petiitcelsitudinem
727 3905 988 3960 nostram,
1017 3904 1078 3950 ut
1107 3895 1209 3950 hoc
1249 3900 1424 3952 denuo
1448 3899 1587 3953 circa
1611 3899 1726 3968 ipso

142 3984 467 4037 monasterio
489 3984 570 4038 vel
596 3985 742 4053 ipsos
761 3986 1053 4042 monachos
1082 3997 1264 4043 nostra
1289 3987 1513 4046 deberet
1536 4000 1723 4046 aucto-

139 4069 276 4125 ritas
324 4073 647 4141 generaliter
696 4075 1043 4142 conﬁrmare,
1085 4079 1234 4146 cujus
1289 4079 1595 4148 petitionem
1628 4096 1723 4151 pro

136 4165 446 4218 reverentia
477 4164 642 4232 ipsius
689 4166 788 4221 loci
835 4176 893 4220 ut
947 4183 1248 4223 mereamur
1300 4172 1365 4223 ad
1419 4173 1721 4228 mercedem

138 4259 350 4311 sociare
375 4258 684 4326 plenissima
730 4258 1002 4313 volontate
1040 4258 1136 4312 visi
1171 4261 1366 4315 fuimus
1397 4263 1718 4330 prostitisse,

137 4355 225 4409 vel
259 4355 315 4408 in
337 4353 584 4408 omnibus
613 4355 964 4410 conﬁrmasse
995 4357 1320 4424 cognoscite.
1345 4357 1722 4426 Prurcipicntcs

1830 3159 1960 3215 Ittud
1993 3162 2145 3216 nobis
2173 3163 2238 3217 ad
2273 3163 2615 3218 stabilitatem
2676 3165 2825 3236 regni
2874 3170 3030 3233 notri,
3086 3170 3264 3235 procul
3303 3170 3402 3224 dn-

1826 3249 1968 3306 bium
2001 3251 2053 3307 in
2083 3250 2173 3308 Dei
2205 3254 2420 3310 nomine
2442 3256 2712 3310 credimus
2739 3257 3026 3326 pertinere,
3049 3263 3093 3312 si
3119 3261 3402 3328 petitiones

1824 3343 2165 3398 sacerdotum
2197 3355 2287 3399 aut
2313 3345 2685 3413 ecclesiarum,
2715 3361 2820 3418 que
2859 3350 3054 3404 nostris
3077 3349 3273 3405 fuerint
3297 3367 3396 3405 an-

1826 3433 1978 3487 ribus
2001 3434 2230 3502 prolato,
2261 3431 2596 3504 perducimus
2646 3437 2713 3490 ad
2752 3437 3020 3494 etTectum.
3065 3440 3398 3510 Quapropter

1827 3537 2012 3582 notum
2057 3528 2130 3582 sit
2170 3527 2416 3583 omnibus
2449 3527 2691 3583 fidelibus
2740 3532 2940 3586 nostris
2985 3535 3316 3600 prescntibus
3345 3543 3399 3588 et

1828 3616 2052 3682 futuris,
2107 3618 2229 3685 quia
2280 3619 2363 3674 vir
2411 3621 2734 3676 venerabilis
2779 3621 2926 3677 Eddo
2967 3623 3399 3694 Strazburgensis

1827 3705 2052 3760 ccclesie
2104 3708 2414 3776 episcOpus,
2464 3723 2569 3779 que
2614 3720 2694 3766 est
2747 3722 3046 3767 constructa
3095 3712 3145 3767 in
3197 3714 3402 3769 bonure

1828 3809 2010 3854 sancte
2042 3799 2133 3853 Dei
2162 3801 2431 3868 genitricis
2461 3817 2778 3873 semperque
2805 3805 3022 3873 virginis
3066 3806 3248 3870 Mario,
3289 3806 3405 3860 cle-

1833 3890 2099 3944 menciam
2129 3892 2279 3960 regni
2308 3891 2474 3946 nostri
2502 3893 2838 3962 supplicavit,
2869 3895 3095 3964 qualiter
3133 3896 3405 3966 quondam

1826 3979 2070 4035 locellum
2106 3993 2496 4051 nuncupantem
2514 3981 2539 4020 δ
2573 3983 2725 4038 Stilla
2748 3999 2906 4052 quem
2927 3999 2957 4037 a
2985 3985 3141 4052 longo
3165 3995 3409 4051 tempore

1828 4087 1924 4143 per
1953 4071 2390 4129 conﬁrmatioues
2417 4090 2600 4143 regum
2632 4075 2862 4144 predicta
2891 4075 3126 4144 possidet
3149 4075 3405 4143 ecclesia,

1824 4182 1877 4224 et
1906 4179 2140 4225 rectores
2173 4171 2334 4239 ipsius
2355 4171 2582 4227 ccclesie
2634 4171 2928 4240 predictum
2959 4171 3128 4223 locum
3163 4185 3254 4237 per
3287 4170 3402 4225 loca

1823 4261 2183 4326 denominata,
2235 4263 2284 4316 id
2335 4272 2435 4326 est,
2487 4279 2583 4331 per
2633 4264 2772 4331 regia
2809 4274 2830 4300 ε
2860 4273 3048 4330 strata,
3097 4278 3200 4333 que
3232 4260 3404 4332 pergit

1823 4371 1983 4424 super
2006 4339 2360 4424 rivolum,qui
2391 4356 2583 4410 dicitur
2613 4355 2629 4394 τ
2665 4355 2842 4418 Stilla,
2871 4370 3032 4424 super
3053 4371 3174 4411 casa
3196 4359 3219 4394 ε
3241 4355 3405 4408 Ilum-

134 4460 272 4517 ergo
300 4444 566 4514 iubemus,
619 4455 676 4502 ut
723 4446 903 4500 nullus
945 4443 1110 4516 judex
1153 4447 1391 4516 publicus
1437 4442 1488 4502 in
1519 4465 1606 4505 res
1637 4450 1716 4506 vel
1745 4466 1794 4522 ο
1823 4449 2007 4513 maldi,
2040 4447 2232 4504 deinde
2265 4449 2350 4502 ubi
2382 4449 2574 4502 dicitur
2608 4449 2636 4488 ιι
2670 4447 3112 4518 Papliinisnaida,
3164 4449 3284 4504 inde
3316 4457 3403 4503 to-

208 4637 236 4664 ι
263 4623 498 4688 Diploma
531 4622 630 4676 hoc
655 4621 968 4678 Carolinum
1025 4623 1345 4689 impressum
1389 4633 1474 4679 est
1504 4624 1558 4679 in
1587 4625 1720 4681 Mar-

126 4705 259 4750 tene
301 4695 578 4747 Thesauro
627 4697 900 4758 anecdut.,
945 4703 1075 4747 tom.
1112 4696 1152 4757 I,
1187 4709 1306 4762 pag.
1338 4696 1424 4758 10;
1463 4696 1712 4762 Eccard.,

125 4766 285 4832 Orig.
322 4764 520 4818 Ilabsb.
562 4767 766 4834 Austr.,
795 4779 914 4834 pag.
947 4763 1070 4828 “9,
1102 4772 1181 4834 iet
1210 4765 1264 4818 in
1316 4765 1502 4833 Lunig.
1532 4767 1714 4834 Spicil.

125 4839 332 4891 eccles.
387 4835 587 4888 contin.
616 4833 660 4899 l,
689 4850 806 4904 pag.
837 4833 974 4898 955;
1022 4833 1115 4888 sed
1171 4849 1237 4889 ex
1289 4836 1548 4904 exemplis
1576 4833 1718 4891 icor-

123 4905 329 4970 raptis.

208 4975 237 5015 δ
261 4973 436 5028 Mitio.
467 4972 687 5028 Videtur
727 4974 839 5028 bth
882 4989 979 5028 vox
1013 4974 1184 5041 posita
1227 4975 1277 5028 in
1324 4974 1553 5030 ablativo
1593 4991 1718 5030 casn

125 5056 188 5099 et
218 5043 523 5116 signiﬁcare
549 5046 685 5100 idem
711 5044 848 5116 quod
869 5046 1170 5116 dominium,
1191 5046 1423 5116 legitima
1443 5048 1714 5112 possessio.

124 5115 280 5170 Raro
312 5115 553 5186 hmevox
576 5115 826 5176 occurrit,
855 5124 913 5186 et
945 5115 1160 5186 quidem
1204 5115 1278 5186 in_
1315 5115 1513 5171 chartis
1541 5117 1714 5186 Pipiui

127 5195 194 5242 et
225 5185 401 5240 Caroli
426 5184 596 5254 Magni
631 5196 852 5240 tantum.
874 5183 1008 5241 Vide
1028 5183 1216 5254 Cangii
1243 5184 1480 5240 Glossar.
1513 5183 1714 5242 noviss.

123 5257 291 5317 οὐξι..
318 5271 446 5309 Voce
477 5257 705 5310 Milium.

209 5338 232 5365 ε
260 5326 546 5380 Testantur
600 5327 834 5394 plerique
881 5333 1147 5391 auctores,
1198 5327 1335 5380 viam
1380 5339 1715 5383 monstrante

125 5397 446 5460 Dlabillone,
478 5395 546 5449 de
592 5395 668 5449 Ite
720 5397 1020 5463 diplomat.,
1051 5412 1167 5466 pag.
1201 5397 1284 5460 75,
1318 5396 1564 5451 Carolum
1601 5399 1714 5454 Ma-

131 5484 304 5538 gnum
337 5482 529 5538 nomen
554 5483 706 5520 suum
735 5475 1042 5538 constanter
1067 5469 1307 5535 signasse
1327 5466 1502 5522 littera
1528 5467 1588 5536 C,
1614 5485 1715 5522 an-

128 5536 352 5605 tequam
399 5536 685 5603 imperator
737 5536 923 5592 fuisset
974 5548 1290 5601 coronatus;
1349 5539 1550 5592 addunt
1590 5554 1716 5594 vero

125 5609 284 5678 illum
333 5606 398 5658 ad
449 5608 728 5674 imperium
756 5616 1043 5678 evectum
1079 5622 1290 5678 semper
1320 5622 1378 5662 se
1407 5615 1714 5665 nominasse

67 5675 81 5740 -ἶ
131 5676 416 5739 Karorum,
452 5678 702 5732 mutando
725 5677 763 5731 C
796 5678 849 5730 in
883 5675 950 5729 K.
989 5675 1240 5732 Plurimis
1283 5679 1393 5731 haec
1423 5678 1714 5734 discutiunt

133 5757 392 5803 auctores
449 5747 631 5803 Gallici
678 5762 831 5804 novae
877 5746 1254 5818 Diplomaticae,
1315 5757 1443 5803 tom.
1487 5750 1545 5820 ll,
1588 5767 1704 5822 pag.

1817 4624 2080 4692 218322,
2104 4625 2190 4695 qui
2215 4626 2350 4681 hanc
2372 4626 2688 4681 sententiam
2737 4641 2843 4679 non
2872 4623 3001 4678 satis
3029 4625 3233 4680 veritati
3267 4639 3394 4681 esse

1818 4712 2107 4752 censonam
2130 4699 2386 4765 iudicant.

1890 4768 1914 4805 ἀ
1951 4764 2284 4822 IIodieﬁcns
2310 4767 2454 4832 Stitl,
2489 4766 2539 4819 in
2566 4766 2702 4820 valle
2751 4765 3014 4817 Bruscana
3054 4773 3106 4818 et
3135 4764 3395 4820 Ballivatu

1820 4836 2263 4892 Scliirnreckiauo
2291 4838 2443 4900 situs,
2480 4837 2653 4890 adhuc
2686 4834 2956 4905 pertinens
2986 4836 3050 4886 ad
3083 4835 3395 4904 episcopum

1775 4911 1778 4914 ’
1819 4909 2281 4975 Argentinensem.

1895 4974 1916 5015 ἑ
1941 4976 2064 5030 "th
2093 4986 2260 5030 strata
2291 4974 2437 5044 regia
2473 4975 2559 5030 illa
2579 4984 2682 5040 est,
2708 4991 2824 5044 qua:
2845 4988 2937 5038 per
2959 4974 3145 5028 vallem
3174 4975 3398 5030 [trnsea-

1820 5063 1940 5102 nam
1966 5049 2106 5100 ducit
2127 5061 2191 5100 ex
2211 5048 2407 5100 Alsatia
2424 5046 2472 5099 in
2499 5045 2750 5107 Galliam,
2769 5045 2926 5098 hodie
2945 5044 3397 5106 adhucesistens.

1819 5129 1872 5173 et
1899 5118 2213 5186 quibusdam
2243 5117 2308 5168 ab
2336 5115 2458 5168 hinc
2487 5118 2640 5169 annis
2665 5123 2934 5186 renovata.

1897 5183 1928 5226 τ’
1948 5189 2114 5242 llodie
2145 5187 2344 5240 rivulus
2374 5187 2516 5249 Still,
2542 5185 2696 5254 cujus
2731 5183 2907 5238 fontes
2939 5195 3062 5238 sunt
3089 5186 3139 5238 in
3170 5185 3260 5239 illa
3293 5185 3396 5239 Vn-

1818 5259 1930 5328 sagi
1959 5269 2104 5326 parte
2135 5273 2252 5320 «une
2311 5255 2654 5312 WelferSIItnI
2717 5265 2964 5328 vocatur,
2993 5257 3202 5328 duabus
3231 5257 3395 5309 lencis

1817 5324 2032 5383 ab'ar‘ce
2087 5328 2552 5381 0chseu~teinensi
2584 5345 2599 5380 :
2632 5327 2770 5378 unde
2814 5324 3092 5379 descendit
3139 5326 3206 5379 ad
3265 5341 3399 5380 con-

1819 5401 2014 5453 vallem
2059 5397 2568 5452 Sciiirmcckianam.
2625 5407 2679 5452 et
2723 5396 2882 5467 paulo
2917 5406 3036 5465 post
3062 5410 3122 5450 se
3149 5397 3402 5451 Brusctne

1817 5470 1933 5537 conj
1943 5469 2104 5536 ungit.

1895 5533 1929 5579 ε’
1955 5533 2120 5593 ΐιόιιίθ
2153 5538 2304 5592 vicus
2337 5536 2540 5601 Urmot,
2584 5535 2872 5591 semilcuca
2915 5533 3139 5590 ilaslaco
3167 5535 3401 5600 distans,

1818 5611 1882 5664 ad
1913 5611 2139 5664 Stratam
2170 5611 2368 5678 regiam
2399 5619 2452 5662 et
2499 5608 2564 5662 ad
2610 5609 2919 5677 episcopum
2950 5607 3402 5676 Argentinensens

1821 5684 2112 5752 pertinens.

1889 5753 1911 5790 ιι
1946 5753 2116 5806 Locus
2148 5750 2295 5806 Vallis
2327 5749 2609 5822 Bruscana:
2639 5753 2864 5821 ignotus.
