3964 6344
157 367 270 425 99.9

463 367 691 424 CODEX
731 366 1257 424 DII‘LOMATICUS.
1298 396 1366 407 —
1407 365 1820 423 PRiVILEGIA.
1862 399 1931 410 —
1971 371 2011 426 Ι.
2051 370 2299 428 PRIVIL.
2341 373 2474 429 PER
2515 373 2791 433 GALLIzE
2832 379 3121 440 PARTES.

3323 387 3433 446 930

161 493 331 554 prout
359 497 491 550 opus
516 463 630 538 erat
678 483 948 546 fratribus,
997 483 1088 538 sed
1136 483 1428 539 secundum
1460 499 1745 551 paucorum
1775 483 1826 544 Α
1851 497 2120 540 cessorum
2141 490 2806 556 acnuctis'posessionibus
2839 493 3056 550 fratrum
3082 508 3430 574 sequestrari,

163 575 532 645 predictorum
554 577 900 638 voluntatem,
957 574 1056 628 sibi
1090 584 1290 629 tantum
1315 577 1648 644 providentes
1670 583 1748 632 In-

164 674 252 720 ter
276 680 348 719 se
375 666 600 719 latenter
629 663 960 719 dividebant.
1009 677 1034 704 α
1083 665 1189 719 Sed
1233 679 1354 720 cum
1397 681 1555 721 omne
1583 681 1748 735 genus

160 754 403 810 simonie
451 753 519 808 ab
563 753 793 809 Adriano
837 767 968 823 papa
1017 755 1233 825 suisque
1288 756 1750 825 predecessoribus

161 841 542 909 dampnatum,
585 855 648 895 ac
675 841 994 898 omnimodis
1020 853 1348 914 amputatum
1384 850 1749 916 cognovimus,

162 931 377 1002 placuit
405 941 584 988 nostre
605 943 659 988 et
677 935 970 989 astancium
1001 936 1352 1003 providentie.
1386 940 1574 1005 prefati
1601 941 1749 994 litto-

165 1025 253 1081 nis
278 1024 520 1094 episcopi
543 1026 812 1095 querelam
841 1027 918 1082 sic
968 1027 1208 1083 modeste
1236 1039 1290 1084 et
1319 1030 1519 1085 utiliter
1547 1039 1751 1101 tempe-

163 1130 315 1182 rare,
336 1131 405 1170 ne
417 1115 668 1170 utilitates
681 1113 919 1171 Ecclesia
934 1130 1151 1186 prorsus
1166 1118 1438 1173 videamur
1449 1120 1747 1190 destruere,

164 1207 252 1262 vel
283 1206 522 1262 decretis
545 1206 756 1261 Patrum
783 1215 986 1262 temere
1013 1208 1302 1265 contraire.
1365 1210 1565 1279 fingam
1591 1213 1750 1281 igitur

163 1298 403 1353 fratrum
438 1297 675 1366 ejusdem
702 1298 956 1368 episcopil
1003 1308 1056 1354 et
1083 1299 1308 1354 consilio
1337 1301 1620 1358 multorum
1656 1317 1751 1370 pa-

161 1403 286 1444 cem
311 1397 375 1444 et
394 1388 730 1444 concordiam
761 1388 1116 1458 diligentium,
1146 1404 1208 1445 ac
1237 1391 1455 1459 provido
1483 1406 1750 1447 consensu

162 1482 566 1550 episcoporum,
625 1479 756 1534 Lulli
815 1480 1066 1536 videlicet
1095 1481 1405 1552 Moguntini,
1463 1484 1666 1538 Etlonis
1693 1491 1750 1538 et

163 1571 420 1638 Joannis,
468 1571 751 1625 statuimus
777 1580 831 1625 et
861 1571 1026 1641 regali
1055 1581 1232 1625 nostra
1261 1575 1574 1628 auctoritate
1617 1587 1750 1628 con-

167 1663 528 1727 firmavimus,
558 1650 818 1729 quatenus
841 1661 1218 1730 ingredientes,
1255 1663 1309 1716 si
1336 1662 1478 1733 digni
1504 1663 1748 1732 judicen-

165 1763 254 1809 tnr
280 1753 535 1819 scientia,
564 1753 798 1808 moribus
826 1761 881 1808 et
910 1767 1125 1824 genere,
1169 1767 1236 1808 ne
1274 1765 1566 1824 appareant
1595 1754 1745 1809 vacui

1854 583 1906 628 et
1938 590 2040 629 non
2071 579 2122 630 in
2156 579 2521 634 mansionibus
2569 583 2649 636 vel
2702 587 3192 650 pernoctationibus
3222 595 3428 663 uspiam

1848 664 1916 720 ab
1941 667 2020 721 eis
2051 668 2348 737 inquietari,
2377 671 2468 726 sed
2495 672 2609 727 sine
2639 675 2782 729 omni
2807 677 2976 731 futura
3009 685 3431 744 contradictione

1848 752 1903 808 in
1933 758 2180 826 prepositi
2232 769 2284 812 et
2315 759 2532 814 fratrum
2577 762 2925 832 dispositione
2984 784 3071 825 res
3119 773 3432 834 claustrales

1847 839 2188 898 inconvulsas
2217 862 2451 904 manere.
2527 850 2582 906 Si
2610 855 2727 921 quis
2756 865 2933 910 autem
2962 859 3265 931 episcopus,
3299 865 3428 933 dux,

1846 928 2032 998 iudex,
2063 947 2274 1005 potens,
2319 941 2398 992 vel
2439 941 2725 1012 impotens,
2756 947 3006 1014 spiritalis
3034 953 3115 1006 vel
3142 928 3426 1024 secularis,

1849 1023 1951 1080 boe
1978 1037 2158 1084 nostre
2179 1029 2543 1098 dispositionis
2591 1045 2646 1090 et
2692 1039 3114 1098 confirmationis
3153 1023 3426 1103 decretum

1849 1126 2054 1172 mutare
2080 1127 2135 1172 et
2164 1119 2362 1176 violare
2393 1128 2770 1193 presumpserit
2793 1141 2846 1184 et
2877 1136 3156 1189 memorati
3189 1138 3428 1208 episcopi

1849 1208 2212 1272 possessiones
2237 1211 2495 1280 minuere,
2525 1225 2616 1270 aut
2639 1219 2771 1274 ullas
2783 1221 3079 1290 violentias,
3109 1228 3191 1283 vel
3217 1241 3430 1296 pertur-

1849 1295 2093 1354 bationes
2122 1315 2216 1369 pro
2244 1301 2326 1356 his
2354 1307 2568 1360 statutis
2595 1310 2791 1364 nostris
2815 1311 3065 1370 inchoare
3115 1295 3422 1385 tcntaverit,

1849 1398 2061 1443 centum
2114 1390 2275 1445 libras
2318 1391 2433 1446 auri
2502 1396 2687 1464 optimi
2755 1403 3039 1470 persolvat,
3092 1409 3426 1465 medietatem

1852 1478 1980 1532 fisco
2033 1489 2215 1533 nostro
2244 1482 2454 1552 triginta
2480 1485 2508 1524 δ
2539 1487 2955 1547 archimandrite
2981 1493 3300 1565 Moguntino,
3351 1501 3431 1554 vi-

1849 1567 1983 1638 ginti
2013 1569 2389 1640 Argentinensi
2418 1574 2676 1632 Ecclesie.
2748 1577 2816 1634 Et
2847 1588 2904 1635 ut
2939 1583 3038 1638 hec
3061 1595 3241 1643 nostre
3266 1591 3431 1643 firmi-

1853 1657 1974 1712 tatis
1988 1660 2273 1716 auetoritas
2293 1663 2484 1720 melius
2495 1665 2826 1734 observetur,
2847 1685 3007 1727 manu
3021 1678 3229 1746 propria
3246 1681 3431 1734 subter

1853 1744 2202 1815 firmavimus,
2258 1751 2407 1807 etde
2451 1755 2649 1809 annulo
2698 1767 2882 1813 nostro
2934 1744 3132 1830 signari
3157 1763 3431 1834 iussimus.

167 1847 224 1900 ξε,
255 1854 552 1915 conspectu
589 1844 818 1910 Domini,
851 1844 919 1900 ιιο
947 1845 1143 1912 enode,
1171 1856 1425 1915 quam“...
1454 1845 1566 1901 Deo
1588 1846 1751 1916 ξηερί-
1784 1830 1825 1889 Β
1855 1835 2076 1906 Signum
2111 1839 2289 1894 Caroli
2319 1842 2692 1910 gloriosissimi
2715 1840 2872 1916 regis.
2922 1830 3192 1907 Gilbertus
3219 1857 3433 1910 cancel-

169 1948 341 1992 rante
378 1936 661 1996 voluerint,
689 1935 844 1990 matri
877 1935 1121 1992 Ecclesia
1142 1935 1331 1992 devote
1363 1937 1618 2004 tribuant,
1668 1937 1752 1993 vel

168 2031 222 2082 si
244 2028 355 2084 hoc
390 2027 637 2092 defuerit,
688 2038 889 2094 septem
921 2025 1083 2081 libras
1111 2027 1252 2082 illius
1281 2036 1492 2082 monete
1523 2028 1574 2082 in
1617 2029 1754 2084 cari-

171 2130 346 2174 tatem
369 2128 422 2174 et
441 2131 722 2172 commune
752 2116 970 2171 fratrum
1000 2117 1337 2172 commodum
1364 2119 1656 2174 voluntarie
1675 2120 1754 2172 ef-

172 2209 374 2272 ferant,
433 2218 490 2262 ut
545 2207 665 2262 inde
691 2208 861 2262 nostri
908 2209 1216 2262 memoriam
1249 2218 1487 2278 agentes,
1528 2211 1755 2266 alacrius

172 2299 543 2358 consolentur.
593 2299 888 2368 Episcopus
919 2314 1045 2354 vero
1071 2309 1126 2354 et
1148 2301 1472 2370 prepositus,
1502 2318 1570 2358 ne
1599 2304 1754 2374 hujus

173 2389 417 2444 caritatis
463 2389 727 2444 immunes
775 2389 1100 2458 habeantur,
1141 2405 1262 2445 cum
1308 2393 1417 2446 sint
1455 2393 1655 2448 domini
1701 2403 1756 2450 et

176 2480 439 2548 magistri,
489 2481 660 2534 tribus
690 2481 873 2536 unceis
921 2481 1034 2534 auri
1077 2480 1362 2537 donentur.
1427 2482 1756 2553 Precipimns

176 2585 409 2639 quoque,
441 2586 508 2625 ne
535 2569 788 2626 defuncto
844 2571 1020 2641 priore
1059 2572 1271 2627 aliunde
1299 2576 1540 2640 veniens,
1571 2577 1663 2630 sed
1689 2577 1757 2632 de

179 2659 346 2727 ipsius
369 2659 599 2714 Ecclesie
614 2659 840 2729 gretnin,
865 2661 908 2714 si
927 2661 1186 2728 reperitur
1208 2663 1430 2720 idoneus
1448 2667 1753 2736 episcopus,

181 2751 444 2820 eligatur;
495 2751 588 2805 sed
616 2752 660 2804 si
686 2751 864 2804 nullus
888 2750 955 2804 ibi
986 2750 1196 2821 dignus,
1225 2755 1366 2824 quod
1389 2757 1610 2812 minime
1639 2773 1758 2814 cre-

183 2843 386 2907 dimus,
443 2842 766 2908 inveniatur,
804 2854 927 2898 tunc
975 2845 1196 2913 primunt
1227 2848 1362 2902 alter
1408 2849 1622 2904 aliunde
1671 2867 1756 2906 as-

186 2945 449 2998 sumatur,
483 2933 555 2989 ita
585 2944 754 2988 tamen
777 2948 843 2988 ne
887 2933 1122 2990 Romana
1147 2935 1420 3006 maiestas,
1451 2939 1534 2994 vel
1565 2942 1757 3010 regalis

194 3023 364 3077 bono'r
391 3023 708 3079 offendatur.
775 3026 942 3094 Quem
973 3029 1130 3086 taletu
1161 3043 1282 3084 esse
1310 3043 1615 3099 censemus,
1664 3034 1755 3104 qui

200 3115 386 3169 habeat
415 3115 517 3170 vite
545 3117 805 3181 meritum,
857 3118 1118 3186 sapientis
1157 3120 1480 3188 doctrinam,
1530 3127 1752 3179 castita-

195 3213 319 3270 tem,
351 3205 710 3272 sobrietatem,
767 3222 871 3262 non
900 3202 969 3263 sit
999 3209 1353 3278 turbulentus,
1401 3227 1506 3268 non
1539 3214 1752 3272 iracun-

190 3294 306 3362 dus,
333 3305 386 3349 et
426 3307 620 3365 quanto
646 3299 814 3369 magis
842 3309 1153 3368 extraneas,
1180 3309 1324 3355 tanto
1353 3304 1546 3357 melius
1574 3320 1755 3359 mora-

192 3393 292 3453 tus,
324 3386 572 3454 providus
597 3395 652 3440 et
671 3387 1055 3456 consideratus,
1079 3405 1176 3446 nec
1206 3392 1419 3447 Patrum
1441 3394 1756 3452 traditiones

195 3475 529 3543 destruendo,
575 3478 732 3534 alicui
769 3480 857 3534 flat
885 3479 1117 3536 offensus
1145 3483 1227 3537 vel
1259 3485 1532 3541 molestus.
1593 3487 1757 3543 Volu-

202 3579 310 3619 mus
338 3573 601 3636 pretereat
627 3582 713 3622 res
739 3571 998 3639 prcsentis
1013 3559 1262 3642 episcopi
1293 3588 1612 3647 suorumque
1637 3592 1759 3634 suc~

262 3733 288 3760 ι
311 3718 364 3774 1η
387 3720 611 3797 epistola
634 3722 701 3777 δι
730 3725 943 3797 Adriani
972 3741 1120 3797 papre
1145 3727 1211 3782 ad
1238 3728 1488 3784 domuum
1510 3731 1757 3788 Carnlnm

191 3805 368 3860 regem
397 3793 800 3869 directa,_apud_
825 3793 1173 3864 Iiouqneitttn,
1223 3809 1330 3854 tom
1362 3799 1426 3865 V,
1474 3815 1594 3869 pag.
1628 3800 1758 3869 579,

187 3870 430 3939 ηοω-ρει
454 3862 526 3919 85
549 3865 602 3939 in
631 3865 879 3939 Carolino
907 3862 1122 3931 Codice,
1156 3862 1267 3923 lucc
1297 3862 1572 3939 leguntur“:
1613 3889 1632 3922 ι
1655 3862 1760 3928 Nos

187 3931 429 3985 omnium
468 3934 814 3988 ecclesiarum
844 3943 1158 4000 pastoralem
1187 3931 1372 3992 curaui
1398 3942 1652 3996 habentes
1680 3945 1764 3996 di-

187 4001 313 4072 vina
335 4003 626 4072 pradicare
651 4017 906 4072 prwcepta
934 4023 1036 4059 non
1067 4009 1291 4063 sinimus
1320 4012 1384 4063 de
1407 4013 1764 4068 consecratio-

185 4070 293 4151 nis.
310 4069 458 4151 vitio,
484 4074 622 4151 quod
653 4069 705 4126 in
735 4069 970 4151 par-tibus
1014 4076 1175 4132 Italia:
1211 4087 1267 4133 et
1292 4078 1498 4135 Tuscia:
1527 4097 1622 4151 per
1651 4085 1763 4136 hrn-

185 4141 700 4214 resin-simoniacam
731 4143 805 4204 fit,
840 4156 942 4198 etc.
975 4163 993 4196 ι
1027 4186 1037 4214 ,

260 4209 290 4288 ξ’
325 4210 762 4288 ArcltitnandriL-e
791 4215 915 4268 olim
961 4209 1096 4284 apud
1125 4215 1338 4272 Graecos
1363 4220 1767 4288 appellabantur

183 4279 416 4335 abbates
434 4286 738 4358 generales,
765 4300 858 4358 seu
884 4279 1147 4358 principes
1179 4279 1578 4356 monachorum,
1625 4292 1768 4358 quod

186 4363 389 4422 nomen
419 4350 538 4404 dein
556 4350 980 4422 iarcbiepiscOpis
1005 4350 1100 4408 fuit
1128 4350 1593 4414 communicatum.
1645 4350 1766 4414 ὐλ-

183 4419 447 4490 gobertus
484 4419 764 4490 episcopus
794 4419 1156 4489 ltituricensis,
1202 4429 1256 4480 in
1293 4431 1474 4483 charta
1505 4432 1630 4484 anni
1660 4430 1768 4487 91:0

189 4488 256 4542 se
282 4488 621 4545 Bituricensis
645 4488 880 4549 ecclesiw
904 4488 1371 4550 archimandritatn
1397 4501 1654 4555 inscribit.
1713 4501 1764 4555 Itt

191 4558 462 4641 tabulario
492 4559 730 4641 ecclesia:
761 4563 1601 4641 Cvationopolitanzenmhiat-dus
1628 4571 1768 4641 Lug-

189 4629 451 4709 dunensis
489 4631 902 4709 ‘archintandrita
939 4637 1149 4709 dicitur.
1217 4637 1332 4709 Alia
1368 4640 1486 4694 vide
1528 4629 1770 4709 ext-Inpia

189 4711 319 4767 quae
333 4700 712 4776 gitabCangins
735 4703 1100 4776 inGlossario,
1143 4715 1248 4758 tom
1281 4708 1318 4770 |,
1353 4723 1468 4776 pag.
1502 4709 1624 4763 6.37.

274 4763 552 4849 f_Carolns
597 4763 721 4823 t'nne
767 4772 946 4827 [totum
977 4763 1608 4849 Paschaﬂcuttt'Adriano
1637 4795 1770 4849 papa

193 4835 512 4901 celebravit,
543 4848 600 4893 ut
630 4849 887 4896 testantur
917 4845 1147 4898 Annales
1178 4845 1501 4901 Francorum
1542 4835 1774 4904 Fulden-

193 4920 310 4986 ses,
355 4908 491 4973 apud
538 4908 885 4986 Βοιιὶιιζοιιιμι,
919 4921 1046 4966 tom.
1079 4913 1142 4979 ν,
1193 4930 1313 4986 pag.
1344 4915 1468 4971 528.
1542 4919 1773 4974 Annales

196 4976 488 5043 Metenses,
533 4979 671 5046 apud
705 4979 998 5047 Duchesne,
1042 4976 1290 5047 ton—ull:
1321 4995 1374 5040 et
1413 4986 1523 5040 alii.
1569 4986 1770 5042 Ibidem

195 5058 419 5122 quoque
435 5047 688 5122 solemnis
713 5063 922 5116 peracta
951 5062 1032 5106 est
1052 5053 1288 5119 donatio,
1339 5071 1496 5122 quam
1528 5055 1772 5112 fecitCa-

196 5115 351 5186 rolus
381 5115 629 5171 Ecclesia:
654 5115 922 5186 Rotnanac,
957 5131 1012 5174 ut
1041 5131 1221 5176 narrat
1243 5115 1551 5181 Anastasius
1579 5128 1630 5180 in
1654 5126 1772 5184 Vita

198 5184 422 5264 Adriani
449 5201 613 5264 papae,
646 5189 781 5264 apud
807 5184 1155 5264 Bonquclum,
1184 5205 1312 5248 tom.
1347 5193 1411 5263 ν,
1438 5209 1554 5264 pag.
1574 5197 1700 5251 461.
1739 5233 1750 5241 υ

274 5253 315 5333 «ᾗ.
335 5253 459 5333 ﬂare
485 5253 618 5310 inter
635 5253 847 5313 chartas
864 5253 1124 5333 Alsaticas
1144 5253 1313 5330 prima
1349 5253 1585 5333 est-qua:
1620 5267 1776 5322 habet

199 5321 626 5402 indic-tionemet
652 5343 846 5383 annum
868 5321 1299 5402 incarnationis.
1326 5401 1333 5402 ί
1382 5321 1778 5402 I’apebrochius

200 5402 256 5468 et
289 5394 377 5468 alii
415 5398 494 5448 vel
543 5397 694 5465 falsa,
735 5403 814 5454 vel
866 5401 1180 5468 interpolata
1224 5394 1550 5459 arbitrantur
1599 5408 1776 5462 omnia

202 5461 494 5534 diplomata
513 5481 628 5534 qua:
658 5461 780 5524 ante
805 5461 1126 5528 annum'SOU
1154 5487 1313 5526 rerum
1343 5473 1699 5529 Christianam
1724 5461 1779 5532 et

202 5529 548 5614 ittdictionem
565 5539 932 5614 prmseferunt.
967 5558 984 5590 ι
1011 5541 1118 5614 Ilac
1140 5552 1316 5614 :e'ate,
1341 5545 1508 5610 inquit
1529 5529 1778 5614 Erkhari,

203 5597 659 5687 EgmmenLar.:tle
680 5611 838 5662 rebus
857 5609 912 5687 [ft
927 5611 1091 5664 unciae
1104 5597 1396 5687 orientalis,
1416 5597 1554 5687 't_om_.

205 5668 302 5753 _2_8.
321 5675 640 5753 sertasetlet
661 5679 945 5753 sententia,
968 5695 1162 5753 annum
1194 5668 1786 5753 Irtcarrtatiottisinpro;

209 5738 296 5796 bis
317 5739 489 5801 Caroli
515 5745 714 5804 chartis
743 5762 845 5802 non
887 5738 1129 5807 inveniri.
1170 5769 1190 5803 ι
1256 5754 1400 5821 Quos
1445 5738 1780 5826 omttes‘jazit

1857 1925 2024 1982 larius
2051 1928 2118 1982 ad
2155 1930 2323 1986 vicem
2378 1931 2598 1988 Ilitltcrii
2641 1938 2948 2005 recognovit
2993 1951 3047 1994 et
3100 1943 3433 2010 subscripsit.

1858 2031 1880 2060 ο
1916 2021 2101 2076 Datum
2131 2023 2184 2076 in
2209 2033 2396 2079 sancto
2421 2025 2510 2081 die
2536 2026 2756 2092 Pascite,
2812 2031 2974 2084 tcreio
3021 2047 3188 2087 nonas
3209 2035 3429 2104 Aprilis,

1854 2107 2043 2164 d.anno
2087 2111 2356 2168 Dominice
2389 2114 2768 2170 Incarnationis
2791 2116 2894 2172 774
2914 2158 2932 2184 ,
2993 2121 3282 2178 indictione
3303 2123 3437 2179 duo-

1855 2198 2081 2262 decima,
2098 2215 2237 2255 anno
2254 2213 2407 2259 sexto
2421 2213 2673 2274 regnante
2693 2206 2888 2262 domno
2903 2218 3086 2264 nostro
3101 2211 3290 2268 Carolo
3307 2213 3396 2282 κιο
3407 2242 3428 2258 ο

1857 2291 2147 2346 riosissimo
2196 2308 2339 2363 rege,
2382 2294 2498 2363 ipso
2543 2309 2676 2364 papa
2721 2295 2954 2352 Adriano
2981 2300 3196 2357 sedente
3221 2303 3272 2357 in
3302 2306 3433 2360 sede

1855 2395 1972 2438 Sua.
2017 2385 2204 2438 Actum
2237 2383 2424 2450 Rome,
2455 2386 2506 2440 in
2533 2384 2627 2441 Dei
2659 2385 2874 2449 nomine
2903 2387 3146 2444 feliciter.
3179 2392 3371 2446 Amen.

2579 2498 2718 2555 XVI.

2579 2500 2670 2553 XV
2704 2539 2718 2555 .

1860 2588 2179 2658 Praecpta»:
2225 2589 2396 2644 Caroli
2443 2588 2622 2662 Magni
2658 2500 2752 2660 ἐπ’
2793 2592 3100 2649 monasterio
3146 2591 3432 2654 Atrisolensi

2469 2681 2634 2750 (anno
2669 2681 2816 2752 774).

2171 2787 2262 2851 (Ex
2297 2788 2356 2837 D.
2377 2790 2624 2852 Bouqaet,
2647 2790 2851 2842 Recueil
2870 2790 2960 2842 des
2979 2792 3132 2857 Hist.)

1930 2871 2152 2925 Karolus
2177 2871 2341 2938 gratia
2360 2872 2449 2926 Dei
2474 2888 2561 2925 res
2589 2872 2936 2938 Francorum,
2956 2877 3036 2931 vir
3060 2877 3303 2944 inluster,
3324 2897 3440 2936 om-

1859 2960 2018 3015 nibus
2048 2959 2292 3014 fidelibus
2313 2960 2508 3014 nostris
2529 2969 2635 3015 tam
2666 2963 3012 3030 praesentibus
3033 2981 3188 3036 quam
3216 2979 3267 3024 et
3297 2970 3450 3024 futu-'

1861 3052 1956 3106 ris.
2013 3051 2068 3106 Si
2095 3050 2196 3104 hoc
2215 3051 2354 3120 quod
2385 3041 2901 3108 rectores'Ecclesite
2921 3069 3016 3124 pro
3045 3062 3440 3126 opportunitate

1779 3171 1828 3234 ο
1863 3142 2247 3197 venerabilium
2273 3140 2509 3197 locorum
2534 3143 2671 3198 inter
2695 3158 2754 3200 se
2788 3157 3204 3234 commutantur,
3235 3151 3434 3206 nosrris

1859 3233 2088 3288 oraculis
2112 3232 2515 3294 confirmamus,
2572 3233 2769 3303 regiam
2814 3233 3256 3294 consuetudinem
3282 3256 3438 3296 eter-

1857 3335 2060 3388 cemus,
2105 3333 2158 3376 et
2189 3321 2240 3376 id
2273 3323 2324 3376 in
2353 3324 2685 3390 postmodum
2737 3325 2858 3394 jure
2889 3326 3193 3384 firmissimo
3221 3346 3438 3386 mansn-

1859 3428 1978 3468 rum
2000 3399 2120 3468 esse
2139 3411 2425 3468 credimus.
2483 3413 2640 3480 Igitur
2665 3425 2846 3469 notum
2873 3417 2942 3471 sit
2973 3419 3210 3473 omnium
3234 3425 3440 3476 vesarn-

1859 3519 1978 3558 rum
2006 3503 2376 3574 tnagnitndini,
2405 3505 2632 3572 qualiter
2665 3508 2765 3560 viri
2811 3509 3139 3565 venerabiles
3171 3511 3435 3567 Merohlns
3519 3499 3524 3510 ’

1860 3591 2214 3648 Cenomannis
2245 3593 2389 3648 urbis
2435 3595 2738 3664 episcopus,
2794 3607 2953 3668 atque
2986 3599 3323 3669 Rabigaudus
3369 3619 3434 3659 ex

1863 3747 2111 3819 refutavit
2153 3747 2472 3809 Schatenu.
2500 3747 2710 3819 diram
2735 3749 3107 3819 Dionysianam
3157 3768 3296 3806 anno
3327 3753 3436 3807 553

1862 3818 2208 3885 compositam
2253 3834 2355 3870 non
2387 3818 2646 3888 statimrin
2685 3818 2883 3872 chartis
2925 3821 3228 3883 adrnissartt
3255 3825 3434 3888 fuisse,

1861 3888 1954 3943 sed
1979 3889 2133 3955 longo
2173 3897 2292 3954 post
2321 3899 2556 3953 tempore
2580 3887 2929 3940 introductam
2964 3905 3142 3942 vermn
3173 3904 3284 3945 est:
3342 3887 3436 3945 sed

1862 3971 1982 4012 cum
2014 3957 2314 4025 prtefigatur
2363 3956 2984 4028 conciliis_Germanico,
3039 3960 3340 4028 Leptinensi
3381 3973 3434 4014 ut

1864 4027 2232 4082 Suessionensi
2265 4040 2520 4093 annorum
2547 4025 2650 4079 745
2667 4036 2722 4080 et
2749 4025 2873 4095 744.
2900 4041 2996 4080 cur
3018 4025 3127 4081 non
3155 4033 3318 4095 notuit
3339 4030 3442 4082 Ca-

1866 4097 2009 4151 rolus
2041 4111 2157 4148 eam
2180 4097 2230 4147 in
2247 4096 2536 4161 diplomate
2552 4109 2690 4149 anno
2713 4094 2816 4147 774
2831 4096 3105 4153 adhibere.
3132 4094 3273 4160 Illam
3299 4115 3440 4154 anno

1865 4167 1971 4222 783
2001 4164 2241 4219 adhibuit
2269 4166 2322 4217 in
2355 4165 2658 4234 authentico
2688 4164 2977 4233 diplomate
3007 4182 3103 4234 pro
3133 4169 3353 4229 Metensi
3377 4173 3435 4222 5.

1868 4238 2126 4306 Arnnlphi
2150 4235 2416 4306 coenobio,
2433 4234 2571 4306 apud
2592 4233 2855 4297 Meuriss"
2884 4233 3110 4290 Histoire
3131 4239 3217 4290 des
3235 4240 3442 4306 ἐνέφυσε

1867 4307 1930 4360 de
1957 4305 2113 4378 Mers,
2146 4320 2266 4374 pag.
2297 4305 2417 4378 fill,
2450 4314 2505 4378 et
2532 4304 2877 4378 llouquetum,
2907 4315 3036 4378 tom.
3073 4308 3133 4373 V,
3165 4323 3284 4378 pag.
3315 4304 3443 4363 748.

1868 4377 2017 4443 Quod
2042 4373 2199 4429 etiam
2227 4379 2292 4447 de
2317 4373 2601 4428 indictione
2623 4377 2928 4430 dicendum.
2978 4376 3092 4431 Non
3119 4373 3274 4447 igitn'r
3306 4381 3438 4433 falsa

1871 4447 1971 4500 dici
2007 4456 2178 4512 potest
2203 4445 2382 4498 charta
2414 4459 2530 4513 qua:
2563 4459 2748 4497 novem
2776 4456 2900 4500 ante
2924 4461 3092 4501 annos
3125 4445 3309 4502 iisdem
3337 4453 3447 4501 for-—

1797 4513 1851 4574 D
1875 4518 2027 4569 mulis
2062 4516 2133 4568 sit
2159 4529 2274 4569 usa.
2334 4517 2540 4586 lieverar
2564 4517 2742 4568 omnia
2773 4517 2880 4571 fere
2918 4518 3202 4583 diplomata
3231 4535 3348 4586 qum
3378 4521 3441 4572 :t:l

1877 4601 1962 4640 res
1991 4586 2432 4638 monasteriorum
2467 4585 2892 4653 privatarumque
2947 4585 3285 4653 personarum
3320 4604 3442 4655 par-

1877 4657 2062 4720 tinent,
2094 4656 2142 4707 in
2169 4655 2395 4707 secunda
2422 4669 2600 4723 regunt
2631 4657 2797 4718 stirpe
2825 4667 3004 4709 carent
3027 4657 3176 4710 annis
3200 4657 3446 4710 Incurua-

1875 4727 2033 4780 tionis
2069 4735 2121 4777 et
2147 4724 2468 4778 indie-tionis.
2537 4725 2639 4777 Sed
2686 4726 2899 4778 adnotat
2931 4726 3220 4786 .llabillon.,
3268 4728 3334 4778 de
3366 4726 3444 4780 lic

1876 4795 2241 4861 diplomatica,
2276 4808 2392 4859 pag.
2431 4793 2546 4856 I89,
2581 4796 2833 4847 nonnulla
2863 4810 2980 4862 quat
3011 4795 3268 4848 solemnia
3301 4802 3445 4849 luere

1875 4873 1929 4919 et
1944 4865 2230 4918 Ecclesiatn
2251 4865 2328 4915 vel
2353 4877 2568 4931 regnmn
2591 4866 2922 4930 spectabant,
2951 4879 3069 4918 cum
3086 4867 3237 4917 anuis
3265 4880 3446 4931 regum

1875 4935 2152 5000 adiunctos
2186 4933 2381 4985 habere
2412 4934 2790 4987 lncarnationis
2811 4949 2999 4987 annos.
3059 4934 3199 4987 ldetu
3228 4936 3450 4986 adnotat

1879 5002 2164 5065 Bcs:elius,
2196 5001 2444 5056 Chronici
2466 5000 2817 5069 Gotwicens.,
2869 5015 2996 5056 tom.
3029 5003 3071 5070 Ι,
3106 5004 3200 5057 lib.
3233 5018 3290 5066 tt,
3327 5019 3448 5072 pag.

1881 5074 2004 5135 155,
2051 5072 2207 5134 idque
2263 5074 2404 5125 clare
2451 5075 2727 5127 enuntiarit
2770 5085 3014 5126 auctores
3064 5072 3249 5128 Gallici
3295 5091 3446 5126 novre

1884 5143 2273 5207 Diplomaticzu,
2321 5149 2452 5196 tom.
2486 5141 2573 5204 Vl,
2617 5157 2733 5209 pag.
2768 5140 2890 5194 442.
2927 5160 2946 5194 t
2978 5141 3074 5195 ιρι
3114 5144 3361 5211 diplomas
3391 5147 3454 5196 de

1883 5212 2274 5282 Cltnrlesmagne
2294 5211 2433 5264 dates
2454 5214 2516 5264 de
2543 5211 2821 5264 I’indrctiun
2843 5224 2890 5264 et
2913 5213 3002 5265 des
3023 5217 3204 5266 onuées
3231 5217 3292 5266 de
3319 5215 3453 5267 f‘ln-

1883 5281 2171 5347 carnario",
2189 5291 2337 5333 avent
2359 5294 2402 5334 et
2427 5282 2608 5352 depuis
2623 5281 2752 5349 qu’if
2774 5285 2852 5350 [ut
2875 5297 3155 5352 empereur,
3177 5300 3239 5334 ne
3253 5284 3456 5336 doivmt

1883 5353 2021 5423 point
2044 5352 2148 5403 étre
2177 5353 2379 5423 reierés._
2404 5352 2446 5423 si
2467 5351 2726 5423 d’aillenrs
2753 5353 2816 5403 ila
2840 5368 2901 5405 ne
2921 5365 3033 5404 sont
3064 5368 3154 5423 pas
3178 5357 3454 5419 rt‘pt't‘lten-

1886 5420 2086 5476 siblrsn
2157 5421 2418 5489 Quidquid
2452 5422 2520 5491 sit
2549 5420 2615 5474 de
2647 5422 2743 5474 hac
2767 5420 3151 5483 controversia,
3206 5438 3322 5491 qum
3350 5435 3457 5477 stat

1888 5507 1986 5562 pro
2014 5507 2154 5544 anno
2181 5490 2574 5562 Ittcarnalionis,
2625 5491 2769 5544 nulla
2807 5493 3106 5545 remanebit
3146 5493 3452 5560 difficultas,

1889 5560 1932 5615 si
1963 5563 2168 5614 dicatur
2212 5575 2370 5613 a-ram
2419 5560 2772 5613 Christianam
2826 5571 2880 5614 et
2929 5563 3267 5616 indieliunem
3299 5581 3454 5618 manu

1893 5633 2185 5700 posteriore
2210 5633 2258 5682 itt
2284 5635 2591 5702 apographn
2609 5631 3058 5702 fuisseinsertam,
3089 5647 3208 5686 cum
3240 5635 3456 5702 reliqua:

1896 5703 2011 5757 aria:
2042 5702 2276 5756 fornici-.2
2309 5701 2533 5771 diploma
2557 5700 2980 5771 Carlovingicutn
3009 5703 3283 5760 dcttotcnt.
