3964 6344
530 312 630 371 951

1414 306 1476 362 Β.
1503 304 1753 363 CAROLI
1798 303 2011 360 llAGNl
2050 304 2199 359 οιιιι.
2245 306 2423 364 mus
2464 307 2505 364 t.
2548 303 2793 364 SECTIO
2831 303 2893 362 ll.
3716 312 3801 369 επεὶ

531 433 747 492 Atiisola
799 425 1120 486 monasterio
1167 423 1331 480 abbas
1375 422 1442 477 ad
1474 432 1710 478 nostram
1767 431 2108 477 accesserunt
2137 429 2184 484 Α
2215 424 2314 478 hoc
2343 426 2496 479 nobis
2526 425 2590 479 ad
2633 423 2898 480 mercedis
2926 433 3268 493 augmentum
3318 427 3397 482 vel
3457 427 3799 487 stabilitatem

533 523 890 596 praesentiam,
920 526 1221 574 asserentes
1246 530 1304 570 sc
1335 528 1428 584 pro
1456 515 1877 582 opportunitate,
1919 514 2110 568 amba-

531 631 648 671 rum
681 613 903 682 partium
934 625 1020 664 res
1044 607 1293 662 Ecclesiae
1323 606 1460 660 inter
1489 620 1548 660 se
1567 607 1940 669 concamiare;
1974 603 2113 660 unde

531 716 584 761 et
619 706 758 772 ipsas
781 698 1226 757 commutationes
1259 699 1518 751 bonorum
1552 697 1825 750 hominum
1860 696 2110 750 manibus

534 797 886 854 roboratasin
919 791 1164 863 prteseuti
1209 790 1558 846 ostenderunt
1610 789 1888 858 legendas:
1940 788 2028 842 ubi
2060 796 2114 842 et

531 888 876 960 cognovimus
903 885 1136 956 qualiter
1185 882 1336 938 dedit
1369 891 1425 936 et
1474 891 1802 934 memoratus
1831 878 2113 947 episcopus

532 981 600 1035 de
630 980 832 1034 ratione
861 978 918 1032 S.
947 973 1185 1030 Gervasii
1218 970 1525 1039 Rabigaudo
1553 968 1734 1024 abbati
1777 968 1843 1022 ad
1895 982 2027 1034 opus
2051 968 2111 1022 S.

530 1073 760 1136 Carileli,
801 1069 924 1124 villa
973 1068 1060 1123 illa
1109 1081 1228 1135 quat
1277 1073 1496 1120 vocatur
1529 1062 1851 1119 Sabonarias
1890 1061 1943 1116 itt
1976 1075 2110 1130 pago

530 1162 944 1225 Cenomanuico,
981 1153 1034 1213 in
1065 1157 1278 1214 condita
1312 1157 1658 1219 Labrociuse,
1687 1167 1844 1221 quem
1884 1152 2112 1206 domnus

529 1254 796 1313 Senardus
825 1267 922 1308 suo
945 1258 1109 1320 opere
1133 1263 1165 1304 a
1193 1263 1336 1302 novo
1363 1245 1683 1308 construxit,
1715 1251 1771 1298 et
1795 1241 1995 1296 ibidem
2026 1256 2114 1296 re-

530 1345 776 1416 quiescit,
809 1358 929 1398 cum
959 1339 1207 1395 omnibus
1237 1337 1396 1393 rebus
1421 1335 1487 1390 ad
1517 1350 1576 1389 se
1601 1332 1983 1402 pertinentibus
2027 1330 2113 1384 vel

530 1436 934 1507 aspicientibus:
969 1434 1018 1488 id
1047 1439 1152 1501 est,
1181 1430 1426 1486 omnibus
1445 1427 1619 1492 terris,
1654 1424 1917 1489 domibus,
1945 1421 2113 1476 :edili-

529 1533 644 1596 ciis,
694 1528 998 1592 accolabus,
1031 1522 1327 1592 mancipiis,
1373 1522 1504 1586 litis,
1553 1516 1779 1582 libertis,
1827 1523 1883 1570 et
1911 1511 2114 1568 lieneli-

527 1625 608 1680 cia
637 1623 1010 1692 ingenuorum,
1039 1616 1207 1672 vineis
1233 1623 1288 1669 et
1308 1613 1480 1680 silvis,
1509 1611 1735 1680 campis,
1767 1606 1929 1676 pratis
1954 1649 1968 1675 ,
2016 1620 2110 1676 pa-

530 1716 696 1778 scuis,
722 1716 875 1784 aquis
903 1724 1231 1782 aquarumve
1261 1707 1592 1771 decursibus,
1623 1704 1901 1759 mobilibus
1927 1710 1983 1758 et
2009 1701 2112 1756 im-

2217 517 2364 582 regni
2392 515 2558 570 nostri
2587 516 2856 584 pertinere
2876 514 3217 569 conﬁdimus.
3247 516 3608 586 Quapropter
3638 529 3798 576 notum

2215 607 2284 662 sit
2312 607 2549 661 omnium
2584 607 2819 661 ﬁdelium
2852 614 3158 672 nostrorum
3185 607 3799 677 magnitudini,qualiter

2217 713 2312 752 nos
2342 697 2646 765 etcoojnnx
2690 707 2868 751 nostra
2898 697 3182 766 llildegard
3216 698 3399 766 regina
3456 699 3538 759 ob
3583 715 3797 756 amorem

2217 789 2334 854 Dei,
2367 799 2420 843 et
2458 798 2652 843 nostra:
2675 803 2957 843 commune
2994 789 3254 842 mercedis
3302 801 3689 860 augmentum,
3716 795 3795 845 do-

2218 895 2406 933 namus
2435 879 2496 933 ad
2523 887 2918 934 sacrosanctam
2954 880 3235 934 ecclesiam
3263 881 3576 935 beatissimi
3604 883 3772 938 confes

2216 973 2355 1024 soris
2383 971 2440 1027 S.
2475 971 2685 1026 Martini
2717 981 2771 1025 et
2801 971 3008 1039 patroni
3038 973 3206 1025 nostri
3234 972 3538 1026 Turonica:
3586 973 3796 1028 civitatis

2219 1070 2606 1123 constructam,
2640 1061 2726 1114 ubi
2762 1061 2874 1128 ipse
2905 1061 3169 1128 pretiosus
3199 1062 3432 1116 domnus
3456 1077 3697 1130 corpore
3727 1081 3797 1119 re-

2219 1152 2470 1219 quiescit,
2502 1162 2556 1204 et
2586 1149 2665 1204 vir
2686 1151 3008 1205 venerabilis
3034 1151 3324 1205 Gullardus
3387 1155 3538 1207 abba
3589 1171 3796 1223 praeesse

2218 1241 2454 1304 videtur,
2495 1240 2857 1309 donatumque
2887 1242 2936 1294 itt
2971 1251 3277 1310 perpetuum
3308 1243 3374 1296 ad
3405 1244 3666 1298 eumdem
3695 1259 3798 1297 san-

2216 1341 2360 1385 ctum
2393 1331 2591 1397 locum,
2625 1331 2706 1386 vel
2729 1331 2970 1402 ejusdem
3003 1333 3404 1402 congregationi
3427 1348 3600 1390 causa
3644 1337 3792 1391 vesti-

2217 1433 2524 1476 mentorum
2548 1437 2667 1476 esse
2691 1423 2936 1476 volumus
2971 1441 2984 1476 :
3037 1426 3137 1478 hoc
3177 1434 3280 1489 est,
3329 1426 3510 1480 insula
3560 1441 3680 1481 cum
3715 1443 3791 1483 ca.

2219 1512 2378 1566 stello
2401 1513 2804 1580 Serniionense,
2826 1529 2944 1582 qua:
2963 1525 3044 1569 est
3074 1515 3171 1568 sita
3204 1516 3256 1570 in
3285 1517 3405 1572 lacu
3439 1519 3728 1586 Minciada,
3749 1531 3791 1574 et

2219 1613 2423 1656 curtcm
2457 1604 2764 1672 piscarium,
2796 1619 2858 1659 ac
2894 1605 3112 1660 Lionam
3140 1619 3260 1661 cum
3309 1608 3572 1663 omnibus
3621 1611 3789 1666 ﬁnibus

2219 1702 2274 1747 et
2299 1691 2417 1762 ejus
2445 1693 2713 1759 terminis,
2745 1695 2884 1749 sicut
2910 1697 2964 1749 in
2994 1695 3208 1764 publico
3233 1706 3289 1752 et
3319 1698 3385 1752 ad
3439 1700 3692 1767 palatium
3725 1703 3788 1754 vi-

529 1782 836 1870 mobilibus,
869 1801 1152 1866 farinariis,
1183 1799 1364 1871 gregis
1379 1813 1499 1853 cum
1517 1795 1841 1866 pastoribus,
1866 1792 2044 1846 omnia
2062 1798 2110 1846 el

2222 1799 2340 1839 sum
2382 1795 2467 1841 est
2497 1786 2846 1854 pertinuisse,
2895 1796 2952 1843 et
2999 1787 3208 1844 inantea
3255 1791 3391 1844 intra
3445 1791 3580 1846 ﬁsco
3632 1804 3788 1849 nostra

527 1913 595 1956 ex
621 1896 891 1957 omnibus.
921 1911 1046 1952 cum
1077 1893 1221 1948 omni
1251 1890 1584 1961 supellectile
1615 1889 1861 1960 quicquid
1888 1887 1991 1942 dici
2021 1893 2113 1940 aut

528 1989 794 2043 nominari
827 1997 1022 2056 potest.
1080 1985 1336 2041 Similiter
1383 1985 1498 2038 lucc
1521 1983 1791 2054 coutraju
1819 1992 2111 2048 cotupenso

525 2081 672 2134 dedit
693 2079 804 2150 jam
833 2082 971 2134 l'atus
994 2077 1333 2146 llabigaudus
1363 2075 1430 2130 de
1455 2077 1660 2130 ratione
1695 2073 1864 2130 sancti
1895 2068 2110 2127 Carileil

527 2169 766 2225 Meroldo
789 2169 1044 2239 episc0po
1071 2168 1135 2221 ad
1174 2183 1310 2232 opus
1341 2167 1400 2222 S.
1435 2166 1699 2230 Gervasii,
1728 2166 1849 2218 villa
1881 2177 2002 2234 quae
2024 2177 2113 2217 vo-

525 2273 677 2318 catur
702 2262 1111 2317 Curte-Bosane
1159 2271 1214 2316 et
1266 2259 1834 2315 Moute-Ebretramno
1885 2259 1936 2312 iu
1977 2271 2112 2328 pago

524 2353 948 2419 Ccnomannico,
997 2351 1296 2406 incondita
1333 2351 1648 2414 Siliacense,
1694 2364 1816 2404 cum
1863 2351 2111 2403 omnibus

521 2444 844 2515 appenditiis
869 2446 1000 2509 suis,
1016 2458 1136 2498 cum
1160 2443 1342 2508 terris,
1370 2442 1641 2507 domibus,
1673 2441 1932 2505 aediliciis,
1962 2457 2113 2494 man-

522 2536 700 2604 cipils,
727 2536 856 2602 litis,
888 2534 1115 2601 libertis,
1139 2543 1194 2588 et
1223 2531 1478 2598 beneﬁcia
1511 2534 1887 2602 ingenuorum,
1919 2530 2108 2592 vineis,

523 2626 692 2686 silvis,
735 2627 961 2694 campis,
1010 2623 1194 2692 pratis,
1257 2624 1487 2691 pascuis,
1538 2624 1690 2692 aquis
1747 2637 2112 2691 aquarumque

521 2715 860 2781 decursibus,
927 2713 1211 2770 mobilibus
1277 2724 1331 2766 et
1394 2711 1776 2776 immobilibus,
1845 2710 2110 2781 peculium

525 2805 805 2874 utriusque
832 2818 994 2860 sexus
1022 2813 1128 2858 tam
1156 2803 1354 2874 majora
1384 2818 1547 2872 quant
1581 2801 1806 2868 tninora,
1851 2801 2025 2856 omnii
2059 2813 2113 2855 et

523 2913 588 2953 cx
621 2897 868 2953 omnibus
892 2897 1143 2968 quicquid
1175 2896 1278 2950 dici
1303 2904 1359 2952 et
1385 2896 1646 2950 nominari
1682 2903 1854 2964 potest
1877 2895 1943 2949 ad
1977 2894 2112 2948 inte-

525 3003 700 3060 grum.
750 2988 856 3044 Sed
889 3003 982 3058 pro
1009 2988 1214 3058 integra
1265 2987 1514 3042 firmitate
1546 2987 1809 3056 petierunt
1839 2986 1950 3056 j-im
1983 2984 2108 3040 dicti

523 3078 621 3133 viri
651 3078 951 3134 celsitudini
993 3091 1210 3144 nosmc,
1245 3090 1299 3132 ut
1343 3079 1443 3133 hoc
1473 3095 1564 3145 per
1596 3089 1828 3132 nostram
1867 3077 2113 3131 auctori-

526 3178 686 3226 tatem
709 3170 1032 3225 conlirtnate
1062 3141 1402 3226 deberemus.
1453 3141 1689 3238 Quorum
1721 3171 1959 3238 petitioni
1991 3183 2112 3238 gt-a-
2144 3141 2187 3201 (ἶ

531 3260 661 3312 tanti
686 3261 865 3314 animo
891 3259 960 3312 ita
991 3260 1300 3329 pra'stitisse
1323 3259 1402 3316 vel
1418 3263 1764 3314 continuasse
1782 3261 2112 3328 cognoscite.

526 3348 908 3418 Prazcipientcs
938 3364 1068 3419 ergo
1109 3349 1360 3419 jubetnus
1403 3359 1461 3404 ut
1511 3350 1758 3418 quicquid
1795 3366 1914 3416 pars
1945 3349 2112 3403 altera

523 3440 748 3495 contulit
775 3442 930 3510 parti,
953 3450 1045 3494 aut
1070 3451 1253 3495 contra
1284 3443 1332 3494 in
1359 3442 1858 3509 recoutpensationi:
1888 3441 2111 3506 recepit,

525 3532 594 3587 ab
642 3530 743 3586 hoc
791 3532 880 3586 die
926 3547 1020 3600 per
1071 3531 1208 3586 hanc
1247 3534 1618 3586 auctoritatem
1674 3535 1942 3600 inspectas
1971 3531 2112 3599 ipsas

523 3628 992 3690 comtnumtioncs,
1047 3625 1185 3681 sicut
1239 3643 1332 3695 per
1381 3642 1472 3681 eas
1500 3627 1819 3693 declaratur,
1856 3627 2104 3684 habendi.

527 3716 766 3779 tenendi,
799 3716 1181 3780 commutandi,
1213 3719 1292 3771 vel
1324 3717 1795 3786 quicqttiﬂexinde
1826 3719 2112 3787 unusquis-

524 3820 630 3874 que
660 3806 798 3874 quod
821 3824 848 3859 a
882 3822 1004 3877 pare
1032 3823 1130 3862 suo
1168 3808 1394 3876 acoepit,
1438 3812 1500 3860 ad
1536 3810 1825 3878 perfectum
1868 3811 2108 3878 ejusdem

527 3899 779 3954 Ecclesia:
834 3915 1088 3956 exercere
1121 3901 1364 3966 voluerit,
1409 3902 1633 3956 liberant
1667 3913 1716 3956 et
1747 3901 2106 3956 firmissimam

527 3992 580 4046 in
608 3992 853 4048 omnibus
906 3992 1135 4048 habeant
1167 4003 1505 4061 powstatem,
1556 4003 1609 4046 et
1659 4008 1829 4060 neque
1877 3993 1944 4046 ab
1979 3995 2110 4061 ipsis

525 4081 790 4156 praedictis
838 4081 987 4151 viris,
1049 4097 1219 4151 neque
1269 4099 1299 4137 a
1330 4082 1728 4138 successiiribus
1761 4083 1970 4136 illorum
2005 4084 2110 4135 ullo

525 4189 774 4245 umquam
793 4175 1174 4245 temporeipsa‘.
1188 4176 1630 4230 commutationes
1647 4175 1930 4228 violentur.
1961 4173 2110 4230 Unde

523 4264 658 4319 duas
686 4266 1135 4320 commutationes
1163 4280 1267 4320 uno
1298 4275 1480 4321 tenore
1508 4266 1835 4335 conscriptas
1864 4268 1972 4320 iicri
1993 4265 2111 4334 jus-

526 4356 715 4420 simus,
747 4369 879 4424 quas
906 4370 1064 4408 manu
1093 4357 1302 4429 propria
1334 4357 1679 4423 ﬁrmavimus,
1732 4367 1784 4410 et
1825 4356 1892 4412 de
1949 4358 2109 4409 anulo

527 4454 712 4498 nostro
740 4444 971 4512 sigillare
988 4443 1266 4513 iussimus.

599 4531 818 4606 Signum
847 4534 1022 4588 liaroli
1045 4534 1413 4604 gloriosissiini
1447 4537 1606 4605 regis.

602 4628 841 4681 ldlteritts
867 4629 1175 4697 recognovi.

600 4717 790 4772 Datum
814 4734 861 4772 xi
890 4719 1000 4771 Cal.
1027 4721 1218 4787 Martii,
1245 4736 1383 4774 anno
1425 4739 1472 4776 vt
1518 4724 1665 4794 regni
1729 4726 1917 4790 nostri,
1953 4727 2108 4795 Papia

525 4811 739 4865 civitate
772 4811 1000 4878 publice.

1230 4880 1392 4936 XVII.

529 4969 846 5044 Piwreptuin
879 4971 1049 5025 Caroli
1079 4971 1422 5044 Magttiiregs's
1456 4973 1772 5029 Francorum
1805 4993 1894 5041 pro
1941 4979 2109 5032 stt-icti

695 5041 910 5095 Martini
939 5041 1237 5097 monasteria
1269 5041 1550 5098 Tniottensi
1594 5049 1750 5116 (anno
1791 5048 1940 5118 77s).

1010 5153 1101 5216 (Ex
1128 5153 1185 5203 Ι).
1212 5155 1452 5216 Bouquct,
1481 5156 1620 5219 ibid.)

597 5256 820 5312 Carolus
851 5257 1018 5326 gratia
1042 5257 1130 5310 Dei
1165 5273 1260 5311 rex
1289 5258 1616 5315 Francorum
1665 5274 1716 5316 et
1745 5275 1769 5302 τι
1801 5263 2108 5333 Langobar-

529 5347 740 5414 dorum,
760 5364 822 5402 ac
856 5348 1110 5419 patricius
1145 5350 1523 5407 ltomauorttut.
1544 5355 1596 5408 Si
1628 5359 1767 5408 enim
1801 5373 1862 5409 ex
1892 5357 1974 5410 his
1995 5374 2110 5426 quae

531 5438 707 5493 divina
741 5440 906 5505 pietas
939 5440 1092 5494 nobis
1121 5440 1399 5498 afﬂuenter
1443 5446 1646 5510 tribuit,
1681 5460 1776 5514 pro
1799 5451 2112 5516 opportuni-

533 5540 644 5586 tate
671 5547 944 5586 servorum
995 5535 1087 5588 Dei
1129 5537 1257 5590 locis
1298 5537 1689 5593 vettcrabilibus
1745 5541 2108 5611 concedimus,

2215 1875 2502 1942 exciderit,
2530 1885 2638 1930 tam
2672 1877 2805 1930 lnlra
2839 1876 2954 1946 ipso
2995 1879 3228 1935 termino
3257 1919 3273 1946 ,
3330 1896 3495 1949 quam
3547 1892 3601 1937 et
3648 1882 3784 1939 aforis

2216 1964 2414 2022 ibidem
2445 1968 2496 2021 ιιι
2521 1972 2786 2037 integrum
2819 1972 3157 2038 pertinentia,
3193 1972 3243 2025 id
3294 1982 3379 2028 est
3420 1975 3618 2042 curtis,
3640 1977 3786 2032 eccle-

2211 2061 2325 2124 siis,
2351 2060 2510 2129 vilIis,
2544 2066 2768 2127 mansis,
2801 2064 3100 2131 mancipiis,
3146 2067 3425 2119 niassariis
3451 2107 3468 2133 ,
3521 2069 3779 2135 adiﬁciis,

2213 2152 2404 2218 vineis,
2447 2153 2678 2218 olivetis,
2721 2154 2946 2223 campis,
2969 2154 3142 2219 silvis,
3175 2156 3365 2224 pratis,
3397 2161 3625 2227 pascuis,
3649 2161 3783 2226 aquis

2213 2256 2540 2308 aquarttntve
2594 2244 2944 2310 decursibus,
2975 2244 3266 2301 mobilibus
3318 2257 3376 2302 et
3423 2249 3779 2316 immobilibus,

2213 2334 2394 2386 omnia
2422 2342 2475 2386 et
2505 2349 2568 2387 ex
2598 2335 2866 2400 omnibus,
2889 2338 3051 2390 etiam
3083 2345 3138 2391 et
3160 2340 3534 2393 monasteriolo
3577 2340 3668 2394 illo
3704 2341 3779 2394 iu-

2214 2425 2292 2478 ira
2324 2426 2441 2492 ipso
2469 2435 2666 2491 castro,
2690 2441 2846 2494 quem
2879 2430 3017 2482 Ausa
3071 2443 3211 2483 novo
3255 2445 3414 2499 opere
3460 2436 3774 2499 construxit,

2215 2514 2356 2582 quod
2390 2523 2474 2568 est
2499 2515 2548 2568 itt
2575 2514 2779 2570 honore
2809 2518 2977 2572 sancti
3009 2519 3322 2582 Salvatoris,
3346 2537 3456 2576 cum
3483 2525 3620 2577 omni
3659 2528 3770 2591 ejus

2214 2611 2502 2666 soliditate.
2535 2612 2804 2668 Dottamus
2826 2617 2984 2669 etiam
3015 2616 3080 2669 ad
3140 2615 3402 2684 prtelatutn
3453 2618 3618 2673 locum
3663 2621 3768 2672 val-

2218 2703 2324 2756 lem
2351 2705 2492 2756 illum
2508 2718 2628 2772 qua:
2649 2715 2868 2759 vocatur
2881 2707 3290 2770 Caritattia,cum
3313 2711 3442 2763 saltu
3457 2724 3508 2764 et
3543 2711 3776 2774 candido,

2220 2798 2302 2852 vel
2348 2813 2517 2868 usque
2561 2799 2892 2867 Judalauias,
2932 2817 3055 2855 cum
3101 2803 3378 2857 montibus
3416 2815 3471 2858 et
3517 2802 3707 2871 alpibus
3753 2819 3776 2856 a

2221 2888 2327 2942 fine
2354 2889 2667 2956 'I‘reantina,
2701 2891 2792 2959 qui
2821 2899 3040 2946 vocatur
3069 2892 3330 2958 Thonale,
3364 2908 3532 2961 usque
3564 2895 3615 2948 in
3642 2895 3774 2947 ﬁnem

2219 2981 2568 3046 liriitiacinse,
2597 2997 2690 3036 seu
2719 2985 2770 3036 in
2807 2984 2922 3051 giro
2975 2984 3338 3054 llergamasei,
3365 2986 3621 3057 quicquid
3667 2987 3770 3040 infra

2220 3075 2366 3142 ipsos
2391 3075 2544 3141 lines,
2562 3075 2645 3130 vel
2667 3076 2732 3129 ab
2762 3075 2874 3144 ipsa
2897 3077 3034 3131 valle
3049 3088 3102 3130 et
3134 3078 3294 3147 longo
3319 3089 3567 3148 tempore
3586 3079 3768 3134 etmodo

2219 3171 2464 3237 aspicere
2495 3170 2578 3225 vel
2609 3171 2876 3239 pertinere
2907 3171 3136 3236 videtur,
3162 3172 3300 3227 sicut
3328 3173 3383 3226 in
3416 3173 3629 3241 publico
3661 3175 3764 3227 eiad

2219 3260 2468 3327 palatium
2497 3262 2605 3314 visa
2632 3270 2715 3316 est
2761 3260 3077 3323 reddidisse,
3102 3269 3193 3316 aut
3238 3263 3459 3318 inantea
3508 3264 3639 3318 inira
3672 3263 3754 3316 ﬁsco

2219 3362 2404 3401 nostro
2432 3349 2710 3404 ceciderit.
2735 3348 2903 3404 Simili
2931 3351 3089 3404 modo
3117 3365 3236 3405 cu-u
3291 3353 3638 3422 integritate,
3659 3355 3746 3407 scit

2216 3441 2283 3494 de
2317 3442 2548 3493 termino
2604 3440 2967 3495 Serttiionensi
3011 3440 3455 3508 conscripsimus,
3494 3444 3570 3498 ita
3619 3453 3662 3498 et
3691 3442 3756 3494 ista

2215 3532 2393 3584 omnia
2423 3531 2761 3586 tradidimus.
2789 3531 3006 3599 Insuper
3035 3532 3373 3598 adjungimus
3417 3534 3495 3588 ad
3546 3533 3762 3602 praelatum

2214 3633 2455 3676 sanctum
2484 3624 2655 3676 locum
2707 3624 3075 3677 sinodochiutn
3123 3625 3268 3677 illum
3321 3628 3468 3679 inter
3517 3627 3696 3681 Padum
3735 3633 3770 3676 et

2215 3713 2458 3768 Ticinum
2494 3716 2631 3781 qttod
2665 3715 2715 3767 itt
2749 3714 2948 3768 honore
2975 3715 3030 3768 S.
3057 3715 3231 3767 Maria:
3253 3727 3770 3785 constructutttpropc

2223 3805 2438 3873 l‘apiam
2469 3804 2739 3859 civitatem
2773 3805 2825 3857 in
2857 3808 3026 3859 locum
3055 3804 3284 3868 Waltan,
3316 3821 3442 3860 cum
3483 3809 3611 3862 villa
3653 3807 3772 3862 Sola-

2220 3901 2318 3963 rio,
2352 3901 2433 3953 vel
2461 3901 2708 3952 omnibus
2733 3901 3058 3966 appettdieiis
3103 3916 3310 3967 eorum,
3356 3911 3411 3955 ct
3465 3905 3662 3959 casclla
3702 3916 3775 3954 una

2217 3993 2350 4044 inira
2399 3992 2634 4056 Papiam,
2661 3991 2709 4044 id
2749 4001 2828 4045 est
2853 4009 2953 4044 tina
2987 4007 3105 4046 cum
3139 3994 3314 4060 terris,
3341 3994 3625 4060 domibus,
3646 3997 3779 4050 eccle-

2212 4086 2323 4146 siis,
2358 4084 2618 4148 aediliciis,
2671 4085 2973 4147 accolabus,
3033 4085 3330 4152 mancipiis,
3385 4087 3778 4150 ntassariis,vi-

2212 4178 2348 4242 iteis,
2385 4177 2555 4242 silvis,
2583 4176 2806 4245 campis,
2839 4176 3022 4240 pravis,
3055 4176 3457 4245 paseuis,aquis
3486 4190 3779 4266 aquarumre

2210 4267 2543 4331 decoribus,
2579 4266 2883 4326 mobilibus,
2914 4277 2968 4320 et
3011 4267 3391 4332 immobilibus,
3418 4271 3610 4323 omnia
3655 4280 3700 4324 et
3731 4283 3780 4320 ex

2210 4361 2478 4413 omnibus.
2514 4359 2635 4412 llzec
2666 4375 2792 4412 vero
2844 4358 3022 4412 omnia
3069 4361 3312 4426 superius
3359 4363 3642 4416 nominata
3690 4374 3782 4414 cum

2141 4483 2184 4540 υ
2214 4451 2454 4504 terminis
2485 4461 2537 4505 et
2567 4451 2762 4504 linibus
2794 4450 3221 4518 velappettdiciis
3245 4452 3357 4505 suis
3386 4467 3414 4504 a
3437 4452 3534 4506 die
3558 4451 3782 4521 prmsenti

2217 4543 2267 4594 itt
2302 4554 2611 4609 perpetuum
2649 4541 2710 4594 ad
2745 4540 3016 4610 praefatattt
3046 4541 3314 4596 basilicam
3351 4543 3408 4598 S.
3460 4543 3696 4608 Martini,
3723 4541 3786 4594 vel

2216 4630 2331 4699 ejus
2368 4641 2602 4686 rectores
2658 4633 3037 4697 concessimus,
3067 4648 3128 4686 ac
3179 4633 3484 4700 plenissima
3543 4637 3810 4704 voluntate,

2219 4721 2559 4774 indulsimus.
2593 4721 2882 4790 Propterea
2926 4723 3061 4775 hanc
3103 4725 3518 4796 praeceptionem
3578 4729 3765 4779 auctori
3803 4711 3810 4763 έ

2221 4813 2341 4866 tatis
2374 4823 2570 4866 nostra:
2599 4815 2938 4868 conscriheze
2963 4814 3253 4881 ju~simus,
3281 4825 3336 4868 ut
3374 4832 3435 4870 ea
3479 4833 3607 4887 qua:
3656 4832 3785 4886 supra

2221 4905 2360 4957 dicta
2411 4913 2537 4958 sunt
2579 4919 2700 4972 pars
2734 4916 3042 4958 memorata:
3075 4907 3310 4960 basilica:
3339 4909 3397 4960 S.
3429 4907 3653 4964 Martini
3675 4911 3786 4978 ejus-

2219 5013 2320 5064 que
2353 5000 2576 5050 rectoris
2609 4998 2674 5048 ab
2703 4997 2799 5049 hac
2832 4998 2917 5049 die
2949 4997 3201 5064 habeant,
3228 5008 3441 5053 teneant
3473 5009 3643 5070 atque
3684 5015 3787 5070 pos-

2219 5088 2448 5147 sideant,
2481 5097 2534 5141 et
2566 5087 2630 5140 ad
2661 5085 2831 5153 ipsam
2861 5102 3041 5140 casam
3079 5087 3167 5140 Dei
3200 5104 3293 5156 pro
3322 5091 3592 5145 mercedis
3616 5102 3789 5151 nostra:

2219 5181 2559 5249 clretitosyna
2594 5179 2644 5232 itt
2677 5179 2982 5246 unguiculis
3018 5180 3282 5248 proﬁciat,
3315 5190 3373 5234 ut
3402 5185 3583 5240 nullus
3616 5201 3682 5240 ex
3720 5186 3790 5252 ju'

2219 5274 2436 5326 diciariu
2486 5280 2752 5338 potestate
2804 5282 2892 5323 aut
2949 5272 3184 5339 qualibet
3236 5287 3459 5336 persona
3512 5289 3790 5331 memorato

2218 5362 2473 5416 Gullardo
2502 5361 2678 5414 abbati
2726 5362 2942 5426 ειιὶεειιιθ
2991 5362 3414 5428 successoribus,
3448 5375 3542 5418 aut
3589 5374 3791 5433 agentes

2217 5455 2286 5509 de
2315 5471 2370 5516 se
2399 5457 2667 5524 praedictis
2690 5459 2847 5512 rebus
2884 5458 3202 5527 inquietare,
3234 5467 3326 5512 aut
3358 5468 3551 5513 contra
3585 5463 3789 5515 rationis

2220 5547 2461 5601 ordinem
2495 5549 2573 5602 vel
2623 5548 2942 5606 caluttmiam
2989 5564 3250 5617 generare
3298 5565 3514 5618 quoquo
3564 5561 3791 5620 tempore

606 5690 922 5770 {Observat
959 5691 1291 5770 Mabillonitts
1323 5693 1608 5770 secundum
1653 5695 1879 5753 litteram
1924 5699 2153 5755 nominis
2199 5697 2648 5770 Langobardorum
2694 5715 2844 5769 pera
2881 5706 3188 5758 constanter
3237 5698 3413 5756 θαλΠὶ
3461 5700 3514 5754 in
3559 5709 3792 5770 autograo

533 5759 678 5833 phis,
712 5778 814 5819 ιιυιι
844 5777 1018 5837 ρει-,0,
1048 5771 1102 5816 ιιι
1129 5765 1322 5834 passim
1347 5765 1398 5819 iit
1421 5765 1598 5820 editis.
