3964 6344
559 350 670 410 953

1277 447 1412 504 XIX.

561 568 585 596 ι
624 553 857 622 Diploma
886 544 1259 622 Caroliﬂagni
1287 559 1378 622 pro
1416 539 1720 622 {morabar-si
1747 537 2053 622 monasterio
2079 537 2134 622 in

628 608 827 675 diiecesi
865 608 1253 685 Arg~"tt!iltett;t°_,
1287 608 1521 685 '[ttmlato
1567 628 1597 662 a
1623 608 1891 685 _I‘_‘ulrado
1956 608 2136 661 abbate

631 692 692 748 S.
725 678 959 758 Dionysii
981 691 1121 755 (ann.
1151 681 1275 748 774,
1308 678 1372 733 14
1406 679 1768 750 Septembris).

783 798 874 859 (Ex
896 795 1206 855 Grandidier,
1229 791 1449 842 llls'oire
1487 790 1550 839 de
1571 788 1908 852 Strasbourg.)

627 903 846 958 Carolus
876 901 1043 970 gratia
1091 897 1180 951 Dei
1210 911 1301 950 rev
1353 894 1678 949 Francorum
1718 900 1773 947 et
1824 891 2134 962 Langobar-

556 997 768 1060 dorum,
824 993 903 1045 vir
947 989 1188 1043 iulustcr.
1244 985 1514 1055 Quidquid
1547 985 1574 1024 δ
1606 985 1749 1040 enim
1777 983 1842 1038 ad
1875 983 1990 1038 loca
2011 997 2141 1038 san-

558 1092 768 1136 ctorum
801 1077 1186 1136 venerabilium
1231 1085 1585 1146 congruenter
1636 1075 1706 1129 ob
1752 1088 1991 1129 amorem
2047 1073 2140 1127 Dei

555 1170 899 1226 coacedimus
926 1170 1007 1222 vel
1026 1168 1427 1230 conﬁrmamus,
1465 1167 1565 1220 hoc
1585 1165 1736 1219 nobis
1757 1163 1953 1233 procul
1979 1163 2142 1217 dubio

556 1265 622 1319 ad
659 1273 914 1319 aeternam
939 1260 1321 1316 beatitudinem
1350 1300 1366 1325 ,
1404 1257 1629 1312 Domino
1662 1265 1991 1326 protegente,
2025 1268 2142 1322 per-

557 1355 729 1409 tinere
782 1350 1123 1407 conﬁdimus.
1164 1350 1392 1417 Ideoque
1450 1355 1743 1416 cognoscat
1797 1345 2140 1413 magnitudo,

555 1459 650 1499 seu
681 1441 876 1496 utilitas
905 1449 1078 1494 vestra
1105 1483 1121 1508 ,
1148 1437 1375 1508 qualiter
1408 1436 1730 1491 venerabilis
1775 1437 1854 1489 vir
1885 1435 2144 1490 Folradus

554 1533 690 1586 abba
731 1529 1024 1584 clementia:
1068 1529 1212 1595 regni
1256 1527 1422 1581 nostri
1467 1526 1771 1595 suggessit,
1804 1539 1869 1578 eo
1912 1524 2052 1592 quod
2088 1525 2142 1578 in

554 1636 737 1674 amore
783 1621 865 1673 vel
923 1619 1217 1672 reverentia
1257 1616 1546 1672 beatissimi
1596 1628 1617 1655 ο
1672 1616 1839 1670 sant-ti
1884 1613 2141 1684 Dionysii,

557 1711 756 1766 Rustici
787 1718 840 1762 et
896 1707 1228 1774 Eleutherii,
1261 1709 1315 1762 in
1360 1723 1453 1762 sua
1501 1705 1866 1774 prOprietate,
1911 1707 1962 1761 in
2005 1721 2143 1777 pago

1466 336 1522 391 Β.
1565 331 1811 391 CAROLI
1854 331 2061 386 IIAGNI
2099 329 2252 386 OPI‘.
2290 328 2466 410 PARS
2504 328 2544 384 Ι.
2584 327 2825 386 SECTIO
2862 325 2924 382 ll.

2158 445 2210 506 Α
2237 440 2416 510 perius
2445 439 2719 494 nominata
2748 438 2797 502 ιι,
2827 438 2895 494 de
2927 452 3028 493 una
3057 447 3205 506 parte
3290 437 3557 495 Laimaha
3588 480 3605 506 ,
3636 439 3727 494 ubi
3753 442 3821 494 di-

3726 331 3818 388 938

2235 531 2370 586 citur
2425 530 2684 584 Dobolino
2712 530 2848 584 cella
2877 568 2893 594 ,
2940 536 2995 584 et
3038 528 3160 584 inde
3209 529 3466 597 premitur
3511 529 3610 583 ubi
3670 527 3821 584 Etsi-

2236 617 2457 674 nisbach
2487 619 2637 680 venit
2679 618 2730 671 in
2763 615 2967 681 Laima,
3016 617 3136 672 inde
3178 632 3306 673 vero
3329 633 3424 686 per
3452 615 3817 674 Etsinisbaeh

2237 710 2330 765 ubi
2361 708 2476 777 ipse
2505 709 2692 778 surgit,
2723 707 2845 762 inde
2870 706 3028 762 etiam
3057 706 3332 762 Nannents
3356 725 3372 772 ;
3419 707 3636 762 deinde
3661 719 3818 762 autem

2239 808 2421 856 monte
2457 813 2622 868 usque
2643 798 2709 852 ad
2741 809 2782 836 ω
2814 797 3113 864 Rumbach,
3139 797 3337 854 deinde
3363 797 3816 866 ’l'ludimisberch,

2237 889 2430 945 deinde
2452 888 2505 943 iu
2522 889 2626 943 alia
2644 898 2669 926 ιι
2698 887 2995 955 Rumbach,
3020 889 3213 946 deinde
3240 889 3295 945 in
3316 889 3663 954 Burebercb,
3688 893 3816 946 exiu-

2239 979 2305 1034 de
2352 979 2403 1033 in
2435 978 2589 1033 tertia
2621 985 2645 1012 ο
2692 978 2998 1043 Rumbach;
3045 977 3239 1034 deinde
3285 987 3466 1034 autem
3519 981 3730 1050 pergit,
3773 981 3815 1036 in

2243 1081 2270 1122 P
2299 1071 2516 1126 Achinis
2537 1071 2708 1140 regni,
2733 1069 2852 1126 inde
2878 1071 2928 1124 in
2946 1071 3138 1126 loresta
3161 1086 3254 1142 per
3277 1070 3468 1128 Ducias
3492 1082 3554 1128 et
3580 1075 3812 1136 conﬁnia,

2242 1158 2365 1217 inde
2395 1176 2488 1230 per
2516 1159 2762 1214 Laimaha
2819 1160 2981 1216 ﬂuvio
3029 1162 3081 1216 in
3112 1162 3253 1218 valle
3280 1163 3347 1219 de
3395 1164 3615 1220 Ambas
3670 1163 3816 1234 Ripas

2243 1269 2337 1323 per
2396 1268 2568 1308 marca
2624 1252 2972 1323 Gasmaringa
3029 1263 3084 1308 et
3148 1254 3439 1325 Odeldinga
3524 1271 3698 1325 usque
3761 1258 3815 1312 de

2240 1343 2540 1411 Ophanpol,
2564 1351 2619 1397 et
2647 1342 2772 1398 inde
2804 1358 2897 1412 per
2927 1342 3182 1398 Laimaha
3204 1342 3485 1398 ﬂuvioalia
3524 1346 3644 1415 ripa
3669 1361 3814 1415 usque

2242 1433 2330 1489 ubi
2364 1431 2686 1488 Audenbach
2710 1430 2761 1486 in
2788 1431 3035 1486 Laimaha
3059 1433 3365 1498 conﬁuit,et
3385 1435 3569 1504 pergit
3600 1450 3693 1503 per
3716 1439 3812 1501 ipso

2243 1520 2457 1578 ﬁuviolo
2494 1537 2662 1591 usque
2690 1523 2895 1578 radices
2920 1533 2946 1573 (ι
2979 1522 3382 1592 Stophanbereb
3415 1539 3515 1593 per
3542 1526 3701 1590 valle,
3729 1528 3810 1580 sub

2243 1613 2550 1682 integritate
2571 1613 2737 1684 ipsius
2768 1621 2949 1668 monte
2973 1628 3140 1682 usque
3169 1615 3220 1666 in
3247 1614 3548 1682 Stagnbah,
3586 1615 3706 1671 imle
3733 1634 3812 1683 per

2245 1702 2628 1768 Rivadtnarca,
2657 1702 2947 1772 Odeldinga
2977 1713 3029 1757 ct
3057 1703 3395 1774 Gasmaringa
3414 1745 3432 1769 ,
3478 1713 3538 1760 et
3568 1706 3693 1761 inde
3731 1722 3808 1775 per

561 1804 872 1863 Alsacense,
897 1798 946 1852 in
970 1799 1088 1852 loco
1115 1799 1201 1868 qui
1221 1799 1412 1852 dicitur
1436 1797 1460 1836 ά
1491 1797 1906 1862 Fulradovilare,
1925 1798 2054 1852 infra
2081 1799 2142 1851 li-
2175 1787 2218 1847 Β
2245 1797 2471 1853 conﬁnia
2506 1810 2673 1867 usque
2718 1795 2842 1852 inde
2867 1795 3182 1866 Ophampol.
3227 1795 3328 1849 Ista
3353 1799 3539 1851 omnia
3593 1813 3687 1866 per
3714 1800 3804 1853 loca

560 1907 656 1945 nes
688 1901 712 1929 ο
741 1887 1167 1954 Audoldovilare,
1207 1887 1226 1926 τ
1277 1887 1464 1943 cellam
1504 1887 1838 1951 aediﬁcasset,
1868 1887 1949 1942 vel
1981 1902 2009 1941 a
2043 1903 2140 1940 ηο-

557 1997 627 2033 vo
687 1994 784 2034 suo
821 1994 985 2049 opere
1023 1977 1432 2042 construxisset,
1483 1985 1538 2031 et
1588 1977 1802 2031 inautea
1850 1977 2138 2032 auxiliante

562 2069 786 2124 Domino
823 2077 878 2125 et
929 2071 1186 2124 bonorum
1233 2068 1509 2122 hominum
1558 2067 1821 2123 azdilicare
1859 2067 1994 2122 velle
2021 2106 2038 2132 ,
2086 2077 2144 2124 ut

562 2163 648 2214 ubi
705 2160 1040 2214 beatissimus
1081 2167 1136 2212 et
1190 2168 1392 2228 martyr
1426 2159 1450 2197 ⁸
1489 2157 1741 2227 lppolitus
1791 2171 2014 2226 corpore
2059 2172 2143 2212 re-

559 2248 786 2318 quiescit
835 2249 1080 2302 humatus
1110 2249 1162 2301 b.
1209 2249 1496 2316 Propterea
1544 2262 1642 2302 nos
1689 2259 1902 2316 propter
1949 2262 2143 2302 nomen

563 2339 773 2395 Domini
802 2351 854 2394 et
883 2341 1073 2393 animm
1103 2336 1352 2404 salutem,
1383 2351 1448 2393 eo
1479 2339 1619 2408 quod
1652 2338 1846 2392 mercis
1868 2346 2051 2394 nostra
2082 2337 2135 2392 in

562 2443 822 2488 aeternum
871 2439 1201 2500 permaneat,
1232 2431 1313 2484 vel
1346 2432 1504 2484 etiam
1535 2429 1600 2484 ad
1634 2429 1945 2498 petitionem
2000 2429 2143 2484 ﬁdeli

564 2533 750 2578 nostro
768 2521 998 2577 Fulrado
1029 2521 1094 2574 ad
1124 2523 1238 2589 ipso
1267 2521 1383 2575 loco
1412 2520 1656 2589 superius
1711 2520 2014 2588 conscripto
2042 2520 2144 2574 ali-

565 2629 669 2684 qua
697 2615 812 2668 loca
864 2612 1121 2667 silvestria
1180 2625 1276 2680 pro
1333 2612 1690 2678 oportunitate
1734 2619 1788 2664 et
1832 2612 1847 2650 ί
1884 2609 2146 2679 stipendia

567 2719 852 2760 servorum
900 2703 992 2756 Dei
1025 2702 1218 2756 ibidem
1246 2702 1573 2770 degentium,
1603 2705 1652 2757 in
1694 2718 1828 2773 pago
1860 2704 2148 2759 Alsacense

567 2812 635 2852 ex
683 2809 861 2851 marca
916 2797 1044 2849 lisco
1096 2793 1325 2847 nostroi
1367 2795 1812 2864 Qwuingirhaim,
1865 2795 1916 2850 in
1966 2810 2148 2851 amore

572 2890 853 2944 beatorum
884 2897 1188 2943 sanctorum
1234 2886 1456 2942 Dionisii
1487 2897 1542 2942 et
1580 2887 1809 2956 Privati,
1843 2901 1942 2943 nec
1967 2903 2072 2942 non
2095 2896 2150 2943 et

568 2982 740 3035 sancti
773 2979 1026 3052 Yppoliti,
1059 2980 1338 3046 donamus,
1367 2980 1727 3051 donatumque
1757 2983 1806 3036 in
1835 2990 2146 3051 perpetuum

561 3086 691 3129 esse
740 3073 1005 3135 volumus,
1040 3071 1142 3126 hoc
1185 3080 1288 3137 est,
1315 3072 1446 3126 silva
1485 3081 1538 3127 et
1582 3071 1778 3129 loreste
1829 3056 2010 3127 nostra
2058 3087 2148 3127 su-

573 3279 637 3330 de
661 3272 1022 3341 SaintoDettis,
1071 3272 1156 3345 liv.
1202 3290 1281 3338 ιιι,
1310 3292 1430 3345 pag.
1452 3273 1554 3328 707
1574 3291 1611 3345 _;_
1643 3272 1880 3329 Cointius
1903 3315 1919 3345 ,
1966 3276 2145 3345 Anna-

575 3349 702 3401 lium
730 3345 1078 3400 ecclesiastic.
1111 3343 1394 3398 Francorﬁ
1414 3355 1543 3398 tom.
1573 3343 1657 3407 Vl,
1689 3357 1808 3412 pag.
1855 3344 1954 3408 84;
2007 3344 2145 3397 Feli-

576 3417 720 3480 bietl,
739 3415 971 3470 Histoire
983 3416 1045 3469 de
1060 3412 1304 3478 S.Deuis,
1328 3412 1563 3476 Prem'es,
1581 3427 1725 3466 num.
1753 3414 1842 3478 50,
1867 3429 1921 3482 p.
1948 3429 2139 3479 xxxiv;

578 3488 916 3554 Bonquetus,
972 3487 1025 3537 in
1062 3483 1428 3554 iscriptoribus
1443 3497 1560 3554 rer.
1597 3482 1883 3554 l'frattcic.,_
1911 3494 2040 3536 tom.
2080 3485 2141 3546 V,

578 3551 888 3624 pag—7‘25,
952 3552 1788 3624 etullartzheiin,Conciliorum
1845 3551 2146 3608 Germania:

579 3621 712 3677 tom.
749 3623 810 3686 l,
857 3637 974 3689 pag.
1009 3621 1136 3686 235,
1179 3623 1270 3675 sed
1316 3621 1508 3689 ubique
1555 3629 1730 3674 exstat
1770 3622 2142 3678 incorrectum.

579 3694 829 3746 Chartam
851 3692 933 3744 hic
955 3691 1144 3744 damus
1164 3691 1370 3758 qualem
1397 3705 1460 3744 ex
1485 3690 1808 3759 autograpbo
1827 3691 2145 3758 descriptam

583 3762 994 3816 communicavit
1015 3760 1078 3814 D.
1106 3760 1176 3813 La
1203 3760 1459 3816 Fotcade.
1494 3761 1982 3824 Prmler‘uostrum,
2013 3764 2150 3817 alto—

582 3848 701 3886 rum
742 3833 792 3883 in
827 3831 1083 3884 tabulario
1111 3831 1569 3900 San-Dionysiano
1607 3831 1845 3900 ejusdem
1887 3833 2146 3899 diploma-

582 3903 650 3955 tis
677 3899 945 3970 exemplar
974 3909 1146 3954 exstat
1173 3909 1195 3962 .‘
1240 3901 1290 3953 in
1331 3899 1648 3967 quibusdam
1680 3903 2004 3970 autographo
2033 3904 2144 3957 dis-

582 3970 776 4025 simile.
811 3969 1106 4038 Prtccipuas
1143 3971 1282 4024 illius
1325 3970 1576 4025 lectiones
1624 3973 1886 4026 variantes
1916 3971 1966 4026 in
2011 3974 2147 4027 notis

583 4041 669 4094 hic
697 4040 1049 4108 assignantus.

656 4108 681 4146 δ
711 4109 1059 4164 Communem
1109 4121 1259 4162 usum
1291 4109 1570 4164 inchoandi
1621 4109 1907 4178 diplomata
1949 4125 2040 4178 per
2070 4111 2145 4165 si-

583 4180 738 4234 miles
768 4179 1222 4250 locutioncsgenim
1247 4217 1263 4242 ,
1315 4181 1503 4248 itaque,
1534 4181 1689 4250 igitur
1710 4221 1728 4250 ί,
1759 4191 1885 4240 etc..
1924 4185 2148 4250 probant

582 4257 830 4304 auctores
869 4263 1019 4301 nova:
1069 4247 1445 4317 Diplomntit'to,
1488 4247 1615 4304 tom.
1660 4249 1758 4314 IV,
1804 4247 1935 4319 pag.
1972 4247 2074 4302 6:27
2096 4251 2150 4304 ei.

582 4333 700 4374 seu.
956 4367 958 4370 ,

645 4334 958 4458 Ἒέᾼιιθῖυηὶ
979 4384 1132 4458 hujus
1161 4386 1474 4458 ‘diplotnatis
1504 4389 1772 4458 exemplar
1802 4389 1916 4443 loco
1936 4388 2146 4458 Diony-

583 4457 677 4526 aii,
699 4454 896 4526 Rustici
927 4465 972 4506 et
999 4453 1278 4526 Etcutherii
1306 4457 1462 4509 habet
1493 4475 1505 4508 :
1539 4453 1785 4526 Dionysii,
1817 4460 1892 4510 vel
1927 4453 2140 4510 Privati.

656 4525 684 4564 εί
714 4525 1109 4594 Fulradovilarc
1137 4534 1219 4578 est
1245 4526 1514 4593 antiquum
1544 4525 1733 4580 nomen
1759 4528 1856 4579 vici
1878 4529 1963 4594 qui
2007 4543 2146 4582 nuitc

583 4595 834 4659 Leberau,
875 4595 987 4646 sive
1028 4593 1220 4661 Liérre,
1269 4604 1616 4660 nuncupatur,
1672 4598 1720 4648 in
1771 4593 2102 4663 Lothariugia
2128 4640 2142 4660 ,

588 4667 640 4719 in
695 4666 892 4718 ditionc
940 4664 1094 4718 S-n-
1126 4664 1438 4718 Deodatcttsi
1495 4667 1664 4718 tribus
1724 4667 1936 4719 circiter
1985 4667 2149 4720 leucis

586 4735 880 4792 Selestadio
912 4735 1134 4804 dISIaus.
1183 4734 1385 4788 Nomen
1421 4734 1822 4788 Fulradovilare
1882 4735 1979 4804 ipsi
2014 4735 2147 4788 ioili-

587 4815 697 4858 ttttu
729 4803 822 4884 luit
852 4804 919 4856 ab
950 4804 1062 4884 ipso
1086 4802 1314 4857 Fulrado
1341 4845 1355 4871 ,
1386 4807 1473 4873 qui
1503 4805 1852 4884 amplissimas
1879 4802 1929 4884 ἱξι
1951 4807 2147 4884 bisalia

587 4877 966 4944 possessiones,
1007 4883 1062 4925 ut
1086 4887 1149 4926 ex
1173 4883 1488 4928 testamento
1515 4890 1614 4929 suo
1639 4887 1798 4939 patet,
1830 4877 2074 4929 habebat.

663 4955 687 4981 ε
714 4943 1122 5013 Attdoldovilarc
1171 4955 1251 4997 est
1302 4944 1532 5013 priscum
1589 4961 1781 5000 nomen
1825 4947 2063 4999 hodierni
2097 4947 2147 4999 itt

589 5011 925 5086 hotltariugia
965 5013 1234 5086 oppiduli,
1271 5011 1411 5086 quod
1436 5030 1462 5065 ει
1501 5017 1666 5069 sancti
1712 5015 1981 5086 Hippolyti
2022 5017 2088 5068 ibi
2120 5031 2147 5068 a

591 5083 819 5138 Fttlrado
846 5077 1016 5136 Roma
1042 5077 1218 5154 allatis
1237 5077 1481 5154 reliquiis
1509 5095 1727 5139 vocatur
1758 5077 2147 5154 suimlllippo-

587 5154 718 5224 lyre,
751 5151 1789 5224 cputractcﬁent-Bilt.Fulradovilare
1838 5156 1908 5208 ibi
1958 5151 2150 5208 dicitur

591 5220 724 5278 intra
769 5220 900 5276 lines
941 5220 1390 5277 Audoldovilare:
1427 5225 1661 5279 Lebraha
1702 5226 1842 5281 enim
1883 5241 1910 5278 a
1964 5235 2150 5280 sancto

592 5293 874 5362 Hippolth
905 5292 1112 5362 milliari
1141 5301 1341 5347 tantum
1374 5295 1552 5350 distat.

671 5360 840 5416 flla-c
867 5361 998 5416 cella
1027 5360 1234 5415 Fulradi
1261 5374 1341 5415 est
1359 5365 1618 5430 prioratus
1648 5365 1814 5418 sancti
1840 5363 2146 5430 Alexandri,

590 5449 746 5501 quem
785 5433 1085 5502 Alexander
1108 5431 1170 5486 Vl
1213 5434 1503 5502 collegiatre
1547 5434 1859 5489 Nanceianm
1888 5435 1943 5488 S.
1985 5434 2149 5489 Geor-

591 5507 662 5570 gii
709 5503 830 5576 anni
875 5501 1009 5576 1.509.
1033 5501 1370 5576 conjunxit,
1393 5504 1546 5576 cujus
1572 5505 1775 5560 reditus
1803 5505 1957 5561 hodie
1990 5508 2150 5576 perti-

594 5582 717 5627 nent
748 5573 811 5623 ad
843 5571 1187 5639 priinatialetn
1226 5571 1524 5627 ecclesiam.

665 5650 689 5687 ε
722 5641 926 5711 corpus
972 5643 1138 5694 sanczi
1170 5642 1429 5711 Hippolyti
1463 5643 1870 5699 Attdolilovilare
1910 5659 1936 5698 tt
1968 5655 2152 5701 sancto

594 5710 994 5782 Fllit‘pdtikprills
1040 5710 1387 5778 rccoiulituui,
1414 5714 1521 5782 jam
1555 5730 1579 5762 τι
1608 5715 1788 5766 multis
1813 5716 1962 5769 anuis
1985 5718 2035 5769 itt
2066 5719 2151 5770 ab-

597 5781 788 5836 batiatu
817 5780 1117 5849 Sall-llyoui
1153 5783 1322 5835 iuuant
1359 5780 1662 5837 translatum
1696 5784 1810 5837 fuit.

2175 3131 2222 3194 ϐ

645 3219 670 3247 ιι
705 3205 818 3261 lloc
838 3205 1068 3274 diploma
1086 3205 1194 3274 jam
1220 3204 1500 3259 ediderunt
1522 3204 1832 3274 Douhletus,
1859 3204 2144 3269 Autiquités
2183 3211 2200 3226 ⁵

2177 4495 2223 4552 D

2242 1887 2603 1955 denominata,
2631 1899 2840 1941 marcas
2867 1892 2923 1940 et
2944 1885 3374 1949 conﬁnia,totum
3399 1896 3458 1941 et
3480 1886 3548 1939 ad
3567 1887 3804 1958 integrum

2245 1974 2380 2032 infra
2437 1978 2582 2046 ipsos
2637 1975 2790 2040 ﬁnes,
2821 1989 2941 2031 cum
3001 1974 3292 2043 piscatione
3332 1990 3673 2046 quacumque
3710 1983 3804 2034 avis

2242 2065 2544 2135 capiendo,
2595 2065 2661 2119 ad
2713 2065 2830 2133 ipso
2876 2074 3062 2118 sancto
3091 2063 3210 2117 loco
3262 2065 3627 2130 concedimus,
3667 2077 3806 2135 atque
3872 2129 3875 2132 _

2246 2170 2342 2224 pro
2393 2153 2753 2225 oportunitate
2803 2153 3031 2210 ecclesie
3085 2153 3349 2207 indultum
3398 2168 3519 2209 esse
3559 2156 3802 2221 voluntas.
3872 2137 3879 2145 ’

2245 2257 2296 2301 et
2321 2246 2569 2316 jubemus
2591 2255 2648 2301 ut
2675 2259 2770 2316 per
2797 2255 2902 2302 tota
2930 2245 3017 2301 illa
3057 2246 3255 2303 foreste
3298 2255 3476 2304 nostra
3507 2249 3646 2304 foras
3675 2250 3805 2317 ipsos

2245 2339 2380 2393 ﬁnes
2423 2336 2794 2393 denominatus
2849 2345 3064 2408 pastura
3125 2339 3190 2393 ad
3244 2353 3427 2393 eorum
3485 2343 3696 2409 pecunia
3742 2355 3802 2399 ex

2246 2438 2426 2486 nostra
2455 2429 2783 2501 indulgentia
2811 2445 3125 2486 Concessum
3145 2431 3396 2486 habeant.
3462 2432 3801 2504 l’recipientes

2247 2521 2388 2577 enim
2409 2520 2656 2590 jubemus
2679 2560 2696 2589 ,
2727 2530 2783 2576 ut
2815 2521 2992 2574 nullus
3020 2521 3276 2590 quislibet
3324 2523 3390 2577 de
3435 2519 3662 2577 ﬁdelibus
3699 2539 3796 2577 no-

2249 2614 2404 2682 stris,
2434 2627 2609 2684 neque
2636 2612 2705 2670 de
2728 2611 3011 2682 judiciaria
3035 2611 3315 2682 potestate,
3343 2615 3421 2681 qui
3437 2614 3537 2680 ipsa
3557 2629 3670 2667 casa
3695 2615 3785 2669 Dei

2249 2707 2332 2761 vel
2367 2715 2610 2761 rectores
2639 2705 2756 2773 ejus
2777 2703 2843 2759 de
2873 2704 2985 2774 ipsa
3009 2704 3123 2758 loca
3153 2703 3468 2771 denominata
3488 2706 3788 2773 inquietare,

2251 2814 2349 2854 nec
2400 2798 2758 2853 condemnare
2783 2838 2799 2864 ,
2839 2811 2937 2850 nec
2968 2805 3152 2850 contra
3183 2794 3401 2850 rationis
3427 2795 3605 2850 ordine
3637 2795 3798 2850 facere

2250 2906 2353 2945 nou
2384 2889 2698 2959 presumatis
2723 2928 2738 2953 ,
2792 2902 2891 2942 nec
2921 2902 3046 2952 vos,
3073 2899 3249 2956 neque
3274 2885 3514 2956 juniores
3531 2926 3548 2951 ,
3572 2901 3661 2941 seu
3686 2900 3794 2941 suco

2249 2996 2486 3037 cessores
2511 2982 2692 3046 vestri,
2715 2979 2807 3034 sed
2836 2995 2928 3048 pro
2956 2979 3218 3034 mercedis
3241 2988 3426 3033 nostre
3453 2989 3790 3049 augmentum,

2249 3075 2331 3129 vel
2362 3072 2703 3127 stabilitatem
2723 3071 2872 3141 regni
2899 3071 3064 3125 nostri
3088 3069 3140 3125 in
3166 3068 3525 3126 luminaribus
3545 3071 3698 3141 ipsius
3716 3085 3786 3125 ec-

2318 3208 2347 3250 δ
2380 3207 2546 3262 Aliter
2592 3203 2752 3260 habet
2789 3202 3078 3258 secundum
3107 3201 3266 3270 hujus
3302 3200 3619 3270 diplomatis
3643 3216 3786 3257 exem-

2247 3277 2364 3344 plar
2389 3279 2467 3331 sic
2498 3294 2511 3328 :
2547 3273 2748 3342 Martyr
2803 3272 3054 3344 lppolitus
3097 3274 3653 3344 corporefequiescit,
3684 3283 3719 3324 et
3742 3280 3782 3322 rt

2251 3341 2484 3400 monachi
2513 3341 2704 3398 ibidem
2726 3341 2908 3408 vivere,
2959 3353 3008 3397 et
3062 3351 3116 3395 ut
3140 3341 3421 3394 secundum
3451 3343 3767 3404 rectitudiuu,

2249 3418 2326 3471 vel
2381 3415 2612 3470 ordinem
2655 3429 2804 3467 suum
2858 3412 3210 3467 convenienter
3261 3411 3504 3465 debeant.
3562 3411 3766 3480 Propter!

2247 3502 2358 3550 nos,
2386 3493 2493 3541 etc.
3599 3495 3671 3532 »πθ

2329 3559 2342 3597 ί
2397 3555 2710 3609 Ρτεεάἰαιιιηι
2750 3552 3021 3616 exemplar
3060 3552 3177 3607 loco
3219 3567 3232 3603 :
3272 3550 3542 3619 stipendia
3585 3565 3782 3604 terrm

2250 3624 2347 3679 Dei
2375 3624 2557 3695 ibidem
2581 3625 2676 3695 deg
2707 3625 2873 3695 mium
2902 3663 2916 3686 ,
2951 3622 3150 3695 habet:
3183 3621 3439 3695 stipendia
3469 3624 3786 3695 "tenaciter"

2249 3711 2380 3764 pago
2423 3691 2665 3748 Alsacese
2700 3693 2889 3746 ibidem
2926 3693 3236 3764 degentium.
3275 3691 3401 3764 Inde
3431 3691 3701 3764 probabile
3732 3699 3790 3742 est

2253 3761 2543 3819 monachos
2567 3764 2799 3829 Aleatas,
2825 3777 2893 3814 ne
2917 3763 3126 3815 abhatia
3155 3761 3622 3831 SanoDionysiana
3639 3775 3793 3820 mens:

2248 3849 2360 3888 suae
2389 3834 2526 3889 bona
2551 3831 2857 3887 monasterii
2890 3831 3272 3887 Lehoracensis
3302 3830 3506 3895 uniret.
3553 3831 3794 3885 secundam

2249 3905 2545 3958 obtinuisse
2571 3903 2829 3960 chartam.
2865 3903 2917 3955 in
2961 3918 3060 3970 qua
3089 3901 3310 3955 Carolus
3359 3901 3590 3969 Magnus
3625 3901 3801 3954 denota-

2250 3973 2634 4042 vitexpressius
2647 3973 2780 4025 bona
2800 3971 3017 4026 inferius
3037 3970 3375 4042 denominata
3390 3971 3692 4037 specialiter
3707 3983 3800 4042 per-

2252 4040 2422 4098 tinere
2458 4044 2524 4096 ad
2549 4057 2654 4098 mo:
2675 4048 2754 4095 aet
2776 4057 2838 4096 os
2852 4044 2903 4094 in
2915 4042 3111 4096 Alsatia
3124 4041 3461 4108 degentes,et
3479 4042 3665 4094 nonad
3682 4040 3802 4108 alios.

2327 4113 2341 4164 i
2385 4113 2548 4167 Ilodie
2590 4111 2880 4178 Kiusheim,
2908 4112 3056 4165 vicus
3092 4106 3306 4165 Alt-alite
3336 4124 3442 4163 non
3470 4111 3659 4178 procul
3680 4106 3800 4178 πιδε-

2253 4183 2474 4235 lestadio
2497 4192 2551 4235 et
2579 4181 2746 4235 sancti
2780 4177 3046 4250 Hippolyti
3087 4181 3285 4250 oppido
3313 4177 3485 4248 situs,
3516 4181 3570 4234 in
3601 4177 3803 4234 dominio

2251 4253 2477 4307 civitatis
2502 4251 2929 4306 Selestadiensis.
3565 4305 3574 4314 ,

2325 4320 2350 4359 ι
2392 4323 2652 4376 Locorum
2701 4322 2911 4374 nomina
2943 4319 2996 4373 itt
3029 4317 3131 4374 hoc
3159 4318 3449 4387 diplomate
3472 4315 3613 4372 satis
3643 4317 3802 4386 legun-

2254 4403 2337 4447 tur
2359 4400 2626 4459 corrupta.
2668 4390 2974 4446 Distiuctius
3003 4389 3371 4459 exprimuntur
3403 4388 3457 4442 in
3493 4388 3685 4443 charta
3727 4401 3804 4438 au-

2254 4449 2760 4569 tographaLotharii
2792 4449 3127 4528 imperatoris
3156 4461 3279 4512 anni
3306 4449 3435 4526 851.

2376 4531 2500 4569 inn
2531 4531 2782 4569 [Μινώην
2831 4529 3030 4569 Callian
3065 4528 3236 4569 Libui-0
3297 4527 3435 4569 Corn

2376 4525 2500 4586 Sive
2531 4531 2798 4592 Lehraha‘,
2831 4525 3030 4583 Gallice
3065 4528 3265 4593 Liévre,
3297 4527 3627 4583 Germanice
3658 4525 3804 4589 Letter,

2247 4601 2473 4664 rivulus,
2505 4601 2656 4668 cujus
2684 4615 2833 4668 aqua:
2863 4601 3053 4662 Scarus
3081 4597 3286 4668 (Sclter)
3316 4599 3642 4668 miscentur.

2318 4683 2356 4710 η’
2374 4672 2538 4726 llodie
2563 4667 2919 4738 Lotharingia:
2947 4667 3114 4732 vicus,
3139 4669 3314 4722 dictus
3334 4667 3654 4738 I‘Allemand
3679 4667 3808 4720 Ilota-

2249 4743 2374 4794 buch
2400 4783 2413 4804 ,
2447 4743 2497 4794 in
2533 4739 2786 4793 llallivatu
2816 4736 2962 4806 regio
3001 4736 3458 4794 San-Dcodatensi
3492 4747 3549 4792 ct
3581 4739 3811 4806 parochia

2251 4783 2600 4864 laeboi-aceusi
2651 4809 2806 4865 sirus.
2849 4779 3026 4862 'lpertia
3067 4809 3392 4861 decimarum
3440 4779 3617 4873 parter
3645 4808 3811 4861 ibidem

2249 4882 2444 4949 gaudet
2487 4878 2712 4936 ecclesia
2741 4878 3052 4949 pritnat‘ialis
3095 4877 3431 4942 Nanceiana;
3482 4877 3692 4947 reliqua
3713 4888 3813 4942 pars

2247 4946 2500 5006 concessa
2541 4949 2640 5003 fuit
2660 4953 2892 5016 paroclto
2919 4946 3296 5002 choraccnsi.

2326 5031 2351 5057 η
2382 5021 2552 5074 llodie
2581 5015 2725 5073 vicus
2773 5016 3148 5086 Lotharingim,
3175 5015 3608 5070 Petit-Rombaeh
3642 5017 3814 5074 dictus,

2251 5093 2300 5146 in
2335 5089 2584 5160 parochia
2613 5089 2669 5143 S.
2704 5087 2890 5160 (trucis
2915 5125 2931 5148 .
2963 5087 3029 5140 ad
3059 5089 3210 5160 cujus
3259 5087 3555 5160 parochum
3607 5087 3816 5160 pertinet

2249 5156 2467 5218 dimidia
2523 5173 2643 5228 pars
2694 5159 3040 5213 decimarum.
3100 5158 3280 5212 Altera
3331 5156 3528 5210 fruitur
3579 5159 3813 5226 przedicia

2249 5232 2476 5292 ecclesia
2511 5229 2844 5298 prqtiatialis.

2322 5310 2345 5336 ο
2381 5294 2547 5354 llodie
2575 5297 3045 5354 GrundJiombach
3070 5338 3084 5358 .
3116 5297 3296 5352 villula
3318 5297 3369 5350 in
3403 5295 3674 5348 Ballivatu
3700 5294 3817 5347 San-

2252 5369 2568 5424 Deodatensi
2599 5379 2656 5423 et
2694 5369 2948 5435 parochia
2976 5370 3034 5424 S.
3067 5367 3252 5423 Grueis
3275 5409 3290 5434 ,
3342 5367 3409 5420 dc
3434 5380 3544 5435 quo
3591 5377 3651 5419 ut
3679 5375 3819 5430 supra

2250 5445 2318 5496 de
2350 5438 2794 5493 Petit-Rombach.

2325 5522 2352 5561 ι)
2388 5510 2546 5565 Vicus
2568 5511 2620 5564 la
2651 5507 2891 5577 Hingrie,
2921 5507 2972 5561 in
2997 5508 3246 5576 parochia
3277 5505 3640 5560 Leboracensi
3679 5503 3819 5564 situs,

2253 5583 2396 5636 leuca
2426 5581 2631 5634 distans
2659 5595 2688 5632 a
2712 5579 3013 5631 l‘Allemund
3047 5577 3329 5631 Rombaclt.

2321 5663 2347 5703 (ι
2383 5650 2626 5704 Forsitan
2673 5649 2933 5718 Stemberg
2956 5652 3066 5701 sive
3099 5647 3478 5718 Stampemont,
3506 5644 3660 5698 vicus
3693 5639 3820 5698 Allia-

2255 5723 2341 5777 ti:c
2373 5723 2421 5774 in
2451 5719 2700 5790 parochia
2729 5720 2791 5770 de
2821 5717 3033 5787 Colroy.
