3964 6344
153 419 249 478 9H

460 410 690 470 CODEX
735 404 1253 464 DlPl.OiiATICiiS.
1294 432 1361 444 -—
1400 397 1808 457 PRIVILEGIA.
1840 426 1908 444 .-
1949 395 1986 448 I.
2031 393 2276 449 DRNIL.
2319 391 2452 447 PER
2491 389 2766 448 GALLI/li;
2807 381 3090 446 PARTES.

3292 381 3398 440 9η

152 531 332 592 ticom,
363 527 468 582 nec
497 521 889 592 cespitalicotn,
939 527 1037 572 nec
1075 513 1482 585 pulveraticom,
1513 516 1610 564 nec
1654 524 1733 562 sa-
1765 517 1812 574 Α
1835 505 2156 568 condonant,
2197 503 2343 572 iuxta
2372 501 2510 570 quod
2553 513 2918 554 antecessores
2971 513 3123 568 rcges
3158 513 3250 566 per
3278 512 3404 551 suas

157 621 459 681 Iutaticom,
514 629 617 669 nec
657 611 986 673 mutaticom,
1032 621 1130 662 nec
1171 605 1239 660 de
1265 603 1412 658 navis
1449 601 1531 655 vel
1580 599 1736 654 karra

154 723 359 774 eorum,
388 719 490 760 nec
518 705 586 758 de
612 715 848 764 saumas,
880 712 1054 768 neque
1089 695 1158 750 de
1187 695 1287 748 hoc
1321 691 1460 763 quod
1495 689 1737 744 homines

154 813 335 854 eorum
362 795 432 850 ad
461 809 655 850 eorum
684 791 904 846 dorsum
940 795 1170 855 portant,
1203 799 1300 838 nec
1324 781 1388 836 ad
1427 795 1609 836 eorum
1643 793 1738 834 ne-

155 890 426 958 gociantes
467 885 558 954 qui
606 897 702 953 per
740 881 855 950 ipsa
886 893 1009 933 casa
1053 878 1146 932 Dei
1177 880 1394 945 sperare
1426 883 1734 934 noscuntur,

157 994 252 1034 nec
281 977 332 1031 in
355 989 551 1030 eorum
603 973 775 1037 villas,
818 981 918 1024 nec
960 982 1135 1036 agros,
1168 980 1266 1020 nec
1291 965 1357 1018 de
1389 961 1616 1017 hominis
1645 961 1734 1030 qui

157 1069 219 1123 ad
250 1067 398 1121 (oras
425 1065 482 1118 in
513 1073 702 1118 eorum
750 1061 902 1113 willas
951 1058 1015 1110 ad
1065 1053 1471 1124 negociandum,
1505 1051 1586 1104 Vel
1622 1051 1740 1103 vina

158 1151 573 1224 comparandum
624 1148 954 1212 advenerim,
1005 1161 1104 1200 nec
1167 1144 1232 1198 ad
1290 1157 1529 1197 nostrum
1583 1157 1740 1210 opus,

161 1261 252 1301 nec
280 1244 345 1298 ad
379 1251 648 1308 vestrum,
677 1255 774 1295 nec
795 1238 862 1293 ad
903 1237 1150 1306 iunioris,
1189 1251 1286 1289 seu
1310 1234 1744 1301 successorisqne

165 1349 390 1405 vestros,
427 1336 481 1390 in
513 1337 662 1390 nullo
687 1332 868 1396 modo,
900 1330 1046 1384 nullo
1074 1328 1334 1389 telloueo,
1369 1324 1516 1378 nullo
1555 1323 1743 1378 exclu-

162 1429 343 1492 satico,
391 1425 531 1482 inl'ra
567 1438 729 1492 regna
755 1421 976 1477 Francia
1000 1430 1054 1474 et
1084 1418 1255 1481 Italia,
1278 1430 1372 1469 sco
1403 1415 1742 1482 ubicumque,

166 1528 327 1588 neque
348 1517 626 1571 decimum
662 1513 879 1582 ekigerc
911 1527 1008 1566 nec
1046 1517 1298 1564 exactare
1341 1514 1444 1560 'non
1486 1504 1744 1568 debeatis,

166 1611 278 1676 nisi,
313 1618 372 1662 ut
409 1607 671 1670 diximus,
721 1605 857 1660 sicut
896 1602 949 1656 in
1000 1614 1185 1655 eorum
1233 1605 1524 1652 strumenta
1567 1603 1748 1649 tenere

165 1701 422 1762 videntur,
457 1699 601 1752 inira
633 1709 794 1765 regna
826 1693 934 1747 Deo
961 1689 1188 1761 propitio
1240 1697 1422 1742 nostra
1466 1687 1609 1740 sicut
1654 1685 1748 1736 lia-

165 1791 316 1846 bcant
342 1802 668 1844 concessum
701 1786 874 1853 adque
923 1781 1209 1836 indultum.
1259 1780 1323 1834 Et
1354 1787 1410 1831 ut
1455 1777 1574 1858 inec
1606 1790 1744 1844 prae-

1837 597 2174 652 auctoritates
2219 595 2284 648 ad
2344 595 2509 663 ipsam
2569 591 2840 646 basilicam
2901 591 3002 644 ltuc
3047 590 3408 658 prztslituruttl

1839 689 1919 742 vel
1941 687 2350 750 conﬁrmarunt,
2383 687 2572 739 iterato
2615 684 2714 736 hoc
2753 682 2890 736 circa
2938 680 3183 734 abbatem
3213 693 3409 734 conces

1839 783 1966 838 dere
1995 792 2049 838 et
2098 783 2415 840 conﬁrmare
2461 779 2796 844 deberemus.
2849 777 3076 844 Ideoque
3123 785 3409 843 cognoscat

1841 871 2147 943 magnitudo
2173 886 2264 926 seu
2287 871 2482 924 utilitas
2503 876 2675 922 vestra
2701 853 2839 937 quod
2865 880 2962 920 nos
2987 881 3079 934 pro
3109 867 3407 920 reverentia

1841 963 2008 1033 ipsius
2037 961 2205 1017 sancti
2234 959 2358 1026 loci,
2389 959 2472 1014 vel
2521 973 2615 1026 pro
2645 957 2818 1027 quiete
2847 956 3041 1011 ibidem
3083 955 3190 1009 Deo
3223 954 3410 1007 fantu-

1843 1055 2086 1117 Iantinm,
2116 1051 2511 1121 promptissima
2527 1051 2796 1103 voluntate
2818 1049 2992 1103 denuo
3019 1047 3408 1110 concessimus,

1841 1146 1976 1200 etin
2007 1144 2254 1198 omnibus
2299 1141 2750 1196 cunlirmavimus.
2799 1140 3130 1208 Quapropter
3173 1145 3266 1209 per
3312 1140 3414 1192 hoc

1845 1238 2186 1304 prices-ptum,
2227 1232 2368 1302 quod
2399 1231 2700 1301 specialiter
2729 1229 3089 1297 decernimus,
3130 1237 3182 1282 et
3222 1234 3413 1296 perpe-

1844 1336 1991 1381 tuum
2041 1326 2304 1380 voluimus
2332 1339 2455 1380 esse
2485 1338 2816 1388 mansurum,
2861 1323 3107 1391 iubemus
3150 1329 3208 1375 ut
3237 1330 3419 1388 neque

1845 1433 1961 1482 nos,
1992 1411 2164 1485 neque
2216 1417 2479 1484 iuniores,
2530 1429 2626 1470 seu
2675 1427 3015 1470 successores
3071 1411 3265 1474 nostri,
3313 1423 3416 1464 nec

1843 1508 2094 1577 quislibet
2120 1507 2187 1561 de
2212 1505 2493 1576 iudiciaria
2535 1514 2800 1574 potestate
2839 1505 3128 1567 accinctus,
3161 1504 3211 1556 in
3237 1515 3415 1557 curtus

1847 1600 2084 1668 praefata:
2120 1598 2352 1653 basilicae
2378 1597 2562 1652 dbtnni
2597 1596 2856 1667 Diony~ii,
2891 1596 2975 1649 ubi
3007 1605 3059 1649 et
3089 1595 3174 1648 ubi
3212 1595 3262 1648 in
3292 1593 3416 1662 qui-

1847 1691 2174 1759 buscumque
2211 1689 2356 1760 pagis
2385 1688 2521 1744 infra
2566 1703 2725 1757 regna
2777 1703 2896 1756 qnze
2936 1686 3264 1756 adquisimus
3306 1685 3415 1739 Deo

1851 1781 2077 1851 propitio
2109 1781 2290 1846 Italire,
2317 1795 2436 1850 qua:
2464 1780 2656 1834 dicitur
2690 1777 3080 1849 Langobardia,
3121 1777 3203 1830 vel
3231 1775 3420 1829 Vallis-

166 1882 338 1951 eeptio
370 1880 586 1934 ﬁrmior
611 1877 890 1941 habeatur,
920 1873 1104 1927 subter
1130 1885 1246 1924 eam
1276 1869 1610 1923 decrevnnus
1651 1879 1741 1920 το·
1773 1864 1822 1926 Β
1847 1871 2056 1935 Telina,
2111 1885 2270 1940 quam
2325 1870 2585 1924 moderno
2640 1880 2878 1938 tempore
2931 1867 2998 1921 ad
3027 1873 3193 1935 ipsam
3241 1879 3421 1920 casam

171 1972 374 2040 borare,
417 1981 474 2026 et
503 1969 577 2025 de
622 1969 782 2023 anolo
824 1976 1010 2021 nostro
1055 1965 1314 2035 sigillare.

244 2084 460 2153 Signum
490 2079 671 2136 Caroli
698 2075 1071 2150 gloriosissimi
1103 2075 1264 2144 regis.

243 2193 560 2266 Wigbaldus
589 2191 657 2246 ad
695 2194 863 2245 vicem
895 2189 1118 2244 lIitherii
1164 2187 1492 2256 recognovit.

243 2309 364 2363 Data
394 2305 570 2374 pridie
619 2303 739 2358 Idus
788 2301 1024 2366 Martias,
1064 2316 1204 2354 anno
1231 2299 1457 2368 septimo
1487 2305 1544 2351 et
1573 2295 1747 2365 primo

179 2399 317 2471 regni
365 2398 553 2452 nostri.
603 2398 795 2452 Actum
845 2392 1114 2448 Carisiaco
1163 2390 1358 2461 palatio
1406 2388 1638 2458 publico,
1692 2384 1747 2440 in

183 2494 266 2550 Dei
293 2494 503 2549 nomine
531 2489 786 2546 feliciter.
817 2491 1008 2542 Arnen.

871 2599 1058 2654 XXIII.

187 2722 495 2795 Pra’ccptum
531 2716 934 2795 garolihﬂagni
978 2718 1051 2795 ile
1086 2716 1406 2795 immunitate
1453 2709 1750 2766 monasterii

519 2793 626 2849 San
647 2819 668 2832 -
689 2787 991 2858 Diony’siant’
1033 2788 1192 2856 (anno
1245 2787 1396 2858 775).

644 2901 738 2967 (Ex
762 2901 820 2952 Ι).
851 2901 1094 2964 Bouquet,
1122 2900 1219 2948 ibid
1243 2901 1264 2961 )

265 3010 482 3065 Carolus
506 3010 669 3080 gratia
700 3010 790 3064 Dei
840 3023 932 3063 rex
981 3006 1305 3061 Francorum
1347 3013 1400 3056 et
1449 2997 1753 3068 LOngobar-

195 3101 400 3164 dorum,
457 3115 515 3155 ac
553 3101 795 3170 patricius
843 3098 1222 3152 Romanorum.
1258 3092 1568 3162 lncipientia
1601 3087 1750 3158 regni

203 3191 363 3244 nostri
393 3188 573 3244 alecto
612 3188 676 3244 de
705 3196 882 3243 nostra
918 3186 1189 3241 erectione
1225 3183 1427 3252 integre
1457 3179 1753 3234 auxiliante
1781 3214 1829 3276 ο

199 3281 410 3335 Domino
439 3281 662 3350 vigilavi,
686 3290 739 3334 et
763 3296 857 3349 pro
878 3279 994 3346 ipso
1023 3277 1163 3331 bono
1186 3289 1345 3346 opere
1376 3284 1612 3336 auctum,
1639 3287 1756 3325 cum

199 3375 407 3428 consilio
441 3371 769 3443 pontiﬁcum,
823 3371 906 3425 vel
955 3370 1249 3434 seniorum,
1302 3366 1615 3435 optimatum
1665 3378 1762 3416 no-

201 3474 430 3534 strorutn,
459 3465 806 3521 emunitatem
835 3472 933 3534 pro
971 3470 1155 3515 nostro
1185 3455 1555 3514 conﬁrmando
1597 3471 1760 3526 regno

208 3566 257 3610 ct
282 3559 520 3625 mercede,
557 3557 643 3611 vel
701 3551 1047 3624 adipiscenda
1091 3553 1198 3604 vita
1247 3558 1445 3604 acterna
1498 3561 1758 3602 renovare

210 3645 512 3712 deberemus,
546 3661 653 3716 quo
682 3655 735 3700 et
759 3645 830 3699 ita
854 3643 1096 3699 fecimus.
1127 3639 1350 3711 Oportet
1379 3651 1506 3706 ergo
1527 3637 1761 3691 clemen-

205 3737 313 3792 tiam
338 3739 678 3808 principalem
711 3737 852 3790 inter
881 3745 1103 3787 czcteras
1144 3729 1426 3800 petitiones
1456 3726 1582 3780 illud
1615 3724 1756 3793 quod

201 3843 285 3898 pro
305 3835 464 3888 salute
491 3829 797 3892 ascribitur,
848 3833 904 3881 et
932 3839 1028 3894 pro
1057 3823 1240 3877 divino
1269 3819 1484 3874 nomine
1526 3817 1763 3886 postula-

201 3931 296 3985 tur,
326 3923 568 3993 placabili
603 3920 790 3977 nditu
843 3918 1143 3984 suscipere,
1169 3925 1222 3970 et
1265 3911 1448 3984 procul
1488 3908 1650 3965 dubio
1696 3905 1762 3962 ad

197 4017 425 4072 eﬁectum
460 4016 771 4088 perducere,
799 4014 1046 4083 quatinus
1077 4011 1143 4065 de
1174 4005 1392 4064 caducis
1430 4004 1592 4060 rebus
1618 4017 1763 4072 pra:-

192 4112 346 4166 sentis
373 4110 558 4167 saeculi
596 4120 795 4165 aeterna
823 4105 1230 4174 conquirantur,
1252 4099 1399 4170 iuxta
1437 4105 1761 4167 prmeeptnm

199 4201 387 4259 Dotnini
436 4203 709 4258 dicentis:
746 4187 924 4253 Facite
963 4197 1098 4250 vobis
1149 4195 1340 4246 amicos
1372 4192 1435 4244 de
1476 4195 1765 4241 manzmot‘to

198 4295 469 4364 iniquitatis
499 4293 654 4366 (an.
686 4308 799 4359 xvi,
829 4289 908 4361 9).
962 4289 1102 4360 Ergo
1143 4286 1209 4341 de
1241 4297 1539 4338 mammona
1573 4280 1767 4348 iniqui-

199 4384 485 4456 tatis'iuxta
537 4385 709 4453 ipsum
756 4383 959 4438 dictum
1013 4393 1109 4432 nos
1153 4383 1368 4446 Oportet
1423 4371 1650 4427 mercari
1698 4370 1767 4425 de

199 4478 408 4532 terrenis
455 4474 712 4541 cmlestia,
765 4484 818 4528 et
862 4473 988 4526 dum
1038 4469 1207 4526 sacris
1247 4466 1379 4521 locis
1429 4463 1767 4534 itnpertimnr

198 4585 422 4644 congrua
479 4571 761 4636 beneﬁt-ia,
810 4569 1184 4623 retributorem
1226 4560 1509 4620 Dominum
1555 4573 1621 4614 ex
1667 4558 1769 4611 hoc
1800 4571 1850 4632 ι)

202 4663 386 4722 habere
433 4665 773 4720 conﬁdimus.
823 4663 984 4732 Igitur
1011 4657 1330 4714 venerabilis
1381 4653 1459 4708 vir
1507 4650 1767 4706 Fulradus

201 4753 325 4809 abba
371 4757 440 4811 de
490 4752 704 4810 basilica
751 4751 1032 4822 peculiaris
1095 4747 1300 4818 patroni
1359 4743 1526 4798 nostri
1580 4739 1762 4794 domni

206 4843 435 4918 Dionysii
470 4846 741 4916 martyris,
767 4845 853 4899 ubi
881 4844 996 4912 ipse
1025 4841 1288 4909 pretiosus
1317 4837 1543 4889 domnus
1571 4831 1621 4885 in
1652 4845 1772 4884 cor-

208 4917 345 5000 pore,
368 4935 681 5006 requiescit,
715 4932 1053 4988 clementiam
1085 4927 1229 4998 regni
1262 4923 1428 4980 nostri
1455 4917 1772 4990 supplicavit

207 5040 267 5078 eo
294 5027 433 5094 quod
466 5026 532 5081 ab
563 5023 994 5080 antecessoribus
1026 5021 1240 5089 regibus
1269 5031 1298 5071 a
1341 5015 1499 5084 longo
1531 5021 1772 5077 tempore

207 5114 373 5169 omnis
402 5114 667 5169 emnnitas
712 5115 777 5168 de
822 5112 962 5166 villis
1006 5107 1236 5179 prtel‘atre
1283 5112 1482 5161 sanctae
1536 5099 1772 5157 basilicae

210 5199 360 5258 fuerit
412 5216 694 5268 concessa,
746 5201 888 5255 unde
946 5198 1088 5266 ipsas
1139 5204 1194 5251 et
1242 5191 1626 5265 prteceptiones
1665 5204 1776 5258 prie

212 5292 444 5347 manibus
484 5307 544 5348 se
573 5291 771 5349 habere
801 5290 1052 5355 alﬁrmat,
1083 5295 1138 5341 et
1166 5285 1266 5340 hoc
1311 5296 1480 5350 usque
1523 5295 1663 5336 nunc
1697 5280 1778 5331 in-

215 5378 523 5436 violabiliter
565 5381 760 5436 asserit
801 5394 923 5434 esse
966 5384 1361 5431 conservatum.
1395 5371 1599 5428 Idcirco
1631 5369 1781 5440 petiit

215 5478 268 5520 ut
297 5471 395 5527 hoc
419 5487 512 5542 per
543 5483 782 5525 nostram
813 5469 1186 5522 auctoritatem
1213 5467 1408 5528 denuo,
1441 5478 1537 5533 pro
1567 5463 1643 5518 rei
1692 5464 1781 5516 ﬁre

218 5562 414 5629 mitate,
447 5565 586 5619 circa
617 5563 790 5633 ipsum
831 5570 1074 5616 sanctum
1111 5560 1283 5612 locum
1315 5557 1397 5610 vel
1427 5554 1670 5608 homines
1695 5551 1783 5621 qni

218 5659 386 5705 secum
416 5653 704 5706 substantia
735 5665 830 5705 sua
856 5650 920 5704 ad
946 5651 1111 5719 ipsam
1145 5647 1414 5702 basilicam
1448 5643 1664 5697 tradunt
1697 5642 1780 5694 vel

1849 1961 1942 2016 Dei
1968 1960 2352 2030 delegavimns,
2376 1959 2516 2030 quod
2546 1973 2666 2028 pars
2694 1961 2861 2028 ipsius
2890 1958 3195 2012 Monasterii
3231 1970 3418 2024 posse-

1845 2053 1990 2109 disse
2017 2054 2099 2109 vel
2129 2054 2390 2108 dominari
2421 2054 2651 2120 videtur,
2680 2053 2760 2107 vel
2789 2051 2926 2122 quod
2970 2067 2998 2106 a
3030 2044 3197 2106 Deum
3225 2051 3422 2104 timen-

1848 2143 1988 2200 tibus
2041 2143 2344 2198 ltominibus
2388 2159 2481 2214 per
2528 2144 2757 2214 legitima
2813 2145 3159 2197 instrumenta
3223 2141 3420 2194 ibidem

1848 2235 2006 2290 iuerit‘
2035 2249 2374 2300 concessum,
2403 2243 2492 2287 aut
2529 2232 2739 2287 inantca
2771 2228 2963 2287 ibidem
2998 2230 3153 2286 fuerit
3180 2229 3418 2284 additum

1847 2335 2006 2395 atque
2035 2326 2362 2394 delegatum,
2407 2332 2502 2378 nec
2523 2327 2588 2378 ad
2627 2335 2816 2378 causas
2842 2322 3184 2386 audiendum,
3228 2335 3326 2375 nec
3355 2320 3420 2373 ad

1851 2419 2190 2486 ﬁdeiussores
2237 2418 2550 2480 tollendum,
2604 2430 2704 2471 nec
2752 2416 2816 2469 ad
2872 2414 3019 2470 [reda
3067 2412 3418 2484 exigendum,

1850 2520 1950 2560 nec
1976 2506 2040 2557 ad
2071 2507 2377 2560 mansiones
2421 2513 2512 2556 aut
2557 2511 2765 2571 paratas
2797 2502 3115 2568 faciendum,
3146 2517 3242 2557 nec
3290 2503 3426 2557 ullas

1851 2597 2194 2652 rcdibitiones
2224 2594 2623 2666 requirendum,
2671 2594 2875 2663 ingredi
2906 2593 2989 2648 vel
3036 2593 3249 2661 exigere
3288 2607 3426 2661 quo-

1851 2697 2010 2760 Qnam
2040 2701 2280 2754 tempore
2328 2689 2534 2756 penitus
2579 2678 2967 2755 praesiunatur:
3019 2684 3115 2740 sed
3169 2683 3424 2754 quicquid

1855 2783 2016 2836 ﬁscus
2062 2790 2248 2844 noster
2288 2778 2482 2834 exinde
2524 2779 2757 2848 potuerit
2783 2792 3020 2845 sperare,
3064 2777 3238 2830 omnia
3284 2785 3336 2832 et
3361 2792 3424 2831 ex

1853 2871 2099 2926 ommbus
2127 2888 2221 2937 pro
2250 2871 2509 2925 meret-dis
2550 2881 2744 2923 nostra:
2773 2868 3115 2936 compendio,
3158 2883 3278 2922 cum
3306 2885 3427 2921 om-

1855 2964 2012 3018 nibus
2057 2963 2222 3018 fredis
2249 2963 2316 3018 ad
2345 2963 2610 3030 integrum
2642 2962 2853 3016 sibimet
2883 2961 3244 3016 concessimus
3270 2961 3430 3034 icon-

1853 3051 2066 3124 cessis].
2098 3054 2302 3122 Itaque,
2335 3063 2394 3107 ut
2420 3052 2618 3106 dictum
2654 3061 2760 3116 est,
2812 3052 3064 3120 inspectis
3112 3051 3242 3118 ipsis
3289 3065 3429 3120 prac-

1855 3145 2191 3213 ceptionibns
2218 3145 2546 3198 anteriorum
2598 3157 2804 3212 regum,
2847 3145 2926 3197 vel
2954 3143 3094 3211 iusta
3125 3143 3263 3210 quod
3294 3156 3421 3210 prae-

1861 3251 1987 3292 sens
2018 3245 2198 3290 nostra
2228 3234 2436 3290 videtur
2479 3233 2756 3290 continere
2812 3232 3121 3296 auctoritas,
3171 3231 3426 3301 quicquid

1862 3329 1975 3397 ipse
1997 3337 2210 3382 sanctus
2240 3328 2386 3381 locus
2408 3341 2437 3379 a
2473 3327 2558 3380 die
2583 3326 2854 3395 praesenti,
2881 3335 2934 3377 ut
2957 3323 3204 3389 diximus,
3233 3323 3428 3377 habere

1862 3419 2137 3488 probatur,
2168 3432 2324 3487 quam
2356 3416 2498 3486 quod
2532 3417 2584 3471 in
2622 3415 2956 3485 postmodum
2981 3429 3008 3467 a
3041 3413 3208 3468 Deum
3239 3413 3433 3467 timen-

1864 3510 2002 3566 tibus
2025 3509 2348 3578 bominibus,
2374 3509 2454 3564 vel
2499 3522 2528 3562 a
2574 3509 2729 3561 nobis
2773 3505 2966 3560 ibidem
3005 3503 3163 3558 fuerit
3195 3505 3433 3557 additum

1865 3602 1948 3657 vel
1970 3600 2352 3674 condonatum,
2375 3613 2468 3652 seu
2491 3598 2792 3666 quicunque
2810 3597 2949 3663 iuste
2977 3602 3030 3648 et
3051 3591 3438 3647 rationabiliter

1862 3708 1983 3750 cum
2013 3709 2106 3748 sua
2153 3692 2297 3747 omni
2338 3690 2632 3746 substantia
2662 3701 2721 3743 se
2761 3685 3060 3752 tradiderit,
3103 3694 3155 3739 et
3198 3699 3286 3740 res
3313 3698 3440 3740 snas

1865 3801 1958 3854 per
1982 3782 2212 3853 legitima
2242 3780 2593 3836 instrumenta
2623 3777 2948 3847 delegaverit
2977 3775 3078 3846 _ch
3123 3776 3436 3842 ﬁrmaverit,

1862 3875 1964 3932 sub
1987 3875 2189 3944 integra
2215 3873 2504 3928 emnnitate
2530 3885 2558 3925 a
2597 3871 2686 3924 die
2717 3869 2963 3938 praesenti
3000 3869 3173 3922 valeat
3200 3866 3440 3921 residere

1864 3975 2076 4040 quietus
2117 3974 2279 4036 atque
2327 3979 2570 4032 securus,
2601 3970 2677 4027 et,
2709 3971 2765 4016 ut
2792 3961 2990 4016 dictum
3035 3967 3138 4022 est,
3184 3956 3438 4026 quicquid

1861 4059 2064 4116 exinde
2108 4056 2332 4112 forsitan
2377 4055 2536 4109 ﬁscus
2587 4061 2770 4108 noster
2813 4063 3029 4120 sper-are
3078 4053 3345 4118 potuerat,
3384 4050 3438 4104 in

1867 4149 2234 4216 Iuminaribus,
2275 4146 2359 4202 vel
2397 4143 2694 4214 stipendiis,
2725 4156 2818 4196 seu
2859 4142 2910 4194 in
2942 4138 3194 4194 alimonia
3229 4153 3433 4208 paupe-

1867 4258 1984 4299 rum
2019 4242 2184 4312 ipsius
2215 4238 2548 4301 monasterii,
2583 4234 2891 4304 perenniter
2924 4247 3016 4301 per
3039 4241 3277 4284 nostrum
3305 4244 3439 4284 ora-

1867 4336 2044 4391 culum
2084 4334 2153 4388 ad
2183 4332 2448 4401 integrum
2482 4329 2536 4382 in
2579 4327 2826 4382 omnibus
2870 4336 2920 4384 et
2965 4338 3031 4380 ex
3074 4321 3321 4378 omnibus
3371 4321 3443 4375 sit

1869 4441 2185 4482 concessum
2212 4420 2665 4493 atqueindultnm.
2693 4426 2750 4474 ut
2770 4432 2863 4472 eos
2887 4416 3073 4471 melius
3097 4415 3322 4471 delectet
3343 4427 3441 4484 pro

1871 4518 2158 4573 stabilitate
2187 4516 2335 4585 regni
2366 4513 2532 4568 nostri
2563 4522 2615 4568 et
2639 4512 2838 4581 quiete,
2875 4510 2955 4564 vel
2983 4524 3077 4576 pro
3097 4506 3302 4562 cunctis
3330 4505 3442 4559 Icu-

1873 4609 1959 4666 dis
2002 4607 2201 4663 nostris
2249 4605 2458 4662 Domini
2490 4601 2912 4659 misericordiam
2961 4597 3213 4658 attentius
3255 4598 3444 4664 depre-

1874 4701 2006 4757 cari.
2041 4699 2105 4754 Et
2131 4711 2188 4754 ut
2233 4697 2348 4752 lucc
2376 4696 2664 4751 auctoritas
2706 4691 2902 4747 nostris
2928 4699 2984 4744 et
3021 4688 3210 4742 futuris
3237 4696 3444 4754 tempo-

1876 4794 2023 4850 ribus
2056 4792 2198 4846 circa
2227 4791 2399 4858 ipsum
2428 4796 2673 4841 sanctum
2704 4783 2874 4838 locum
2920 4779 3257 4849 perlieuniter
3293 4774 3444 4828 ﬁrma

1878 4892 1933 4937 et
1966 4881 2214 4936 inviolata
2246 4884 2574 4948 permaneat,
2608 4875 2690 4930 vel
2734 4886 2828 4942 per
2874 4883 3112 4939 tempora
3157 4870 3318 4922 illzesa
3347 4881 3444 4919 cu-

1877 4975 2138 5030 smdiatur
2166 4984 2325 5042 atque
2353 4981 2721 5030 conservetur,
2753 4978 2807 5022 et
2853 4968 2921 5020 ab
2968 4965 3212 5018 omnibus
3255 4961 3449 5028 judicio

1877 5065 1978 5120 bus
2028 5065 2216 5118 melius
2260 5063 2530 5130 credatur,
2587 5059 2813 5131 propria:
2863 5070 3050 5110 manus
3104 5054 3450 5108 adnotatiOne

1878 5157 2179 5213 studuimus
2229 5155 2564 5210 adumbrare.

2021 5250 2238 5318 Signum
2270 5247 2446 5304 Karoli
2478 5243 2843 5316 gloriosissimi
2869 5242 3011 5311 regis

2027 5357 2337 5428 Wigbaldns
2368 5357 2430 5409 ad
2465 5357 2632 5409 vicem
2665 5350 2848 5406 Iliterii
2885 5350 3213 5420 recognovit.

1955 5461 1979 5488 ⁸
2013 5453 2140 5506 Data
2174 5452 2339 5520 pridie
2370 5450 2488 5504 Idus
2517 5448 2754 5511 Martias,
2787 5461 2926 5499 anno
2954 5445 3179 5512 soptimo
3200 5451 3254 5497 et
3284 5442 3456 5509 primo

1888 5547 2034 5616 regni
2067 5547 2254 5598 nostri.
2288 5545 2475 5597 Actum
2506 5540 2775 5595 Carisiaco
2804 5537 3002 5606 paiatio
3028 5535 3082 5589 in
3118 5533 3207 5588 Dei
3241 5531 3457 5586 nomine

1891 5637 2135 5692 feliciter.
2170 5638 2363 5688 Amen.

290 5762 313 5788 ⁴¹
336 5759 518 5817 Simile
571 5769 895 5832 [incoeptum
941 5758 1122 5814 datum
1171 5764 1252 5812 est
1297 5758 1348 5810 iu
1400 5771 1567 5809 mense
1607 5753 1788 5808 Uctub.
1829 5767 1964 5806 anno
1989 5751 2254 5805 ttmlrcimo
2283 5758 2326 5803 et
2354 5749 2530 5818 quinto
2562 5746 2721 5817 regni,
2757 5744 2804 5799 id
2834 5752 2912 5799 est
2943 5759 3080 5798 anno
3109 5742 3231 5797 778.
