3964 6344
578 384 682 441 9·ίὸ

1276 499 1458 554 XXIV.

577 614 749 669 Caroli
792 613 967 679 Magni
1009 622 1332 678 prtrceptum,
1363 629 1461 678 quo
1502 613 1644 665 traria
1694 613 1992 664 monasterii
2024 610 2150 662 Dio-

646 686 844 753 θεῃείαηὶ
887 685 1015 734 bona
1067 683 1155 734 sub
1203 681 1423 750 l’ippmo
1471 699 1586 752 rege
1625 697 1943 751 recuperata,
1985 684 2147 734 cidem

643 754 949 807 monasterio
980 754 1246 816 conﬁrmat
1281 763 1440 820 (anno
1471 754 1622 821 775).

913 868 1004 930 (Ex
1035 867 1234 927 Mahill.,
1259 868 1323 916 de
1349 868 1422 916 Re
1457 867 1808 927 diplomatira.)

641 974 861 1028 Carolus
905 975 1072 1040 gratia
1126 971 1218 1025 Dei
1261 987 1351 1025 rex
1395 971 1814 1025 Francorum‘et
1843 968 2148 1037 Langobar-

569 1066 783 1128 domm,
833 1065 1081 1117 omnibus
1116 1062 1403 1130 episc0pis,
1437 1061 1741 1123 abbatibus,
1774 1061 2020 1124 ducibus,
2052 1075 2146 1114 co-

569 1157 807 1222 mitibus,
838 1155 1167 1222 domesticis,
1200 1155 1570 1223 gral‘ﬁonibus,
1612 1154 1846 1218 vicariis,
1887 1161 2137 1206 centena-

568 1247 684 1313 riis,
735 1246 816 1300 vel
868 1261 1057 1300 omnes
1109 1247 1299 1301 missos
1354 1254 1564 1300 nostros
1609 1245 2013 1308 discurrentes,
2059 1243 2141 1294 vel

565 1339 886 1406 quibuslibet
940 1337 1202 1406 judicaria
1258 1345 1522 1404 potestate
1576 1334 1814 1403 praiditis
1863 1352 1874 1386 :
1919 1333 2140 1388 Summa

564 1443 691 1484 cura
723 1437 778 1483 et
817 1428 1118 1484 sollicitudo
1157 1429 1316 1483 debet
1363 1443 1480 1482 esse
1529 1443 1735 1496 regum,
1781 1435 1837 1480 ut
1875 1441 1934 1480 ea
1965 1441 2081 1494 quae
2109 1439 2139 1478 a

563 1519 928 1574 sacerdotibus
978 1535 1074 1589 pro
1115 1519 1479 1588 oportunitate
1517 1520 1863 1573 ecclesiarum
1897 1518 1987 1571 Dei
2019 1516 2139 1570 fue-

562 1614 670 1670 rint
717 1616 1003 1684 postulata,
1052 1615 1281 1668 solerter
1326 1615 1635 1683 perspicere
1678 1622 1733 1667 et
1762 1626 1997 1680 congrua
2053 1610 2136 1664 vel

561 1717 825 1774 Oportuna
876 1706 955 1759 eis
1008 1704 1261 1759 beneﬁcia
1313 1720 1417 1758 non
1463 1705 1750 1772 denegare,
1795 1702 1886 1756 sed
1926 1717 1986 1755 ea
2016 1715 2136 1769 qua:

557 1809 658 1863 pro
690 1795 780 1849 Dei
803 1805 926 1848 sunt
956 1794 1144 1848 intuittt
1175 1795 1238 1848 ad
1267 1794 1516 1850 eﬁ‘ectum
1541 1795 1591 1847 in
1622 1794 1710 1846 Dei
1737 1792 1953 1847 nomine
1983 1806 2132 1844 man-

1463 384 1518 438 Β.
1561 383 1806 441 CAROLI
1849 385 2059 441 MAGNI
2102 389 2250 443 UPP.
2299 385 2472 443 PARS
2516 389 2553 453 I,
2595 388 2835 445 SECTIO
2872 392 2937 446 ll.
3734 404 3818 461 944

2182 505 2228 561 Α
2261 498 2394 563 lare,
2429 499 2881 567 Ambricmcurte,
2911 504 3172 562 Ebroaldo
3201 516 3374 572 curte,
3404 508 3577 564 Gellis
3603 528 3619 564 ;
3651 512 3816 569 simil-

2257 601 2339 645 ter
2389 592 2439 645 itt
2491 607 2623 659 pago
2667 592 3041 660 Camliacinse,
3075 595 3195 650 loco
3225 598 3314 665 qui
3369 598 3572 652 dicitur
3607 601 3814 658 llodero-

2255 677 2400 745 villo,
2451 689 2504 734 et
2546 681 2713 736 Nialla
2744 700 2757 735 :
2790 686 3035 739 Stmil'tter
3063 687 3115 739 in
3149 701 3281 756 pago
3326 687 3601 744 Vilcasino
3650 692 3817 749 Bacivo

2253 772 2529 840 superiore
2557 783 2609 826 et
2637 774 2937 828 subteriore
2969 785 3020 828 et
3050 776 3275 844 Madriu,
3305 793 3466 847 quem
3503 780 3812 838 Gabbitrism

2255 877 2346 930 per
2375 863 2692 918 benelicium
2717 866 2900 920 habuit
2929 887 2939 918 :
2965 865 3212 920 similiter
3238 869 3290 922 in
3319 884 3454 938 pago
3481 871 3812 929 Madriacuse

2257 951 2456 1018 Vinius,
2487 956 2738 1024 Camapio
2775 967 2832 1010 et
2858 957 3121 1026 Niventis,
3171 959 3500 1025 Villa-nova,
3551 963 3810 1032 liosbscio,

2251 1042 2550 1112 Sigrancio,
2604 1047 2988 1105 Berane-curte
3021 1069 3032 1103 :
3070 1050 3318 1106 similiter
3356 1055 3409 1108 in
3457 1070 3603 1126 pago
3651 1058 3810 1114 Telltut

2249 1131 2363 1188 loca
2389 1139 2832 1204 cognominantes
2855 1141 3055 1208 Pictos,
3083 1144 3356 1210 Macerias,
3380 1145 3589 1214 νει-εκ»,
3605 1151 3807 1219 Fin-era,

2247 1222 2422 1290 Potio,
2478 1225 2733 1295 Bodalca,
2780 1231 3216 1299 Driltene-valle,
3268 1236 3559 1302 Artiltaco,
3614 1245 3804 1309 Agusta,

2246 1315 2508 1382 ltauscro,
2553 1320 2907 1389 Crisonarias,
2965 1324 3243 1381 Uvariaco.
3297 1329 3570 1386 Similiter
3603 1335 3651 1386 in
3691 1352 3804 1408 pago

2248 1405 2470 1460 \’imnau
2499 1408 2614 1463 loca
2642 1416 3082 1485 cognoaﬁnantes
3112 1418 3308 1482 Maron,
3336 1420 3570 1488 Malcha,
3595 1405 3803 1489 Malclis,

2242 1504 2293 1548 et
2325 1496 2589 1561 Avisinas,
2641 1498 2878 1565 ltodeno,
2928 1502 3183 1570 ltudalca,
3236 1509 3516 1574 Sedit-uia,
3568 1510 3803 1579 \‘idriaw,

2240 1586 2481 1656 Hornna,
2509 1591 2699 1648 Arcas.
2721 1594 2894 1650 Simili
2920 1612 2979 1651 er
3003 1599 3053 1652 in
3085 1617 3216 1669 pago
3239 1601 3516 1674 I‘arisiago
3541 1606 3801 1666 Tabernas.

2241 1677 2500 1734 Similiter
2555 1679 2609 1734 in
2669 1699 2801 1752 pago
2859 1687 3215 1745 Ambiantrtse
3265 1693 3380 1746 loca
3433 1699 3530 1764 qui
3583 1699 3801 1752 dit-untur

2238 1767 2504 1841 i’iseiago,
2536 1781 2591 1828 et
2622 1774 2886 1844 Adsalto;
2935 1794 3030 1834 seu
3067 1782 3279 1838 diversa
3313 1788 3428 1839 loca
3468 1804 3564 1855 per
3591 1789 3800 1848 diversos

557 1860 759 1955 ciparc.
836 1886 998 1955 Igitur
1060 1895 1348 1954 cognoscat
1384 1884 1718 1964 .magnitudo
1774 1898 1870 1937 seu
1933 1883 2130 1937 utilitas

2241 1876 2424 1964 pagos,
2471 1875 2578 1920 tam
2620 1867 2846 1937 majora,
2878 1887 3033 1938 quam
3065 1877 3378 1944 etauinora,
3412 1883 3560 1946 quod
3595 1897 3683 1950 per
3705 1885 3795 1936 sitt-

556 1987 758 2042 vestra,
805 1978 928 2046 quia
968 1977 1288 2031 venerabilis
1331 1975 1409 2030 vir
1456 1977 1717 2032 Fulradus
1749 1978 1883 2030 abba
1917 1993 1980 2030 ex
2022 1991 2135 2029 mo-

557 2068 791 2122 nasterio
836 2068 1119 2138 peculiaris
1181 2069 1419 2138 patronis
1474 2070 1640 2123 nostri
1693 2068 1865 2122 sancti
1915 2066 2137 2122 Diunisii

554 2159 827 2230 martyris,
880 2160 967 2213 ubi
1019 2160 1133 2228 ipse
1182 2162 1456 2229 preciosus
1503 2161 1733 2216 domnus
1783 2175 2009 2230 corpore
2052 2175 2136 2214 rc-

553 2249 804 2319 quiescit,
835 2251 1136 2304 clementia:
1185 2252 1329 2318 regni
1385 2253 1552 2306 nostri
1600 2252 1882 2321 suggessit,
1916 2259 1970 2306 et
2001 2266 2137 2320 prte-

554 2342 857 2410 ceptionetn
897 2341 1080 2396 domui
1110 2352 1162 2396 et
1190 2343 1446 2413 genitoris
1489 2347 1654 2397 nostri
1707 2345 1912 2410 Pippiui
1964 2359 2135 2412 quon-

551 2433 676 2486 dam
721 2434 862 2502 regis
901 2432 1052 2487 nobis
1096 2435 1401 2487 ostendedit
1431 2435 1588 2503 releg-
1612 2434 1794 2500 ndam,
1827 2435 1913 2488 ubi
1947 2449 2133 2490 eonte-

557 2523 790 2576 nebatur
838 2525 1092 2577 insertum
1136 2525 1204 2579 de
1248 2527 1406 2578 rebus
1446 2527 1612 2579 sancti
1663 2525 1911 2588 Ditmisii,
1953 2541 2068 2594 qua!
2104 2539 2133 2578 a

556 2615 720 2685 longo
748 2626 986 2683 tempore
1017 2624 1122 2668 tam
1156 2632 1219 2669 ex
1268 2618 1623 2670 muniﬁcentia
1676 2632 1856 2684 regum
1889 2631 2044 2684 quam
2076 2625 2132 2670 et

551 2723 581 2758 a
613 2707 936 2760 Christianis
960 2708 1039 2760 vel
1071 2707 1219 2760 Delio
1261 2706 1526 2759 mentibus
1546 2717 1600 2760 et
1634 2707 1784 2760 bonis
1820 2706 2125 2761 hominibus

551 2799 791 2852 c0nlatas
823 2797 903 2851 vel
933 2797 1157 2850 donatas
1188 2797 1420 2862 fuerunt,
1463 2811 1492 2849 a
1541 2800 1715 2866 pravis
1744 2813 1836 2850 seu
1867 2799 2018 2850 malis
2042 2797 2136 2850 bo-

549 2891 786 2946 minibus
813 2907 906 2960 per
935 2891 1114 2958 iniqua
1159 2891 1448 2959 cupiditate
1494 2907 1587 2945 seu
1635 2893 1772 2945 malo
1816 2892 2024 2960 ingenio
2054 2890 2136 2944 vel

551 2982 826 3049 tepiditate
871 2981 1186 3034 abbatorum
1227 2995 1321 3034 seu
1360 2980 1600 3049 neglecto
1641 2981 1897 3049 jad;eium
1929 2982 1995 3034 de
2024 2981 2136 3050 ipsa

549 3087 671 3126 casa
703 3072 998 3125 abstractas
1026 3071 1107 3126 vel
1139 3069 1468 3125 dismanatas
1500 3070 1732 3125 fuerunt.
1767 3069 1916 3127 Unde
1947 3082 2002 3125 et
2032 3072 2130 3141 ipsi

549 3160 800 3216 monachi
853 3161 940 3216 vel
994 3163 1092 3230 ipsi
1143 3173 1361 3233 agentes
1409 3178 1512 3217 una
1569 3179 1688 3216 cum
1745 3168 2132 3234 praeceptiones

549 3268 734 3323 regum
767 3254 849 3308 vel
896 3255 1100 3323 reliqua
1140 3265 1436 3309 stramenta
1475 3267 1740 3310 cartorum
1773 3257 1842 3310 de
1878 3259 2020 3324 ipsas
2045 3270 2129 3309 res

547 3349 601 3403 in
637 3348 831 3415 palatio
871 3357 994 3401 ante
1044 3348 1284 3415 genitore
1316 3356 1495 3401 nostro
1524 3361 1616 3402 seu
1647 3347 1763 3416 ejus
1791 3347 2010 3400 ducibus
2043 3362 2134 3413 per

549 3437 738 3506 plures
776 3437 983 3493 vit-ibus
1013 3438 1345 3491 advenerunt
1379 3439 1430 3491 itt
1463 3441 1698 3492 rationes
1731 3453 1832 3491 una
1863 3451 1982 3490 cum
2015 3437 2130 3504 plu-

545 3542 636 3582 res
665 3528 994 3592 hominibus,
1024 3527 1111 3595 qui
1146 3533 1288 3594 ips:ts
1323 3544 1406 3582 res
1439 3530 1578 3582 malo
1604 3529 1794 3582 ordine
1835 3530 2128 3593 tenebant;

548 3628 603 3671 et
632 3618 844 3686 genitor
868 3626 1051 3671 noster
1077 3633 1170 3684 pro
1197 3621 1496 3672 reverentia
1526 3620 1691 3686 ips'ios
1713 3621 1880 3674 sancti
1909 3619 2130 3674 Diuttisii

553 3710 832 3779 tnartyris,
877 3710 962 3762 vel
1015 3725 1112 3776 pro
1167 3711 1282 3778 ipso
1326 3727 1510 3766 amore
1563 3711 1677 3776 Dei,
1727 3729 1912 3765 eorttm
1958 3723 2131 3769 cartas

547 3800 831 3867 diligenter
861 3800 1100 3868 relegere
1129 3800 1345 3869 rogarit,
1390 3811 1444 3855 et
1475 3803 1665 3855 missos
1691 3817 1817 3856 suos
1851 3801 2129 3871 Wicbingo

547 3902 601 3945 et
647 3890 888 3945 Ludione
919 3890 983 3943 ad
1010 3905 1197 3952 eorum
1251 3891 1504 3958 petitione
1541 3907 1638 3962 per
1675 3892 1916 3947 diversos
1962 3909 2128 3965 pagos

548 3996 652 4036 una
703 3996 823 4036 cum
870 3983 984 4050 ipsa
1035 3991 1330 4036 stramenta
1383 3982 1448 4036 ad
1493 3985 1593 4038 hoc
1621 3985 1995 4053 inquirendum
2041 3987 2126 4040 vel

551 4075 987 4145 investigandum
1033 4078 1249 4141 direxit,
1281 4085 1337 4130 ut
1363 4077 1681 4147 ubicumque
1709 4093 1892 4133 eorum
1919 4079 2125 4146 justitia

547 4169 871 4236 invenirent,
903 4171 988 4224 vel
1019 4170 1119 4239 ipsi
1153 4170 1401 4224 monachi
1430 4181 1484 4224 et
1512 4171 1612 4239 ipsi
1641 4182 1859 4242 agentes
1891 4171 2123 4242 legitima

545 4270 842 4314 strttmenta
904 4261 1336 4328 prteseutabant,
1393 4263 1476 4316 vel
1505 4278 1629 4318 casa
1678 4266 1845 4317 sancti
1896 4263 2123 4318 Diuoisii

545 4351 741 4403 exinde
786 4351 977 4402 vestita
1028 4352 1222 4418 fuerat,
1269 4368 1364 4406 seu
1404 4369 1432 4405 a
1465 4355 1616 4407 bonis
1657 4354 1764 4408 Deo
1811 4355 2123 4409 timentibus

547 4441 856 4494 hominibus
885 4440 1079 4495 ibidem
1112 4443 1262 4496 datas
1291 4445 1371 4496 vel
1401 4448 1636 4498 conlatas
1668 4446 1896 4507 fuerunt,
1928 4456 1982 4497 et
2011 4448 2122 4511 ipsa

2233 1953 2354 2020 gula
2387 1955 2660 2010 nominare
2685 1974 2788 2012 non
2817 1960 2912 2014 fuit
2939 1967 3326 2032 necessarium,
3373 1971 3520 2024 unde
3549 1972 3654 2040 ipsa
3678 1988 3794 2038 casa,

2235 2041 2303 2096 ad
2351 2058 2588 2111 prtesens
2633 2051 2818 2102 vestita
2851 2066 2970 2105 esse
3002 2055 3206 2108 videtur
3240 2057 3308 2110 ita
3343 2069 3398 2111 ut
3429 2065 3570 2114 sicut
3600 2065 3662 2114 ab
3688 2065 3792 2132 ipsis

2237 2135 2616 2209 inventumque
2645 2142 2730 2196 vel
2763 2145 3133 2215 investigatum
3167 2151 3261 2204 fuit
3285 2193 3299 2217 ,
3348 2165 3402 2208 et
3442 2155 3588 2223 ipsas
3615 2175 3690 2211 res
3711 2161 3790 2225 ipsi

2237 2229 2487 2284 monachi
2537 2232 2620 2287 vel
2662 2232 2765 2302 ipsi
2825 2250 3044 2304 agentes
3097 2242 3332 2308 partibus
3382 2250 3555 2299 sancti
3598 2248 3792 2304 Dittttisii

2237 2335 2587 2392 receperunt,
2635 2325 2888 2397 deinceps
2920 2332 2971 2384 in
3005 2341 3122 2398 post
3161 2338 3377 2390 modum
3409 2343 3474 2393 ad
3510 2341 3789 2398 hodiernum

2238 2412 2326 2467 die
2367 2416 2478 2482 ipsa
2528 2430 2650 2471 casa
2702 2420 2794 2474 Dei
2848 2422 2928 2476 vel
2989 2425 3086 2491 ipsi
3137 2430 3415 2492 monachi,
3466 2448 3556 2486 seu
3599 2446 3788 2504 agentes

2236 2518 2420 2560 eorum
2452 2509 2564 2561 evis
2604 2517 2660 2562 et
2700 2509 2890 2565 futuris
2922 2517 3252 2583 temporibus
3286 2521 3494 2575 babiant
3523 2525 3783 2578 evindeca-

2239 2605 2320 2650 tas
2343 2609 2503 2667 atque
2525 2600 2818 2656 elidicatas.
2853 2603 2999 2658 Unde
3022 2616 3073 2659 ct
3097 2607 3211 2675 ipse
3230 2611 3341 2677 jam
3364 2611 3519 2666 dictus
3536 2612 3771 2668 Fuirados

2235 2689 2369 2769 abba
2419 2705 2513 2744 seu
2545 2702 2601 2747 et
2639 2693 2738 2760 ipsi
2787 2698 3028 2750 monachi
3060 2700 3126 2753 de
3159 2701 3278 2770 ipso
3312 2711 3477 2756 sancto
3519 2705 3764 2769 ctenubio,

2237 2781 2327 2850 qui
2361 2784 2409 2834 in
2441 2781 2551 2852 ipsa
2593 2799 2716 2840 casa
2772 2785 2863 2840 Dei
2914 2803 3238 2846 conversare
3291 2795 3372 2847 vel
3413 2797 3564 2848 vitam
3606 2795 3778 2864 degere

2241 2871 2505 2940 videntur,
2537 2877 2688 2930 nobis
2716 2886 3000 2946 petierunt,
3050 2893 3106 2936 ut
3155 2886 3336 2939 denuo
3372 2900 3509 2940 circa
3548 2885 3669 2952 ipsls
3704 2903 3782 2954 pro

2241 2961 2432 3018 futuris
2477 2969 2810 3036 temporibus
2840 2976 3200 3039 pra-ceptione
3229 2985 3411 3028 nostra
3444 2992 3600 3028 manu
3631 2989 3780 3028 nostra

2239 3053 2444 3107 ﬁrmata
2490 3058 2685 3112 evinde
2723 3059 2801 3113 eis
2841 3062 3124 3117 adﬁrmare
3165 3065 3488 3119 deberemus
3517 3085 3530 3120 :
3564 3069 3685 3133 quod
3727 3069 3777 3120 ita

2241 3159 2292 3199 et
2324 3147 2564 3214 fecimus,
2595 3159 2652 3203 ttt
2678 3151 2809 3204 sient
2839 3165 3045 3206 constat
3071 3155 3208 3222 quod
3235 3155 3382 3222 ipsas
3411 3173 3501 3211 res
3532 3174 3622 3227 per
3645 3160 3776 3230 legata

2241 3248 2294 3293 et
2319 3239 2582 3307 justitiam
2615 3243 2666 3294 in
2701 3243 2903 3298 Palatio
2945 3258 3068 3300 ante
3113 3251 3360 3316 genitore
3402 3261 3594 3304 nostro
3623 3253 3771 3304 etimit-

2238 3342 2494 3384 caverunt
2522 3333 2605 3386 vel
2635 3347 2970 3402 receperunt,
3007 3347 3062 3390 ut
3094 3348 3198 3392 tam
3250 3339 3365 3409 ipse
3396 3341 3564 3407 abba,
3596 3355 3762 3413 quamet

2237 3424 2317 3474 sui
2351 3437 2692 3479 successores
2720 3429 2862 3481 omni
2906 3439 3146 3498 tempore
3188 3447 3284 3501 pro
3318 3438 3634 3503 conpendio
3658 3437 3754 3502 {ista

2238 3513 2486 3581 Superius
2533 3514 2790 3572 insertum
2819 3523 2922 3590 est)
2960 3523 3023 3574 ad
3060 3525 3168 3591 ipsa
3197 3536 3379 3578 saneta
3411 3544 3545 3581 casa
3578 3530 3639 3582 ad
3665 3528 3764 3582 litati-

2238 3607 2387 3657 naria
2443 3609 2799 3676 procuranda,
2832 3628 2928 3667 seu
2957 3625 3269 3669 Vt'Sllllit’lil'd
3312 3623 3694 3674 titonuchorutn
3719 3621 3773 3671 vd

2237 3696 2439 3765 reliqua
2494 3703 2790 3769 conpendia
2838 3722 2932 3759 seu
2978 3712 3373 3776 su-ceptionetn
3434 3729 3710 3782 pauperum
3741 3725 3776 3766 et

2238 3791 2638 3857 peregrinorum
2687 3795 2906 3850 habiant
2956 3801 3285 3854 evindicalas
3324 3808 3776 3872 atqueclidicatas.

2237 3891 2289 3930 ut
2315 3879 2394 3932 eis
2440 3896 2653 3950 semper
2703 3887 2893 3940 utelius
2942 3893 3178 3945 delectet
3224 3907 3318 3960 pro
3363 3897 3526 3950 nobis
3568 3900 3648 3952 vel
3677 3897 3782 3948 ﬁlios

2233 3984 2447 4024 ttoStros
2500 3988 2592 4027 seu
2645 3992 2738 4042 pro
2795 3981 3080 4034 stabilitate
3138 3989 3285 4052 regni
3339 3985 3671 4042 Francorum
3719 3990 3783 4040 dte

2233 4072 2499 4129 noctuque
2554 4066 2941 4124 incessabiliter
2985 4053 3160 4140 orare,
3220 4077 3305 4129 vel
3355 4078 3569 4134 Domini
3615 4079 3786 4133 misario

2229 4153 2412 4206 cordia
2459 4155 2784 4224 deprecare;
2823 4171 2877 4213 et
2908 4161 3072 4231 (sicut
3123 4164 3276 4219 nobis
3307 4173 3690 4237 proutiSet‘unl)
3717 4183 3788 4236 per

2230 4245 2469 4314 singulos
2500 4247 2614 4301 dies
2643 4265 2838 4305 nomen
2888 4263 3126 4306 nostrum
3175 4267 3277 4309 tam
3308 4259 3359 4310 itt
3402 4261 3625 4326 missas,
3659 4277 3785 4329 quam

2230 4345 2282 4388 et
2330 4336 2381 4389 iit
2431 4339 2726 4406 peculiares
2773 4358 2956 4397 eorum
3009 4349 3342 4402 orationibus
3389 4353 3453 4404 ad
3509 4357 3787 4420 sepulcrum

2232 4427 2403 4495 ipsius
2454 4432 2622 4484 sancti
2676 4429 2898 4487 Dionisii
2958 4436 3187 4491 debeant
3239 4442 3485 4506 recitate,
3543 4444 3592 4496 si
3643 4445 3788 4496 adhuc

546 4548 668 4587 casa
699 4534 930 4602 legitime
952 4544 1006 4587 et
1034 4536 1420 4590 rationabiliter
1451 4553 1544 4606 per
1571 4540 1683 4607 lege
1705 4540 1898 4593 exinde
1929 4539 2118 4592 vestita

2240 4519 2443 4573 iuantea
2487 4537 2671 4575 eorum
2713 4524 2917 4594 justitia
2960 4528 3200 4586 invenire
3249 4535 3582 4600 potuerimus
3637 4538 3710 4592 eis
3745 4537 3793 4589 li-

545 4627 737 4690 fuerat,
767 4635 821 4679 et
852 4636 1035 4694 postea
1086 4641 1182 4695 per
1231 4629 1413 4697 iniquo
1463 4628 1677 4698 ingenio
1719 4631 1786 4683 de
1834 4632 1948 4699 ipsa
1989 4646 2115 4684 casa

545 4721 840 4776 abstractas
897 4721 1146 4785 fuerant,
1203 4722 1283 4777 cis
1335 4723 1557 4778 reddere
1606 4723 1918 4778 deberent:
1978 4727 2116 4792 quod

546 4810 639 4864 ita.
673 4851 688 4866 .
719 4848 734 4866 .
764 4849 779 4864 .
807 4852 823 4867 .
854 4822 907 4866 et
928 4813 1193 4866 iecerunt.
1226 4814 1279 4867 Id
1305 4826 1427 4868 sunt
1460 4829 1553 4882 per
1579 4815 1802 4869 diversis
1828 4817 1977 4884 pagis
2003 4816 2118 4870 loca

546 4903 908 4969 denominata,
961 4905 1014 4955 in
1057 4918 1190 4971 pago
1222 4904 1606 4958 Fanntartense
1643 4908 1776 4959 cella
1808 4907 1896 4974 qui
1925 4909 2122 4960 dicitur

552 4993 742 5055 Crnce,
778 4995 866 5061 qui
897 4993 1089 5062 aspicit
1117 4997 1180 5045 ad
1213 4994 1342 5047 ﬁsco
1370 4995 1665 5060 Solemnio,
1703 5012 1859 5066 quem
1893 4997 2120 5051 domnus

547 5086 854 5140 Hildbertus
901 5088 1167 5153 quondam
1202 5104 1292 5142 rex
1322 5089 1388 5142 ad
1419 5104 1542 5144 casa
1570 5091 1737 5143 sancti
1770 5090 1994 5143 Dnmisii
2027 5106 2120 5158 per

547 5194 640 5232 sua
677 5181 1029 5248 pra-ceptioue
1059 5183 1325 5234 concessit
1355 5192 1448 5235 :et
1474 5183 1717 5236 Avisinas
1739 5199 1895 5249 quem
1929 5183 2122 5236 Vastis

547 5272 800 5336 genitoris
823 5271 986 5325 nostri
1016 5273 1179 5325 tenuit
1205 5289 1216 5324 :
1244 5273 1489 5340 similiter
1515 5274 1566 5326 in
1591 5288 1724 5341 pago
1745 5275 2042 5344 Dragbanto
2068 5275 2122 5328 itt

550 5361 666 5416 loca
685 5373 1050 5429 nuncupautes
1074 5361 1298 5419 Scancia
1325 5373 1379 5418 et
1403 5363 1722 5419 Catubrione
1749 5383 1762 5418 :
1794 5367 2040 5423 similiter
2072 5370 2121 5422 in

554 5467 690 5521 pago
749 5455 957 5524 Driegio
1016 5454 1130 5509 loca
1184 5468 1522 5524 nuncupaute
1579 5456 1912 5523 Linariolas;
1963 5470 2017 5514 et
2068 5460 2121 5514 itt

554 5544 810 5598 Melciauo
865 5548 980 5598 loca
1028 5548 1463 5613 cognominanles
1516 5549 1805 5618 Nartiliago
1855 5562 1910 5605 et
1957 5550 2126 5606 Coco-

559 5638 712 5704 niago
738 5651 752 5699 ;
785 5638 866 5689 vel
891 5639 942 5689 itt
969 5639 1277 5693 Delvaciuse
1300 5640 1412 5693 loea
1439 5643 1706 5696 nominata
1731 5643 2120 5709 Pitito-villare,

563 5729 843 5797 Masciago,
894 5729 1136 5797 Sat-iugo,
1190 5729 1624 5800 Ansiuo-villare,
1669 5733 2127 5804 'l‘bcdegario-vil-

2232 4610 2376 4662 benti
2421 4613 2600 4667 animo
2641 4617 2866 4671 reddere
2897 4620 3155 4674 Voletnus.
3182 4623 3256 4676 Et
3287 4636 3343 4677 ut
3375 4626 3487 4679 haec
3518 4629 3792 4681 auctoritas

2231 4704 2310 4755 vel
2339 4710 2621 4774 praeceptio
2652 4719 2834 4761 nostra
2877 4711 3018 4779 quod
3053 4713 3206 4767 nobis
3230 4715 3646 4784 postulaverunt
3670 4719 3791 4769 circa

2229 4793 2338 4863 ipsa
2385 4811 2508 4851 casa
2541 4799 2631 4853 Dei
2662 4802 2929 4870 proliciat,
2971 4816 3022 4857 et
3075 4807 3193 4860 evis
3240 4816 3295 4859 et
3335 4807 3532 4861 futuris
3585 4807 3791 4875 tempori

2230 4887 2535 4941 inconvulsa
2563 4903 2616 4944 et
2642 4894 2791 4946 ﬁrma
2820 4895 3016 4949 debeat
3046 4911 3380 4964 permanere,
3406 4915 3569 4953 manu
3596 4901 3792 4969 preprit

2227 4981 2415 5048 subter
2485 4982 2814 5040 ﬁrmavimus
2879 4998 2932 5042 et
2997 4986 3140 5041 anuli
3204 4993 3370 5045 nostri
3449 4991 3794 5063 impressione

2225 5072 2572 5137 signavimus.

2299 5184 2522 5252 Signum
2545 5184 2719 5238 Caroli
2750 5185 3124 5256 gloriosissimi
3157 5191 3317 5260 regis.

2297 5295 2609 5365 thbaldus
2663 5300 2730 5354 ad
2785 5301 2956 5356 vicem
3005 5302 3191 5357 ll‘iterii
3245 5309 3535 5374 recognovi
3582 5319 3639 5363 et
3681 5309 3795 5364 Sub-

2225 5402 2434 5457 BcrIpSI.

2300 5508 2426 5561 Data
2451 5517 2604 5562 sexto
2630 5508 2746 5564 Kal.
2791 5511 2957 5566 Jttlias
3007 5529 3150 5568 anno
3198 5518 3425 5585 septimo
3470 5529 3524 5572 et
3570 5519 3794 5575 secundo

2227 5613 2318 5666 reg
2347 5604 2375 5651 .i
2429 5601 2618 5655 nostri.
2660 5604 2849 5658 Actum
2900 5605 3175 5678 Cartsiago
3225 5610 3419 5678 palatio
3460 5612 3675 5680 publico
3712 5612 3796 5666 De;

2226 5692 2446 5745 nomine
2473 5692 2716 5748 feliciter.
