3964 6344
177 310 276 366 9-ιὸ

868 419 1034 476 XXV.

173 518 334 573 (ἔω-οη
380 515 430 569 Μ
440 515 561 584 agni
608 512 874 581 placitum,
891 527 997 584 quo
1027 490 1272 584 adversus
1285 506 1731 584 ercltenrodum

236 578 494 641 εειιὶιιιέιιι⁷
538 578 847 653 ερίεεορκηι-
884 580 1225 636 Parisiensem
1279 578 1562 653 Placieiuin
1617 594 1732 653 ιιιο-

244 659 516 712 ualerium
556 647 609 706 in
639 647 769 723 pago
816 651 1141 723 Pinciuceme
1178 650 1480 704 monasterio
1511 650 1571 704 S.
1606 647 1739 701 Dio-

235 729 362 799 nysii
382 726 653 782 inscribitur
682 721 839 795 (anno
870 721 1021 792 715).

232 839 449 897 Carolus
490 836 660 908 gratia
705 834 797 890 Dei
838 848 935 889 rex
978 833 1307 888 Francorum
1336 839 1388 886 et
1427 829 1737 901 Langobar-

169 935 368 998 dorum,
424 930 510 985 vir
555 929 802 985 inlustcr.
854 926 1001 980 'l‘unc
1055 925 1250 993 regalis
1311 924 1573 979 celsitudo
1624 922 1737 976 suis

170 1025 402 1081 culminis
429 1021 776 1086 sublimatnr,
813 1019 1030 1088 quando
1054 1027 1364 1072 cunctorum
1390 1015 1565 1084 iurgia
1588 1014 1736 1082 juxta

172 1116 550 1189 praepositionis
597 1115 679 1169 vel
729 1112 1096 1181 responsionis
1138 1108 1346 1176 eloquia
1398 1108 1540 1160 inter
1570 1105 1733 1159 alter—

172 1221 335 1266 utrum
353 1207 571 1264 salubre
592 1205 851 1262 deliberat
878 1203 1149 1258 seuteucia
1173 1218 1188 1256 :
1214 1209 1471 1269 quatenus
1499 1198 1599 1252 sub
1627 1197 1738 1252 Deo

174 1306 220 1358 in
242 1316 361 1371 rege
403 1307 586 1354 manet
631 1304 869 1367 potestas
918 1294 1187 1363 quomodo
1230 1298 1423 1347 cuncta
1478 1289 1734 1345 te:ribilia

173 1396 385 1449 debeant
422 1392 710 1446 ordenare.
744 1385 950 1460 [Igitur]
996 1401 1115 1441 cum
1166 1400 1265 1439 nus
1294 1386 1345 1477 in
1377 1383 1470 1438 Dei
1503 1396 1736 1436 nomeue

173 1484 319 1538 Duria
346 1483 467 1536 villa
505 1482 561 1536 in
596 1479 808 1533 Palacio
835 1486 1020 1532 nostro
1047 1478 1111 1529 ad
1145 1478 1515 1530 universorum
1546 1490 1735 1529 causas

174 1574 505 1633 audiendum,
551 1570 637 1625 vel
680 1579 826 1625 recta
863 1568 1063 1637 judicia
1094 1568 1495 1623 tertnenandum
1525 1568 1737 1622 resede-

175 1668 344 1729 rirnus,
388 1665 571 1733 ibique
611 1662 832 1716 veniens
876 1662 1200 1729 apostolicus
1247 1661 1298 1714 in
1338 1658 1551 1714 Christo
1580 1659 1736 1714 Pater

178 1756 576 1812 llerchenradus
605 1754 890 1822 episcopos
914 1753 1061 1807 orbis
1094 1752 1323 1806 Parisius
1348 1752 1565 1805 civitate
1594 1765 1735 1820 pou-

178 1850 288 1904 tiles
330 1847 556 1902 Fulmlo
599 1849 789 1900 abbate
835 1845 1250 1913 interpellabat;
1297 1841 1560 1909 repetibat
1599 1848 1648 1898 ei
1675 1857 1741 1896 co

176 1943 302 2010 quod
332 1940 428 2009 ipsi
464 1938 700 1994 l’tacicio
726 1934 1098 2002 monasthirio,
1143 1936 1231 2005 qui
1277 1947 1361 1990 est
1404 1942 1741 1990 constructus

177 2034 442 2087 iubouore
487 2038 709 2085 sanctre'
745 2029 942 2095 Mariae,
993 2037 1050 2083 et
1100 2026 1270 2081 sancti
1321 2025 1483 2090 Petri,
1529 2024 1580 2079 in
1610 2038 1743 2093 pago

186 2122 530 2185 Piuciacense,
563 2134 720 2189 quem
757 2118 992 2173 Francos
1022 2118 1180 2171 homo
1205 2117 1422 2171 nomine
1446 2114 1743 2170 Aderahlus

185 2216 243 2270 ad
268 2231 383 2270 casa
405 2214 581 2268 sancti
613 2212 815 2279 Marias,
868 2222 922 2267 et
971 2210 1145 2288 sancti
1180 2208 1433 2278 Stephani
1468 2216 1532 2292 et
1572 2206 1743 2261 sancti

181 2306 411 2360 Germani
440 2320 538 2376 per
595 2300 752 2357 suum
804 2312 1162 2357 strumentum
1204 2298 1569 2364 condonavit,
1627 2299 1742 2368 ipse

184 2401 423 2456 Folradus
449 2400 585 2454 abba
611 2398 677 2453 ad
706 2406 857 2467 parte
880 2399 1047 2451 sancti
1083 2395 1315 2466 Dionysii
1343 2403 1465 2464 post
1497 2408 1554 2448 se
1578 2392 1743 2449 teniat

184 2492 309 2544 malo
326 2490 511 2544 ordine
541 2489 737 2558 injuste
762 2505 774 2540 :
805 2487 896 2541 sed
925 2486 1039 2556 ipse
1070 2484 1328 2540 Folradus
1354 2484 1486 2537 abba
1512 2484 1578 2538 de
1607 2496 1740 2551 prae-

184 2590 324 2635 sente
345 2580 604 2643 adstabat,
653 2588 710 2634 et
749 2575 928 2631 taliter
967 2576 1115 2630 dedit
1165 2576 1217 2630 in
1268 2574 1567 2643 reSpuusis,
1595 2571 1739 2642 quod

184 2671 299 2742 ipso
340 2670 563 2727 Placicio
612 2668 966 2723 mouasthirio
1011 2679 1130 2736 post
1177 2682 1237 2721 se
1272 2666 1337 2719 ad
1380 2676 1528 2734 parte
1566 2662 1741 2719 sancti

187 2761 394 2817 Dionisii
409 2776 688 2830 numquam
716 2760 942 2815 reteniat
965 2760 1106 2813 nian
1126 2757 1312 2813 ordine
1343 2758 1536 2826 injuste
1560 2770 1655 2825 pro
1677 2769 1743 2810 eo

187 2852 324 2921 quod
367 2852 497 2907 dixit
533 2852 771 2908 Francus
819 2851 1002 2917 homo,
1055 2850 1270 2905 nomine
1298 2848 1595 2917 Hagadeus,
1627 2848 1744 2915 ipso

192 2944 526 3000 meriastbirio
569 2944 797 3001 Placieio
824 2944 891 2998 ad
920 2942 1272 2997 monasthirio
1313 2942 1481 2997 sancti
1515 2940 1741 2996 Dionisii

194 3051 377 3090 manus
420 3036 750 3105 potestativas
788 3050 883 3105 per
925 3049 1078 3089 suum
1124 3043 1477 3089 stramentum
1538 3031 1739 3087 condo-

197 3139 400 3193 nasset;
429 3140 482 3186 et
507 3146 603 3200 per
626 3131 730 3200 ipsa
772 3129 1056 3185 traditione
1083 3130 1196 3198 plus
1222 3128 1447 3197 obtingit
1470 3128 1597 3197 ipsa;
1627 3141 1742 3180 mo—
1765 3109 1814 3173 C

192 3220 461 3275 nasthirtus
484 3220 736 3275 Placicius
759 3221 972 3276 adcasa
997 3221 1167 3275 sancti
1199 3220 1419 3275 Dionisii
1448 3219 1741 3286 adhaerere,

187 3326 334 3377 quam
370 3312 533 3378 ipsius
562 3312 945 3367 llerchenrado
985 3313 1239 3379 episcopo
1267 3312 1331 3366 ad
1364 3321 1513 3379 parte
1539 3322 1743 3366 sancta)

190 3400 348 3455 Maria:
374 3410 425 3455 et
454 3404 625 3457 sancti
670 3402 926 3473 Stephani
958 3412 1012 3457 et
1041 3404 1210 3457 sancti
1252 3401 1504 3457 Germani
1549 3401 1742 3457 adretl-

197 3491 326 3545 dere.
357 3493 498 3548 Unde
539 3501 595 3547 et
637 3495 750 3564 ipsa
787 3503 1117 3549 estrumenta
1149 3510 1259 3564 pne
1287 3494 1529 3549 manibus
1559 3509 1616 3549 se
1646 3493 1741 3548 ha-

199 3582 298 3638 bire
327 3586 617 3653 adlirmant,
647 3596 701 3642 et
727 3587 870 3656 ipsas
897 3588 948 3642 in
982 3589 1269 3656 pra-scn'cia
1302 3599 1479 3642 nostra
1502 3589 1744 3658 protule-

193 3684 302 3728 runt
319 3677 667 3733 recensendas
709 3670 868 3733 etiam
897 3688 954 3733 et
982 3680 1048 3734 de
1079 3679 1178 3733 hac
1204 3692 1365 3733 causa
1394 3680 1460 3734 ab
1490 3689 1745 3750 utrasque

188 3776 346 3834 partes
371 3768 443 3824 ibi
470 3779 619 3826 certa
644 3772 1014 3841 cognovimus,
1066 3781 1119 3826 et
1160 3770 1224 3823 ad
1273 3769 1448 3825 divina
1494 3770 1743 3840 mysteria

182 3859 359 3916 Christi
404 3864 774 3919 misericordia
822 3865 1164 3932 conspirante
1210 3865 1371 3930 (sicut
1412 3864 1567 3933 longa
1610 3878 1742 3918 con-

179 3954 387 4009 suetudo
438 3954 685 4023 expc-cit
711 3963 767 4010 et
812 3954 926 4024 ipse
956 3953 1306 4022 voiumptarie
1333 3955 1744 4023 consenserunt)

172 4042 419 4112 iubemus
452 4060 706 4100 cmanare
742 4044 1026 4116 judicium,
1077 4055 1133 4099 ιιι
1160 4045 1286 4098 dum
1321 4058 1414 4114 per
1441 4044 1570 4113 ip~is
1598 4055 1743 4099 stru-

178 4138 356 4193 mentis
383 4140 457 4193 de
487 4148 738 4208 utrasque
770 4141 933 4209 partis
960 4147 1230 4194 certamen
1268 4155 1371 4193 non
1414 4139 1739 4208 declaratur,

176 4237 230 4284 ut
250 4240 393 4286 recto
424 4230 679 4287 thramite
705 4231 770 4286 ad
798 4232 889 4287 Dei
932 4231 1188 4302 judicium
1219 4232 1285 4287 ad
1313 4247 1527 4288 crucem
1555 4248 1742 4289 eorum

176 4319 450 4390 bomenes,
481 4322 564 4378 his
592 4324 894 4379 nominibus
944 4325 1248 4380 Aderamno
1287 4326 1354 4380 de
1397 4336 1547 4396 parte
1573 4327 1742 4382 sancti

174 4409 383 4468 Dionisii
440 4413 524 4468 vel
576 4412 807 4469 Folrado
852 4415 1064 4479 abbate,
1115 4426 1168 4469 et
1216 4415 1433 4471 Corello
1478 4418 1545 4471 de
1596 4427 1743 4485 parte

170 4514 360 4558 sancta:
389 4502 571 4560 Maria)
614 4503 701 4560 vel
738 4505 908 4560 sancti
934 4504 1190 4575 Stephani
1217 4516 1270 4563 et
1296 4509 1464 4562 sancti
1492 4508 1744 4563 Germani

169 4595 245 4648 vel
290 4595 673 4653 llerchenrado
721 4598 992 4668 episcopo,
1030 4600 1180 4655 exire
1208 4600 1381 4669 adque
1404 4610 1549 4656 stare
1578 4601 1749 4657 debe-

167 4687 289 4743 rim.
315 4691 470 4756 Quod
498 4690 568 4744 ita
598 4699 653 4747 et
682 4691 734 4746 in
763 4692 968 4760 capelia
997 4702 1198 4759 nostra,
1228 4694 1559 4748 rccensenda
1584 4694 1744 4749 inissa

296 4825 565 4881 Eximinm
596 4837 676 4881 est
706 4827 812 4882 hoc
840 4828 1112 4897 placitum,
1163 4831 1459 4895 prmsertim
1493 4830 1562 4884 ob
1592 4847 1741 4887 men-

166 4896 360 4950 tionem
387 4898 458 4950 de
483 4898 793 4962 probatione
817 4896 1011 4953 crucis.
1042 4898 1145 4954 Res
1166 4902 1243 4954 sic
1270 4901 1540 4968 agebatur.
1571 4901 1743 4956 Missa:

164 4974 431 5032 tempore,
479 4969 592 5023 sive
641 4970 764 5022 dum
816 4969 1013 5023 Psalmi
1049 4971 1326 5035 eratioque
1354 4971 1623 5026 Dominica
1657 4988 1743 5026 re-

164 5036 486 5099 citarentur,
542 5037 785 5091 homines
835 5039 939 5092 duo
991 5041 1236 5094 conducti
1284 5040 1346 5094 ad
1390 5056 1600 5095 crucem
1632 5052 1743 5097 sla-

166 5105 295 5177 bant
347 5106 581 5161 brachiis
631 5108 902 5169 exuansis.
956 5111 1055 5174 Qui
1102 5111 1245 5177 prior
1303 5111 1471 5167 lassos
1529 5111 1740 5167 brachia

166 5176 529 5252 deposuisset,
555 5186 645 5252 aut
678 5179 956 5252 titubantia
986 5176 1277 5245 habuisset,
1308 5180 1424 5250 ejus
1453 5197 1577 5252 pars
1605 5184 1740 5239 vieta

164 5246 505 5319 censebatur.
555 5248 1045 5319 Egregiumcjusce
1075 5253 1207 5306 ritus
1235 5246 1537 5319 exemplum
1567 5263 1742 5310 exstat

163 5314 217 5368 in
251 5314 418 5371 Italia:
444 5314 621 5372 sacrae
648 5314 791 5372 tonio
824 5314 1026 5384 V,'col.
1056 5318 1116 5373 6|
1137 5319 1181 5375 Ι.
1215 5321 1328 5377 Alia
1362 5314 1486 5377 item
1516 5329 1741 5379 consule

164 5384 217 5457 in
265 5386 544 5440 Glossario
589 5388 855 5457 Cangiano
904 5391 968 5443 ad
1017 5406 1201 5445 vocem
1251 5392 1447 5447 Crucir.
1501 5393 1735 5450 Observa

165 5454 389 5531 insuper
429 5454 789 5531 exhocloco,
838 5470 1078 5525 tennore
1118 5463 1293 5517 Caroli
1337 5463 1508 5531 Magni
1552 5466 1737 5519 Eccle-

164 5525 325 5602 sia-in
355 5527 698 5602 ParisiacamA
731 5541 923 5597 praeter
952 5534 1035 5602 κδ.
1093 5525 1448 5599 81θρΙιιιιιιιιιῖ
1481 5544 1737 5602 patronos

161 5593 419 5671 habuisse
461 5599 522 5652 S.
574 5593 789 5671 Mariam
839 5610 891 5656 et
934 5601 991 5656 S.
1026 5593 1375 5671 Germanum,
1407 5593 1545 5659 haud
1575 5605 1736 5663 dubie

165 5662 494 5739 Parisiorum
542 5670 867 5739 antistitem,
925 5673 1012 5739 qui
1060 5682 1180 5739 post
1222 5662 1518 5728 solemnem
1573 5662 1737 5739 ipsius

165 5694 188 5718 ι
210 5694 494 5721 allaturum
542 5694 832 5724 antistitem
852 5711 867 5735 ,
925 5694 1012 5739 qm
1060 5694 1180 5739 ptiSl
1222 5694 1518 5728 sutetttltcm
1574 5694 1584 5727 I
1609 5694 1733 5731 )Sttts

165 5736 412 5806 corporis
440 5754 471 5794 e
501 5738 705 5794 tumulo
744 5742 1139 5798 translationem
1172 5742 1312 5798 inter
1341 5745 1454 5814 ejus
1482 5694 1733 5803 Eccicsia:

473 304 699 363 CODEX
740 302 1263 360 θιιιιῡιιιτιευδ.
1301 333 1373 345 -
1413 298 1741 355 PRIYILEGI

1859 327 1925 338 --
1955 298 2003 353 l.
2039 300 2285 357 PRIVIL.
2331 301 2463 357 PER
2505 303 2775 359 GA'LLLE
2821 306 3105 363 PARTES.

1774 4469 1825 4531 D

3301 307 3403 366 946

1758 413 1811 472 Α
1841 410 2105 468 llarnaldu
2128 417 2455 489 presbytero,
2480 419 2575 474 visi
2591 419 2801 475 {uerum
2819 425 3065 480 stetisse:
3091 434 3144 479 ct
3166 439 3227 479 ca
3252 424 3404 492 hora,

1837 515 2147 574 protegente
2191 507 2371 563 divina
2419 510 2646 567 dextera
2697 512 2788 567 Dei
2816 556 2851 591 ,.
2889 515 3029 570 Deus
3070 518 3406 587 omnipatens

1835 608 1989 647 sutnn
2040 596 2238 665 justum
2282 600 2538 668 judicium
2588 603 2899 671 declaravit,
2931 616 2986 662 ut
3021 610 3179 663 homo
3208 625 3409 665 memo-

1836 693 1952 738 rato
1996 685 2371 744 llerchenrado
2418 693 2708 763 episcopo,
2756 699 2973 753 nomine
3018 699 3294 768 Corellus,
3346 702 3414 755 ad

1834 776 1951 841 ipso
1984 777 2076 832 Dei
2099 778 2355 846 judicium
2402 783 2468 837 ad
2514 785 2622 854 ipsa
2651 800 2867 861 crucem
2902 789 3177 858 trephidns
3199 800 3253 845 et
3276 806 3412 847 con-

1836 870 2005 923 victus
2039 873 2243 940 aparuit
2274 891 2289 928 :
2319 884 2375 929 et
2407 884 2530 930 tunc
2581 879 2694 947 ipse
2745 879 3155 938 llerchenradus
3203 881 3413 951 episco-

1837 974 1936 1028 pus
1983 962 2035 1015 in
2086 964 2371 1033 przcscntia
2420 978 2599 1022 nostra
2649 970 2729 1024 vel
2780 987 3058 1047 procerum
3104 984 3406 1032 nostrorum

1835 1051 1938 1105 sibi
1991 1055 2308 1123 recognovit
2358 1056 2439 1111 vel
2490 1060 2777 1121 rcsededit.
2822 1063 2963 1129 quod
3005 1080 3104 1120 nec
3134 1065 3271 1134 ipse,
3313 1082 3413 1123 nec

1842 1158 1961 1213 pars
1989 1146 2231 1200 eccle-ire
2254 1162 2366 1202 suae
2390 1162 2588 1206 sanctae
2615 1152 2815 1219 Mariae,
2848 1159 2930 1211 vel
2957 1158 3126 1231 sancti
3156 1158 3415 1229 Stephani

1836 1252 1930 1293 seu
1945 1239 2111 1294 sancti
2127 1240 2375 1317 Germani
2393 1244 2599 1309 nullum
2616 1247 2836 1301 drictuin
2858 1250 3143 1318 habebant,
3161 1268 3257 1321 per
3268 1254 3412 1322 quod

1840 1329 1955 1398 ipso
2007 1329 2238 1388 Placicio
2288 1334 2654 1408 monasthyrio
2699 1337 2897 1394 habere
2938 1341 3253 1407 potuissent.
3285 1345 3414 1398 Pro-

1839 1421 1960 1475 intle
1988 1436 2085 1476 nos
2116 1423 2290 1479 taliter
2320 1440 2420 1479 una
2459 1440 2580 1481 cum
2633 1429 2875 1484 ﬁdelibus
2926 1435 3152 1499 nostris,
3204 1435 3255 1489 id
3288 1446 3417 1490 sunt

1836 1513 2161 1582 Gliarrardo,
2207 1515 2511 1585 Bernardo,
2562 1521 2813 1586 Radnll’o.
2867 1525 3171 1594 llilderado,
3220 1528 3417 1584 Erme-

1837 1608 2015 1674 naldo,
2061 1608 2354 1674 Hebroino.
2400 1612 2768 1680 Thendoafdo,
2801 1619 3061 1691 Agmone,
3092 1621 3417 1686 comitibus;

1842 1699 2141 1764 llaltberto,
2166 1700 2508 1769 Laumberto,
2527 1705 2838 1773 llazrterico,
2871 1718 2925 1763 et
2950 1709 3204 1764 Ansclmo
3223 1712 3423 1766 comite

1768 1765 1814 1824 Β
1848 1792 2047 1859 palacio
2088 1804 2295 1860 nostro,
2328 1796 2410 1849 vel
2442 1798 2664 1866 relLQuis
2708 1800 3039 1871 qnamplnris
3079 1802 3178 1857 visi
3228 1802 3431 1867 fuimus,

1839 1883 2126 1953 judicasse,
2167 1898 2223 1941 ut
2253 1888 2378 1942 dum
2410 1889 2525 1958 ipse
2556 1903 2885 1947 memoratus
2912 1894 3073 1959 homo
3101 1895 3268 1952 sancti
3299 1895 3422 1950 Dio-

1843 1977 1964 2032 nisii
1996 1980 2075 2033 vel
2110 1979 2338 2036 Folrado
2368 1982 2585 2047 abbate,
2625 1984 2843 2040 nomine
2893 1972 3275 2055 Adelramnus,
3313 1988 3423 2056 iam

1842 2067 1986 2125 dicto
2027 2068 2244 2126 homine
2283 2072 2455 2128 sancti
2502 2073 2703 2140 Maria‘,
2734 2076 2817 2129 vel
2844 2078 3014 2131 sancti
3043 2078 3298 2145 Stephani
3328 2095 3426 2135 sco

1842 2159 2010 2214 sancti
2032 2158 2308 2228 Germani,
2330 2176 2535 2218 necnon
2559 2173 2614 2218 et
2629 2164 3008 2220 llerchenrado
3027 2167 3306 2235 episcopo,
3327 2183 3430 2222 no-

1845 2251 1990 2306 mine
2010 2248 2246 2320 Corello,
2272 2252 2340 2307 ad
2372 2255 2489 2319 ipso
2519 2253 2611 2309 Dci
2654 2254 2859 2324 judicio
2884 2258 2955 2311 ad
2972 2272 3187 2312 crucem
3220 2259 3422 2314 ibidem

1841 2340 2106 2417 convicuit
2126 2358 2141 2406 ;
2158 2350 2225 2399 .et
2253 2342 2365 2414 ipse
2387 2343 2630 2400 Corellus
2662 2345 2856 2405 ibidem
2877 2346 2944 2401 ad
2971 2350 3087 2417 ipso
3109 2349 3198 2411 Dei
3213 2349 3421 2419 judicio

1844 2433 2080 2500 trepidus
2105 2441 2157 2488 et
2178 2435 2451 2489 convictus
2484 2437 2690 2501 aparuit
2720 2446 3038 2507 :propterea
3073 2439 3343 2507 jobemus,
3369 2451 3427 2494 nt

1841 2521 1966 2578 dum
1983 2522 2077 2577 bac
2090 2508 2253 2581 causa
2270 2526 2346 2580 sic
2367 2536 2483 2581 acta
2501 2528 2580 2581 Vel
2603 2537 2900 2597 perpetrata
2917 2544 3033 2583 esse
3054 2531 3424 2599 cognovimus,

1844 2623 1901 2668 ut
1922 2624 2247 2670 memoratus
2279 2616 2694 2697 Fulradusabba
2725 2630 3021 2676 memorato
3054 2621 3282 2677 Placieio
3309 2636 3428 2676 mo~

1844 2707 2117 2778 nasthyrio
2164 2723 2268 2762 una
2313 2723 2435 2765 cum
2488 2712 2599 2787 suis
2655 2712 2990 2781 apeudiciis,
3042 2715 3125 2769 vel
3174 2714 3429 2784 quicquid

1844 2798 2041 2854 ibidem
2095 2810 2382 2868 perteuere
2444 2803 2686 2868 videtur;
2752 2805 2802 2861 in
2855 2816 3041 2861 contra
3088 2821 3231 2877 saepe
3283 2808 3430 2862 dicto

1845 2889 2232 2948 llerchenrado.
2272 2895 2546 2964 cpiscopo,
2575 2898 2659 2952 vel
2687 2898 2930 2954 ecclesiae
2967 2916 3079 2956 sua:
3118 2902 3290 2956 sancti
3321 2901 3432 2955 Ma-

1843 2980 1989 3051 riam.
2010 2981 2091 3038 vel
2140 2983 2313 3040 sancti
2356 2986 2620 3054 Stephani
2645 2997 2699 3043 ct
2728 2991 2896 3044 sancti
2930 2989 3184 3046 Germani
3211 2995 3429 3062 suisque

1844 3075 2246 3130 successoribus
2275 3076 2341 3132 ad
2374 3087 2527 3146 parte
2574 3081 2743 3135 sancti
2793 3080 3013 3137 Dienisii
3046 3083 3431 3154 munasthyrize

1845 3181 1958 3220 sua:
2000 3166 2124 3236 jure
2177 3167 2557 3241 ﬁrmissemum
2615 3172 2796 3228 babiat
2845 3175 3206 3229 evindicatum
3251 3178 3428 3245 adque

1844 3256 2141 3324 elidiatum,
2176 3269 2232 3315 et
2276 3259 2513 3316 sitinter
2557 3261 2688 3332 ipsis
2732 3263 2786 3319 in
2835 3266 3182 3335 postmodttm'
3224 3268 3428 3338 absque

1847 3350 1951 3406 ulla
1999 3352 2327 3422 repeticione
2377 3353 2759 3410 llerchenrado
2813 3357 3067 3427 episcopo
3109 3359 3192 3413 vel
3218 3372 3429 3416 sum

1844 3442 2056 3497 scribus
2080 3445 2194 3498 suis
2218 3458 2484 3515 omneque
2516 3456 2758 3516 tempore
2784 3448 2959 3503 subita
2982 3449 3157 3519 adque
3183 3449 3423 3516 deﬁnita,

1844 3546 1938 3588 seu
1969 3541 2024 3589 et
2047 3532 2250 3590 indulta
2277 3536 2516 3590 causatio
2542 3544 2590 3590 ο.
2966 3608 2972 3613 ο

1918 3626 2321 3699 Thcudegarius
2346 3629 2660 3705 recognovit
2685 3638 2740 3687 et
2764 3632 3080 3702 subscripsit

1917 3715 2106 3772 Datum
2137 3718 2323 3787 quinto
2348 3718 2615 3777 Kalendas
2649 3722 2911 3792 Augustas
2943 3723 2997 3778 in
3026 3738 3168 3778 anno
3196 3726 3427 3794 septimo

1846 3810 1995 3879 regni
2048 3810 2217 3865 nostri
2260 3810 2419 3865 Duria
2463 3812 2674 3867 villain
2718 3812 2928 3867 Palacio
2969 3814 3179 3883 publico
3228 3816 3283 3870 in
3332 3816 3427 3872 Dei

1844 3902 2062 3958 nomine
2090 3900 2334 3959 feliciter.
2366 3906 2557 3960 Amen.

2508 3994 2694 4050 XXVI.

1845 4083 2167 4153 Prwceplum
2214 4084 2390 4141 Caroli
2420 4086 2599 4152 Ματιηὸ
2646 4089 2881 4158 qmedam
2937 4091 3133 4156 prmdia
3177 4091 3431 4146 donantis

2124 4160 2428 4213 monasterio
2452 4160 2514 4214 S.
2550 4159 2782 4229 Dionysii
2807 4160 2967 4230 (anno
2990 4161 3141 4229 Πὸ).

2151 4248 2244 4311 (Ex
2273 4248 2329 4298 D.
2352 4249 2594 4312 Bouqnet,
2622 4249 2827 4301 Recuet'lr
2848 4250 2935 4302 de:
2960 4250 3111 4315 Hist.)

1911 4328 2139 4385 Carolus
2158 4331 2331 4400 gratia
2352 4331 2446 4386 Dei
2483 4346 2573 4386 rex
2608 4331 2938 4389 Fianeorum
2957 4344 3013 4391 et
3034 4335 3435 4409 Longobardm

1845 4438 1986 4488 rum.
2023 4438 2123 4480 nec
2152 4438 2257 4478 non
2288 4425 2543 4494 patricius
2568 4424 2959 4485 Roniauorum.
2982 4428 3243 4500 Quicquid
3278 4430 3421 4485 enim

1848 4517 1913 4570 ad
1937 4516 2051 4571 loca
2072 4522 2377 4571 sanctorum
2395 4518 2776 4573 venerabiliutn
2806 4519 2877 4575 ob
2904 4534 3143 4576 amorem
3172 4522 3263 4577 Del
3291 4537 3421 4576 cou-

1847 4606 2085 4662 cedimus
2129 4608 2214 4663 vel
2244 4607 2646 4675 confirmamus,
2676 4610 2779 4664 hoc
2827 4610 2985 4666 nobis
3012 4611 3078 4665 ad
3112 4612 3421 4675 mercedem

1846 4700 1931 4754 vel
1969 4698 2315 4767 stabilitatem
2356 4699 2506 4771 regni
2539 4702 2708 4755 nostri
2758 4701 3030 4769 pertinere
3076 4701 3416 4759 conﬁdimus.

1846 4846 2102 4905 patronos
2150 4834 2392 4888 adiectus
2439 4844 2543 4890 est.
2597 4835 2738 4892 Idem
2786 4837 2975 4905 legitur
3001 4836 3056 4891 in
3083 4837 3267 4893 charta
3298 4840 3417 4894 Ste-

1847 4904 2006 4977 phani
2064 4906 2276 4977 comitis
2321 4919 2418 4977 pro
2473 4904 2702 4963 luchado
2751 4904 3028 4977 episcopo,
3078 4911 3178 4963 sub
3225 4910 3419 4965 Carolo

1847 4976 2039 5044 Magno
2103 4975 2242 5042 apud
2301 4976 2472 5029 virum
2527 4977 2600 5032 cl.
2657 4975 2986 5043 Stephanum
3037 4977 3307 5034 Baluzium
3364 4983 3418 5036 in

1846 5043 1988 5101 notis
2013 5045 2077 5099 ad
2127 5043 2450 5115 Capitularia
2482 5048 2592 5102 col.
2643 5046 2800 5103 1061.
2849 5045 3157 5114 Placicium,
3198 5049 3415 5115 Plaist'r,

1844 5118 1994 5191 vicus
2030 5114 2313 5191 _est__han_d__
2339 5116 2526 5191 procul
2552 5133 2588 5191 Aa
2628 5118 2797 5173 sancti
2835 5117 3089 5191 Germani
3114 5122 3324 5191 oppido
3366 5114 3418 5175 in

1844 5188 1981 5259 silva
2028 5185 2215 5259 Ledia.
2256 5185 2390 5242 Vide
2436 5188 2708 5259 Dubletum
2754 5201 2874 5259 pag.
2920 5190 3048 5259 713.
3090 5185 3295 5246 omissa
3338 5202 3423 5246 est

1790 5293 1800 5301 ι
1845 5258 1932 5331 hic
1967 5271 1999 5311 a
2046 5256 2256 5331 notario
2287 5258 2591 5331 nota_regul
2620 5256 3032 5331 Langob'ardici,
3059 5262 3151 5331 qui
3177 5261 3416 5317 deicetus

1843 5327 2126 5402 aliquando
2150 5367 2169 5392 ,
2230 5326 2440 5402 tametsi
2492 5330 2704 5402 rarius,
2740 5326 3018 5386 'occurrit.
3066 5326 3250 5402 Neque
3289 5334 3419 5389 illud

1842 5398 2195 5451 omittendum
2228 5437 2242 5460 ,
2307 5398 2444 5450 duos
2501 5400 2709 5454 admitti
2771 5412 3022 5466 Oportere
3079 5398 3416 5458 Ercanrados

1842 5470 2122 5537 episcOpos
2184 5467 2559 5535 Parisienscs,
2618 5484 2721 5524 non
2779 5473 3041 5535 unicum,
3104 5482 3160 5527 ut
3210 5473 3261 5527 iu
3326 5473 3415 5529 fu-

1848 5539 1977 5593 siori
2030 5538 2199 5612 Gallia
2248 5537 2549 5612 Gbristiana
2589 5558 2603 5594 :
2647 5555 2839 5609 nempe
2892 5556 3055 5599 unum
3110 5543 3414 5612 seniorem,

1843 5618 2109 5680 regnante
2132 5606 2325 5661 Carolo
2344 5607 2557 5680 Magno.
2592 5612 2692 5664 hoc
2729 5606 2785 5666 in
2821 5613 3108 5680 diplomata
3146 5606 3417 5671 memora-'-

1843 5676 2003 5743 tnui;
2064 5677 2286 5733 alterum
2339 5676 2608 5748 iuniorem
2661 5682 2762 5737 sub
2819 5676 3012 5738 Carolo
3069 5683 3232 5740 Calvo
3291 5695 3414 5740 ante

1844 5750 2089 5805 A‘incaln.
