3964 6344
509 317 614 371 9η

1372 315 1431 378 Β.
1473 314 1718 370 CMiOLI
1767 312 1980 369 MAGNI
2021 314 2171 370 ΟΡΡ.
2215 315 2387 372 PARS
2427 315 2466 385 I,
2508 315 2750 371 SECTIO
2789 315 2850 373 II.

3691 322 3789 382 9&8

506 434 735 502 Ideoque
757 441 938 486 nomm
970 431 1038 485 sit
1065 429 1302 484 omnium
1337 429 1572 484 ﬁdelium
1605 438 1907 483 nostrorum
1939 443 2083 499 mag-
2111 433 2160 492 Α
2188 429 2353 490 Deum
2371 430 2678 503 timentibus
2708 430 3014 505 hominibus
3059 431 3255 495 ibidem
3283 435 3618 505 delegatum
3675 437 3788 505 fuit,

513 522 760 589 nitudini,
795 523 1032 592 qualiter
1085 532 1304 592 propter
1333 536 1523 576 nomen
1557 521 1786 597 Domini,
1818 530 1871 575 et
1899 522 2088 591 animm

515 625 717 672 nostra:
745 616 995 681 salutem,
1024 631 1089 669 eo
1128 615 1266 684 quod
1299 617 1492 668 mercis
1521 623 1700 667 nostra
1731 615 1782 668 in
1831 622 2087 668 :etcrnum

513 717 843 773 permaneat,
896 708 1157 762 donamus
1186 706 1250 760 ad
1282 721 1406 760 casa
1462 707 1520 761 S.
1555 705 1790 777 Dionysii
1839 716 1889 760 et
1920 706 2086 760 sancti

515 800 734 866 Privati,
768 800 855 856 ubi
877 799 978 868 ipsi
1012 797 1233 869 pretiosi
1263 813 1489 869 corpore
1513 799 1874 868 requiescunt,
1900 797 2090 851 Eadal-

514 892 632 965 lago
663 903 715 947 et
735 892 930 948 Salona
990 891 1041 946 in
1099 905 1233 961 pago
1280 889 1566 955 Salmiuse,
1617 906 1704 945 res
1752 888 2090 962 proprietatis

513 998 650 1038 mea:
688 983 741 1036 iu
792 980 1102 1050 Wastingas
1146 996 1280 1052 quas
1335 980 1660 1036 Adalbaldus
1699 979 1938 1052 genitore
1969 992 2090 1032 meo

515 1073 752 1138 tradidit,
781 1082 1148 1143 quantumque
1173 1073 1240 1129 ad
1275 1072 1391 1141 ipso
1437 1073 1552 1126 loco
1580 1072 1820 1140 aspicere
1847 1069 2088 1133 videtur;

512 1165 768 1219 similiter
819 1165 942 1218 illus
989 1178 1206 1218 mansus
1236 1177 1369 1234 quos
1417 1161 1623 1230 genitor
1654 1173 1834 1216 n05ter
1864 1151 2094 1227 Fulrado

514 1253 886 1319 beneﬁciavit;
920 1253 1228 1309 Inﬁlicinnis
1257 1265 1443 1324 curta),
1474 1260 1529 1306 et
1565 1251 1649 1306 illa
1679 1259 1821 1312 terra
1870 1259 1923 1306 et
1939 1250 2090 1320 sylva

519 1349 587 1403 de
618 1360 724 1401 uno
781 1359 968 1400 mauso
998 1345 1280 1400 Abduxito
1311 1363 1325 1411 ',
1385 1343 1634 1400 similiter
1660 1342 1766 1396 alio
1798 1355 1983 1396 manso
2036 1340 2088 1394 in

516 1439 814 1508 Ermerago
836 1438 987 1506 villa,
1011 1447 1065 1493 et
1095 1437 1187 1492 illo
1218 1451 1407 1492 manso
1449 1435 1515 1491 ad
1566 1435 1859 1505 Almingas,
1891 1444 1944 1489 et
1973 1432 2092 1489 illos

516 1543 734 1585 mansos
758 1529 824 1586 ad
850 1529 1142 1595 Carisiaco,
1173 1538 1656 1599 quantumcumque
1683 1525 1746 1602 ad
1773 1526 1916 1595 ipsus
1943 1537 2090 1584 man-

408 1632 433 1659 ‘-
512 1637 604 1689 ses
627 1622 868 1691 aspicere
891 1620 1120 1684 videtur,
1148 1619 1506 1688 donatumque
1537 1617 1590 1672 in
1626 1623 1938 1686 perpetuum
1967 1627 2092 1668 esse

512 1713 657 1780 γοιο,
681 1713 735 1768 id
762 1721 844 1768 est
859 1725 982 1768 cum
1015 1711 1196 1780 terris,
1225 1709 1496 1789 acolabus,
1528 1708 1795 1773 domibus,
1826 1704 2084 1768 mdiﬁciis,

2195 520 2394 589 integra
2447 520 2735 576 emunitate
2782 525 3200 592 concessissent,
3278 526 3564 583 utnullus
3635 528 3788 598 inlex

2195 612 2440 681 publicus
2473 611 2526 666 in
2558 614 2694 667 villis
2730 615 2812 667 vel
2842 616 3004 669 rebus
3031 616 3195 682 ipsius
3226 620 3495 673 Ecclesia:
3529 633 3674 685 sua,
3703 637 3792 677 nec

2192 701 2258 755 ad
2282 716 2472 756 causas
2513 703 2828 770 audiendas,
2874 721 2973 760 nec
3004 705 3149 760 freda
3193 710 3490 780 exigenda,
3525 727 3634 765 nec
3651 727 3791 768 mai.-

2191 793 2374 849 siones
2400 803 2729 863 aut‘paratas
2759 796 3052 864 faciendas,
3085 815 3183 860 nec
3200 801 3569 878 ﬁdeiussores
3601 805 3788 860 tollen-

2191 885 2338 951 dum.
2396 901 2495 942 nec
2547 888 2792 943 homines
2819 888 2988 958 ipsius
3042 873 3298 948 Ecclesia:
3344 895 3414 948 de
3459 895 3791 964 quibuslibet

2191 975 2368 1031 causis
2381 978 2831 1046 distringendum,
2863 994 2961 1035 nec
2977 981 3138 1036 ullam
3163 964 3595 1040 retributionem
3623 988 3787 1055 requi.

2193 1069 2437 1134 renduni,
2471 1069 2669 1146 ibidem
2727 1072 3008 1151 ingredere
3035 1089 3140 1129 non
3171 1076 3390 1131 audeat.
3423 1077 3600 1134 Unde
3629 1077 3789 1146 ipsam

2193 1161 2608 1229 praeceptionem
2659 1148 3088 1220 antecessoribus
3149 1165 3624 1242 [antecessorum,
3667 1179 3787 1243 etet

2195 1252 2393 1306 nostris
2447 1250 2557 1322 jam
2614 1251 2794 1318 dictis,
2846 1269 2942 1310 seu
2988 1267 3256 1311 eteorum
3305 1260 3787 1320 conﬁrmationem

2197 1354 2322 1398 ante
2357 1343 2530 1399 dictus
2560 1344 2696 1400 abba
2732 1346 3076 1403 Baldebertns
3113 1361 3290 1406 rector
3321 1352 3389 1408 de
3444 1355 3574 1423 ipso
3605 1371 3788 1411 mona-

2193 1435 2358 1488 sterio
2387 1436 2544 1502 nobis
2568 1437 2801 1491 ostendit
2820 1437 2886 1492 ad
2911 1440 3276 1508 relegenduiu,
3308 1453 3364 1498 et
3400 1443 3594 1511 ipsum
3627 1447 3786 1502 bene-

2195 1524 2372 1579 ﬁcium
2401 1529 2544 1580 circa
2591 1529 2814 1582 eandem
2875 1541 3222 1586 memoratam
3255 1531 3575 1588 Ecclesiam
3632 1537 3786 1605 ipsius

2195 1633 2361 1687 usque
2392 1633 2531 1698 nunc
2556 1620 2750 1675 asserit
2796 1634 2917 1684 esse
2941 1634 3340 1697 conservatum.
3400 1626 3525 1680 Sed
3559 1642 3660 1696 pro
3703 1630 3783 1682 ﬁr-

2195 1710 2392 1764 mitatis
2440 1711 2623 1785 studio
2658 1712 2821 1783 petiit
2869 1715 3240 1778 celsitudinem
3285 1698 3544 1774 noStram
3581 1729 3642 1774 ut
3689 1719 3776 1777 hoc

512 1802 736 1871 musis,
767 1801 1068 1872 mancipiis,
1125 1801 1349 1870 campis,
1397 1799 1587 1868 sylvis,
1621 1796 1804 1867 pratis,
1850 1796 2085 1870 pascuis.
2120 1798 2164 1867 Β
2193 1803 2370 1866 denuo
2393 1805 2532 1858 cii-ca
2555 1805 2726 1872 ipsum
2756 1809 3133 1862 monasterium
3180 1811 3265 1865 vel
3287 1812 3438 1880 ipsos
3493 1817 3776 1877 monachos

511 1893 715 1960 vineis,
774 1891 926 1961 aquis
974 1903 1300 1960 aquarumve
1347 1887 1675 1954 decursibus,
1723 1885 2012 1940 mobilibus
2039 1892 2094 1940 et

514 1982 901 2045 immobilibus,
935 1990 1104 2035 totum
1131 1989 1185 2035 et
1206 1979 1270 2033 ad
1299 1979 1581 2048 integrum,
1609 1975 1859 2047 quicquid
1890 1975 1955 2030 ad
1977 1974 2091 2044 ipsa

515 2073 630 2133 loca
661 2071 907 2142 superius
931 2072 1172 2140 intimata
1199 2069 1439 2140 aspicere
1457 2069 1688 2134 videtur,
1705 2056 1952 2144 partibus
1970 2079 2093 2120 san-

512 2167 582 2225 (ιιί
616 2165 851 2236 Dionysii
903 2173 958 2220 et
1007 2164 1182 2219 sancti
1232 2161 1428 2224 Privati
1476 2160 1759 2241 donamus,
1812 2158 2092 2221 tradimus,

513 2269 674 2330 atque
696 2259 746 2314 in
777 2258 1302 2333 omnibusindultnm
1327 2269 1447 2311 esse
1474 2254 1740 2308 volumus.
1774 2247 2090 2318 Pracipien-

516 2363 598 2406 tes
654 2366 783 2422 ergo
821 2349 1072 2420 iubemus
1117 2347 1374 2403 utnullus
1427 2346 1677 2416 quislibet
1728 2343 1798 2399 de
1850 2340 2094 2397 ﬁdelibus

513 2445 747 2510 nostris,
802 2461 976 2516 neque
1025 2444 1093 2500 de
1127 2441 1407 2517 iudiciaria
1464 2447 1747 2510 potestate,
1805 2434 2092 2506 praedictas

513 2553 668 2600 cauas
697 2536 815 2604 Dei,
849 2537 933 2603 vel
965 2545 1203 2592 rectores
1223 2533 1342 2601 ejus
1371 2532 1440 2586 de
1467 2531 1610 2606 ipsas
1632 2543 1719 2598 res
1747 2526 1992 2598 superius
2016 2525 2097 2607 in-

515 2638 688 2684 sertas
704 2629 1018 2698 inquietare,
1045 2640 1143 2689 nec
1167 2623 1487 2681 calumniam
1503 2607 1766 2692 generare
1791 2617 2094 2673 nullatenus

515 2729 890 2788 pra-sumatur,
927 2715 1045 2781 sed,
1078 2727 1135 2771 ut
1153 2716 1405 2781 diximus,
1436 2713 1630 2768 nostris
1659 2723 1714 2782 et
1735 2710 1925 2764 futuris
1951 2721 2087 2763 tem-

519 2793 736 2879 po°ribus
750 2793 821 2863 ad
857 2809 987 2878 ipsis
1003 2808 1132 2864 locis
1174 2803 1372 2869 sanctis
1397 2803 1643 2875 proﬁciat
1684 2802 1737 2858 in
1769 2799 2093 2872 augmentis.

513 2901 581 2954 lit
595 2900 697 2954 huc
713 2899 826 2968 hinc
838 2898 1122 2967 auctoritas
1138 2897 1340 2952 ﬁrmior
1361 2894 1637 2960 habeatur,
1651 2892 1733 2948 vel
1753 2905 1846 2962 per
1859 2901 2093 2958 tempora

515 2991 710 3046 melius
731 3001 1090 3055 conservetur,
1113 3004 1268 3044 manu
1291 2985 1508 3058 propria
1529 2985 1714 3049 subter
1727 2998 1841 3052 eam
1859 2982 2096 3059 decrevi-

515 3097 635 3150 mus
663 3082 938 3154 roborare,
964 3092 1019 3139 et
1047 3081 1114 3138 de
1142 3080 1302 3158 anulo
1326 3089 1510 3136 nostro
1549 3078 1804 3148 jussimus
1829 3077 2090 3153 sigillare.

586 3159 801 3245 Signum
831 3160 1010 3240 Karoli
1033 3158 1404 3244 gleriosissimi
1435 3169 1600 3240 regis.

587 3268 739 3322 Iiado
759 3257 826 3321 ad
852 3252 1020 3338 vicem
1048 3263 1270 3322 Hitlierii
1303 3262 1633 3334 recognovit.

589 3361 716 3414 Data
749 3361 804 3413 iu
835 3373 1017 3414 mense
1039 3358 1362 3422 Novemhro,
1394 3368 1534 3409 anno
1560 3363 1748 3409 octavo
1776 3361 1829 3409 et
1857 3351 2093 3408 secundo

515 3452 665 3522 regni
717 3453 907 3504 nostri.
954 3453 1142 3524 Actum
1173 3446 1614 3522 Theodone-villa
1645 3446 1696 3517 in
1731 3445 1823 3501 Dei
1877 3443 2096 3514 nomine

518 3542 772 3606 feliciter.
803 3543 995 3617 Amen.

842 3617 849 3624 '
1207 3631 1414 3689 xxvu.

533 3745 858 3820 Praeceptum
881 3744 1051 3816 ϐαι-θέε
1075 3744 1256 3816 Magni
1282 3762 1376 3816 pro
1400 3743 1453 3799 Μ
1461 3744 1720 3817 orbacensi
1742 3742 2073 3813 monasterio.

1000 3858 1093 3920 (Ex
1120 3827 1182 3911 D.
1205 3859 1445 3922 Bouquet,
1475 3856 1616 3918 ibid.)

591 3964 817 4031 Carolus
840 3963 1005 4038 gratia
1033 3963 1134 4034 Dei.
1168 3978 1261 4038 rex
1289 3963 1608 4042 Francorum
1635 3972 1684 4016 et
1710 3959 2094 4042 Longnhardn-

518 4070 663 4115 rum.
695 4043 978 4124 Principali
1025 4042 1238 4124 quidem
1267 4037 1562 4109 clementiae
1590 4037 1904 4106 cunctorum
1945 4050 2100 4106 decet

520 4145 930 4201 accommodare
991 4159 1171 4199 aurem
1222 4145 1526 4215 benignam,
1577 4143 1946 4212 praecipueque
2001 4155 2096 4210 pro

521 4237 841 4304 compendio
861 4236 1160 4290 animarum
1189 4251 1217 4289 a
1247 4234 1668 4304 praecedentibus
1697 4231 1909 4304 regibus
1939 4241 2094 4305 aute-

519 4327 828 4382 cessorihus
871 4328 1071 4382 nostris
1122 4326 1189 4382 ad
1232 4327 1346 4381 loca
1406 4326 1764 4382 Eeclesiarum
1808 4328 2093 4396 probamus

521 4433 643 4477 esse
669 4419 954 4499 indultum,
981 4419 1170 4480 devota
1224 4420 1482 4487 debemus
1511 4430 1692 4475 mente
1738 4417 2091 4492 perpendere,

522 4518 579 4565 et
605 4521 792 4564 cuncta
817 4510 1096 4578 beneﬁcia,
1126 4519 1184 4572 ut
1203 4525 1504 4566 mereamur
1533 4509 1596 4564 ad
1626 4509 1924 4564 mercedem
1972 4522 2101 4575 esse.
2129 4518 2173 4576 ι]
2258 4509 2264 4525 ί

524 4603 835 4671 participes,
869 4616 972 4657 non
1020 4616 1234 4672 negare,
1276 4601 1372 4656 sed
1416 4601 1795 4654 robustissimo
1833 4598 1956 4669 jure
2003 4613 2100 4667 pro

523 4695 718 4748 nostris
759 4693 989 4748 oraculis
1023 4694 1356 4747 coulirmare.
1394 4691 1553 4761 Igitur
1601 4689 1919 4744 venerabilis
1945 4688 2099 4742 Anii-

520 4802 584 4840 co
611 4786 751 4842 dnuo
777 4784 873 4841 Dei
905 4785 1068 4841 abbas
1089 4786 1157 4841 de
1186 4769 1512 4855 monasterio
1557 4783 2099 4852 Vivaria-peregrino-

521 4894 666 4944 rum,
714 4868 811 4946 qui
850 4878 1064 4946 ponitur
1105 4878 1158 4932 in
1199 4892 1335 4946 pago
1362 4877 1648 4934 Alsaseuse
1691 4891 1854 4944 super
1883 4874 2099 4929 ﬂuvium

521 4961 759 5045 Nortiae,
789 4970 879 5036 qui
901 4949 999 5025 'est
1023 4980 1360 5024 constructus
1387 4970 1437 5022 in
1467 4970 1666 5022 honore
1696 4969 1756 5024 S.
1789 4965 2099 5035 Leodegarii

523 5069 580 5122 et
601 5060 660 5115 S.
694 5059 840 5115 Petri
867 5060 1092 5130 apostoli
1122 5070 1177 5114 et
1221 5060 1276 5114 S.
1328 5053 1503 5114 Ma'riie
1529 5068 1951 5126 caeteroriinique
1978 5047 2108 5108 san-4

495 5136 754 5228 .ctorum,
785 5153 879 5225 ubi,
921 5154 1039 5221 ipse
1081 5167 1207 5228 cum
1260 5153 1412 5208 turba
1448 5151 1668 5228 plurima
1717 5151 2102 5218 monachorum

523 5226 797 5305 deservire
823 5242 1084 5308 noscitur,
1141 5226 1444 5307 clementia
1497 5226 1648 5312 regni
1680 5242 1847 5294 nostri
1880 5254 2104 5309 sugges-

525 5335 595 5404 sit
623 5349 689 5388 eo
711 5333 852 5405 quod
885 5336 1051 5404 nostri
1082 5344 1451 5407 antecessores
1478 5333 1746 5405 quondam
1790 5347 1884 5402 per
1919 5347 2105 5387 eorum

524 5410 903 5498 auvthoritates'
934 5427 1148 5485 illorum
1191 5410 1434 5480 manibus
1489 5425 1820 5492 subscriptas
1872 5423 1938 5477 de
1965 5421 2108 5481 villis

526 5516 693 5584 ipsius
718 5519 775 5573 S.
811 5518 1086 5582 Ecclesiie,
1140 5518 1282 5586 quod
1310 5517 1487 5592 [quas]
1516 5518 1578 5570 ad
1609 5533 1844 5588 praesens
1871 5517 2110 5584 posside-

527 5605 642 5670 bat,
674 5613 778 5659 tam
834 5623 897 5661 ex
939 5612 1248 5662 muneribus
1297 5610 1626 5678 principum,
1689 5624 1781 5661 seu
1815 5608 2107 5663 Eberliardi

527 5699 615 5766 qu‘i
659 5699 829 5764 ipsum
880 5703 1256 5754 monasterium
1292 5701 1343 5754 iu
1394 5717 1490 5755 sua
1531 5700 1822 5754 elemosiua
1852 5700 2107 5764 fundavit,

529 5795 689 5868 quam
734 5805 800 5855 ex
855 5792 1160 5860 pagrnsiuin
1217 5794 1482 5864 largitate,
1536 5791 1617 5850 vel
1660 5793 1800 5862 quod
1843 5791 2105 5848 inanteaa

2201 1903 2380 1948 nostra
2447 1895 2668 1950 deberet
2709 1895 3006 1952 anilioritas
3049 1903 3376 1967 generaliter
3433 1904 3772 1966 conﬁrmare.

2196 1983 2358 2053 Cujus
2391 1984 2697 2054 petitionem
2730 2002 2826 2054 pro
2855 1990 3161 2054 reverentia
3208 1991 3377 2066 ipsius
3408 1978 3569 2056 loci,
3589 2005 3648 2049 ut
3675 2013 3774 2065 meo

2135 2133 2144 2138 _
2195 2090 2408 2142 reamur
2433 2075 2499 2131 ad
2539 2077 2841 2133 mercedem
2893 2080 3114 2146 sociari,
3147 2083 3462 2151 plenissima
3508 2089 3771 2152 voluntate

2194 2165 2290 2221 visi
2324 2165 2522 2224 fuimus
2569 2168 2900 2237 praestitisse,
2934 2173 3011 2230 vel
3054 2173 3104 2225 in
3146 2177 3396 2230 omnibus
3425 2181 3769 2249 conﬁrmasse

2195 2260 2521 2339 cognoscite.
2579 2259 2964 2329 Praecipieutes
3013 2278 3145 2334 ergo
3188 2265 3444 2334 iubemus
3495 2280 3553 2324 ut
3599 2273 3767 2340 nullus

2190 2346 2354 2417 judex
2377 2348 2616 2417 publicus
2642 2350 2695 2403 iu
2729 2365 2814 2404 res
2841 2350 2925 2405 vel
2975 2353 3254 2409 facultates
3294 2355 3462 2426 ipsius
3505 2360 3763 2427 ecclesia,

2196 2451 2295 2492 nec
2315 2438 2382 2491 ad
2430 2453 2623 2494 causas
2683 2439 2999 2511 audiendas,
3054 2453 3108 2498 et
3149 2442 3297 2499 freda
3344 2447 3612 2517 exigenda,
3660 2465 3757 2504 nec

2195 2530 2498 2584 mansiones
2549 2540 2641 2586 aut
2682 2541 2895 2602 paratas
2939 2533 3237 2601 faciendis,
3299 2553 3392 2594 nec
3418 2539 3742 2607 ﬁdeiussores

2197 2621 2512 2689 tollendum,
2545 2639 2644 2679 nec
2694 2624 2938 2682 homines
2978 2625 3143 2696 ipsius
3185 2629 3410 2687 ecclesia
3453 2639 3556 2684 tam
3599 2631 3742 2698 inge-

2197 2726 2333 2781 nuos
2353 2728 2509 2788 quam
2541 2729 2747 2785 servos,
2773 2719 2860 2786 qui
2885 2733 3047 2786 super
3072 2733 3259 2778 eorum
3289 2719 3459 2792 [eius]
3483 2720 3754 2778 ωτι-πνοι

2198 2805 2350 2860 initio
2377 2822 2720 2864 comnianere
2747 2809 3014 2877 viden'ur,
3043 2811 3132 2878 qui
3174 2810 3373 2867 ibidem
3400 2812 3673 2881 aspiciunt,
3693 2813 3756 2868 de

2195 2896 2524 2966 quibuslibet
2557 2898 2746 2978 causis
2775 2900 3221 2972 distringeudum,
3247 2918 3348 2958 nec
3383 2905 3522 2958 ullas
3550 2904 3732 2960 retribu

2197 2989 2371 3044 tiones
2423 2990 2825 3059 requirendum,
2877 2994 3071 3049 ibidem
3112 2994 3399 3066 ingredere
3426 3014 3534 3052 non
3562 2999 3734 3054 debeat

2199 3080 2303 3151 Sed
2325 3083 2460 3137 sicut
2483 3083 2647 3152 ipsius
2675 3085 2986 3143 beneﬁcium
3015 3103 3044 3145 a
3070 3089 3178 3158 jam
3209 3074 3372 3145 dictis
3423 3091 3751 3146 antecessori-

2122 3151 2168 3214 (ἶ
2203 3173 2302 3226 bus
2333 3151 2528 3228 nostris
2552 3175 2834 3240 indultum,
2868 3151 3100 3253 priorum
3122 3180 3422 3252 principum
3457 3183 3749 3237 authoritate

2197 3263 2263 3318 ad
2285 3263 2393 3333 jain
2426 3264 2619 3319 dictam
2640 3267 2923 3332 ecclesiam
2962 3284 3128 3338 usque
3165 3286 3306 3338 nunc
3334 3271 3441 3326 fuit
3496 3288 3738 3328 consem-

2199 3363 2331 3420 tum,
2367 3355 2437 3408 ita
2457 3365 2512 3411 et
2541 3356 2793 3426 deinceps
2819 3373 2916 3427 per
2944 3371 3178 3415 nostram
3209 3377 3276 3416 au
3304 3364 3607 3419 ueritatem
3625 3378 3724 3433 gene-

2198 3445 2383 3508 raliter
2397 3457 2606 3502 maneat
2628 3449 3020 3505 inconvulsum.
3041 3452 3371 3521 thuidqnid
3397 3455 3611 3510 exinde
3630 3456 3737 3508 ﬁscus

2198 3545 2378 3590 nnSIer
2401 3545 2606 3603 poterat
2635 3552 2871 3608 sperare,
2925 3540 2977 3594 in
3007 3540 3171 3609 ipsius
3196 3541 3405 3598 domini
3463 3543 3744 3613 Leodcgarii

2196 3640 2250 3702 et
2279 3627 2338 3684 S.
2372 3627 2512 3683 Petri
2542 3629 2892 3688 luminaribus
2919 3633 3003 3687 vel
3035 3634 3094 3688 S.
3115 3633 3314 3700 Mariae,
3349 3651 3452 3704 pro
3495 3639 3752 3693 stabilitate

2199 3719 2350 3790 regni
2380 3721 2550 3790 posui
2579 3721 2818 3790 proﬁciat
2866 3721 2918 3802 in
2951 3735 3310 3801 augmentum.
3347 3725 3417 3781 Et
3445 3738 3510 3782 ut
3561 3729 3669 3782 hinc
3683 3743 3754 3780 δυο

2200 3812 2425 3867 thoritas
2455 3822 2561 3866 tam
2583 3815 2934 3883 prmsenlibus
2956 3831 3113 3885 quam
3142 3827 3197 3878 et
3235 3818 3428 3872 futuris
3452 3822 3756 3890 temporliiis

2199 3904 2364 3970 possit
2388 3912 2654 3972 constare,
2683 3920 2840 3959 manu
2873 3916 3052 3960 nostra
3073 3909 3253 3963 subter
3287 3911 3685 3978 roboravimus,
3712 3920 3756 3966 et

2197 3992 2398 4057 annulo
2428 4003 2612 4049 nostro
2640 3995 2874 4065 sigillare
2897 3997 3178 4067 jussimus.

2269 4084 2485 4154 Signum
2506 4083 2679 4142 Caroli
2709 4081 3074 4156 gloriosissimi
3105 4091 3266 4162 regis.

2268 4175 2578 4248 wigimidus
2603 4180 2666 4233 ad
2686 4165 2853 4234 vicem
2882 4181 3104 4237 ilitlierii
3129 4184 3452 4254 recognovit.

2272 4269 2400 4324 Data
2431 4269 2600 4337 pridie
2637 4270 2814 4326 Nonas
2844 4274 3062 4342 Aprilis,
3096 4290 3236 4329 anno
3277 4278 3516 4344 septimo
3539 4287 3595 4332 et
3620 4277 3764 4348 primo

2202 4365 2348 4434 regni
2409 4365 2600 4421 nostri.
2651 4368 2840 4447 Actum
2884 4368 3153 4433 Carisiaco
3185 4369 3380 4439 palatio
3435 4372 3680 4441 publice,
3723 4372 3766 4426 in

2203 4454 2296 4525 Dei
2320 4455 2533 4525 nomine
2555 4454 2806 4512 feliciter.
2841 4460 3032 4516 Anien.

2872 4569 3106 4626 XXVIII.

2200 4678 2519 4755 Prwceptiint
2565 4683 2740 4737 Caroli
2785 4683 2960 4752 Magni
3007 4701 3098 4753 pro
3149 4686 3453 4742 monasterio
3504 4683 3768 4742 Flavinia-

2397 4760 2400 4765 '
2649 4756 2783 4806 censi
2815 4758 2974 4824 (anno
2999 4756 3146 4824 375).

2680 4864 2771 4941 (Ex
2798 4864 2860 4913 Ι).
2892 4865 3138 4930 Bouquct,
3168 4867 3307 4930 Ibid.)

2271 4967 2493 5024 Carolus
2524 4971 2689 5043 gratia
2738 4969 2830 5032 Dei
2864 4987 2954 5024 rex
3005 4971 3328 5026 Francorum
3370 4983 3427 5028 et
3472 4972 3771 5044 Longubiir-

2202 5059 2417 5136 d‘nrum,
2466 5075 2528 5128 ac
2575 5060 2827 5126 patricius
2879 5061 3263 5129 Romanorum,
3312 5064 3390 5116 vir
3439 5062 3771 5118 inlustris.Si

2206 5147 2554 5216 petitionibus
2600 5149 2936 5206 saceidotum
2969 5145 3109 5218 qu’ud
3155 5153 3220 5205 ad
3263 5153 3558 5220 profectum
3608 5156 3772 5210 Eccle-

2204 5244 2400 5296 siarmn
2433 5243 2680 5310 pertinet,
2730 5241 2923 5304 devota
2972 5254 3151 5297 mente
3191 5252 3527 5312 pr.i.~stainus,
3557 5247 3774 5300 retribu-

2208 5344 2378 5388 turelu
2427 5334 2666 5388 omnium
2714 5335 2972 5389 bonorum
3020 5334 3202 5391 Iesum
3251 5332 3524 5390 Christum
3571 5352 3640 5392 ex
3691 5339 3778 5391 hoc

2209 5442 2304 5479 nos
2329 5425 2526 5480 habere
2553 5425 2895 5493 conﬁdimus.
2928 5426 3086 5484 Petiit
3127 5428 3498 5484 celsitudinem
3548 5440 3775 5483 nostrain

2209 5515 2528 5570 venerabilis
2556 5517 2636 5569 vir
2683 5515 2951 5571 IIanasses
2990 5516 3127 5570 abba
3176 5518 3243 5572 de
3287 5519 3619 5572 monasterio
3650 5516 3777 5586 quod

2210 5617 2432 5662 vocatur
2462 5606 2817 5675 Flaviniacus,
2852 5609 2902 5662 in
2937 5623 3070 5678 pago
3113 5609 3345 5671 Alsinsc.
3367 5608 3518 5676 quod
3549 5618 3633 5662 est
3661 5623 3780 5661 cou-

2211 5707 2471 5753 structum
2504 5699 2554 5752 in
2605 5697 2809 5754 honore
2839 5699 3047 5754 Domini
3097 5701 3266 5756 nostri
3296 5698 3421 5754 Iesu
3451 5698 3680 5762 Christi,
3710 5697 3777 5751 rel

2213 5790 2379 5846 Sancti
2409 5789 2573 5854 Petri,
2604 5790 2685 5845 vel
2735 5791 2902 5845 sancti
2954 5790 3218 5860 Pra‘ieeti,
3248 5798 3307 5846 ut
3331 5805 3487 5846 omne
3517 5788 3777 5846 teloneuui
