3964 6344
180 321 275 380 949

465 316 695 374 CODEX
738 313 1259 370 DlPl.Oll.\TlC.US.
1306 338 1375 355 --
1416 310 1726 367 l‘lll.\~'lLEC

1869 341 1941 352 --
1969 309 2010 364 l.
2047 309 2297 366 PRIVIL.
2340 308 2470 365 PER
2511 306 2785 365 GALLIAZ
2829 305 3125 367 PARTES.

3299 304 3410 364 ΜΟ

177 439 297 492 intra
327 447 540 504 regnum
573 437 806 484 nostrum
839 428 907 482 de
951 427 1346 498 negotiantibus
1394 441 1604 489 eorum,
1637 424 1722 480 vel
1754 429 1802 491 Α
1831 438 1984 494 reges
2033 422 2377 492 singulariter
2406 421 2778 491 expleverunt,
2825 429 2881 474 et
2921 436 3020 476 nos
3062 419 3165 476 ltoc
3213 421 3411 478 donum

173 532 231 585 de
260 528 496 582 omnibus
528 522 832 577 hominibus
863 536 1072 584 eorum,
1103 521 1188 590 qui
1223 535 1314 589 per
1351 520 1520 590 ipsam
1549 534 1728 576 casam

173 635 372 688 sperare
422 618 696 679 videntur,
748 623 805 667 ut
861 614 1060 667 nullum
1121 613 1388 668 teloneum
1439 612 1568 667 dare
1623 626 1727 666 non

173 715 386 776 debeant
421 712 470 764 in
503 709 829 770 civitatibus,
861 705 1133 770 merentis,
1157 704 1319 770 villis,
1357 702 1508 767 vicis,
1530 703 1726 771 pontis,

175 805 432 875 pontibus,
467 816 565 855 nec
587 799 686 870 ipsi
720 797 989 862 monachi,
1020 809 1114 855 seu
1142 795 1478 866 negotiantes
1515 809 1727 861 eorum,

173 909 220 951 et
247 894 480 948 homines
527 889 752 955 eorunt‘,’
785 891 873 959 qui
925 903 1017 958 per
1064 888 1234 956 ipsam
1281 900 1458 940 casam
1511 900 1730 955 sperare

175 987 438 1047 videnlur;
469 997 570 1038 nec
616 983 911 1046 teloneum,
945 995 1043 1034 nec
1075 979 1417 1047 pontaticum,
1444 991 1542 1033 nec
1569 979 1730 1032 roda-

173 1076 336 1141 tit-tnn,
385 1089 479 1128 nec
534 1073 956 1143 barganaticum,
1017 1085 1116 1124 nec
1169 1066 1575 1138 pulveraticum,
1633 1079 1732 1122 nec

173 1168 482 1230 tnutaticnm,
512 1180 612 1218 nec
643 1163 955 1235 rivaticnm,
972 1177 1073 1220 nec
1100 1161 1459 1224 salutaticnm,
1487 1173 1594 1214 nec.
1619 1159 1731 1212 lati-2

170 1260 402 1324 daticuut,
435 1270 532 1310 nec
561 1256 903 1317 teanaticutn,
931 1268 1030 1308 nec
1060 1252 1128 1308 de
1175 1252 1278 1307 hoc
1306 1250 1448 1322 quod
1483 1251 1728 1306 homines

172 1368 338 1407 eorum
387 1352 450 1402 ad
502 1349 722 1403 dorsum
777 1357 990 1417 portare
1049 1345 1317 1411 videntur,
1373 1351 1431 1399 et
1471 1344 1728 1413 quidquid

172 1441 344 1497 exinde
371 1440 436 1493 ad
470 1447 672 1508 partem
707 1436 820 1492 fisci
852 1437 1019 1490 nostri
1054 1435 1278 1491 reddere
1316 1435 1531 1502 debent,
1557 1442 1726 1490 totum

171 1533 216 1586 in
264 1531 630 1595 luutinaribus,
681 1529 762 1583 vel
814 1530 864 1580 in
917 1527 1180 1594 stipendia
1231 1527 1633 1593 monachorum,
1673 1537 1728 1582 et

167 1626 535 1692 susceptionem
588 1636 904 1690 pauperum,
959 1621 1011 1678 in
1062 1629 1242 1683 nostra
1283 1622 1620 1691 eleetnosyna
1659 1625 1724 1677 ad

169 1717 315 1784 ipsam
345 1732 517 1769 casam
553 1715 649 1769 Dei
678 1715 1062 1780 concessimus,
1089 1729 1224 1784 quas
1252 1729 1393 1769 nunc
1414 1730 1441 1768 a
1467 1715 1724 1770 moderno

1831 515 2174 585 indulgeutia-
2197 527 2464 585 gratanter
2506 516 2815 586 praestitisse
2836 515 3166 583 cognoscite.
3201 515 3408 571 Idcirco

1833 622 1930 677 per
1968 607 2105 664 hanc
2137 620 2449 676 prtesentem
2502 607 2917 679 piteceptionetn
2945 607 3220 679 jubentus,
3252 618 3417 679 atque

1833 708 2092 772 perpetuo
2146 700 2355 753 lirntnm
2407 701 2520 754 fore
2571 699 2932 764 decernimus,
2966 710 3020 752 nt
3053 697 3414 771 Lnggogalus,

1829 791 2144 859 Curciacus,
2173 792 2456 861 Lupiacus,
2482 792 2748 862 Magittus,
2771 791 3069 856 Catuntius,
3095 791 3414 859 Tanaiticus,

1833 885 2035 951 Lt-ona,
2066 885 2376 950 Nebridius,
2426 869 2758 950 Albiniacus,
2789 882 3120 954 Mazoyalus,
3161 882 3414 939 Pudenti-

1831 978 2038 1042 niacus,
2062 976 2403 1038 Castauelus,
2421 973 2760 1038 Camiliacus,
2787 973 3070 1040 Briuuntu,
3095 971 3411 1042 Novienttts,

1831 1067 2235 1129 Genestolalos,
2262 1067 2544 1132 Cauiacu“,
2593 1067 2846 1131 Aluetus,
2872 1064 3182 1133 Cadriacus,
3206 1065 3415 1136 Ierila,

1833 1160 2127 1227 Delﬁacos,
2161 1159 2522 1226 Parriciacus,
2567 1158 2941 1227 Prisciniacus,
2989 1157 3289 1225 Cassiacus,
3320 1159 3419 1216 Sa-

1832 1255 2044 1324 dnbria,
2076 1255 2444 1321 Membriolas,
2489 1253 2781 1324 Spicarias,
2823 1253 3094 1321 Ortlucas,
3126 1252 3417 1320 Sereonas,

1830 1350 2213 1414 Salustriacus,
2248 1349 2561 1413 Lausiacus,
2597 1347 2834 1418 Medus,
2876 1347 3182 1414 Belcontus,
3207 1347 3420 1403 Trinie-

1831 1444 2044 1506 robrus,
2085 1441 2446 1504 Baionvilare,
2494 1439 2834 1506 Nova-Villa,
2879 1441 3138 1509 Noéntns,
3182 1441 3416 1505 Blasina,

1832 1533 2106 1596 Puciaeus.
2137 1531 2489 1598 Talsiniacus,
2534 1530 2869 1603 Brigogalus,
2917 1531 3169 1597 Crttcilia,
3222 1531 3417 1586 Blada-

1829 1625 2018 1691 laicus,
2043 1623 2326 1690 Dociacus,
2355 1624 2661 1689 Melciacus,
2688 1623 2968 1695 At-gularis
2988 1633 3194 1696 portus,
3219 1623 3416 1691 ltestis,

1828 1717 2178 1780 Antoniacus,
2210 1732 2331 1770 cum
2382 1715 2755 1785 appendentiis
2796 1729 3004 1782 earum,
3035 1715 3175 1770 sicut
3199 1715 3423 1770 admen-

167 1818 381 1872 tcntpore
423 1820 741 1860 concessum
781 1820 941 1873 atque
985 1805 1246 1860 indultum
1295 1821 1418 1861 esse
1450 1806 1718 1874 volumus,
1757 1786 1801 1847 Β
1829 1817 2026 1861 surata:
2069 1819 2216 1874 sunt,
2243 1808 2496 1863 irati-ibus
2518 1805 3423 1862 de-erviant.Similiterstatuimus

169 1906 234 1954 ut.
261 1897 388 1951 sicut
413 1896 672 1962 diximus,
705 1896 772 1950 de
802 1895 1055 1950 omnibus
1077 1895 1301 1951 leloneis
1323 1896 1376 1950 in
1398 1897 1724 1964 civitatibus,

170 1989 305 2054 vicis,
327 1988 569 2052 vitlabus,
596 1987 796 2055 pontis,
828 1987 1104 2054 portubus,
1137 1989 1427 2056 pontatico,
1462 1989 1724 2057 rodatico,

167 2079 503 2145 barganatico,
561 2078 909 2146 pulveratico,
962 2079 1238 2148 mutatico,
1296 2080 1542 2146 rivatico,
1583 2081 1728 2134 salu-

166 2171 328 2234 tatico,
355 2168 639 2235 laudatico,
668 2171 951 2238 tranatico,
982 2181 1036 2225 et
1079 2170 1147 2226 de
1176 2171 1278 2226 hoc
1306 2171 1447 2241 quod
1481 2172 1726 2234 homines

166 2277 330 2316 eorum
351 2263 412 2315 ad
433 2262 652 2319 dorsum
677 2271 910 2332 portant,
936 2272 988 2318 et
1009 2263 1077 2319 de
1098 2265 1492 2335 negotiantibus
1513 2281 1721 2334 eorum,

168 2358 240 2410 vel
278 2356 339 2410 de
378 2357 628 2410 omnibus
677 2355 986 2411 hominibus
1031 2371 1219 2414 eorum
1249 2361 1442 2414 devote
1491 2374 1587 2428 pro
1612 2359 1723 2428 ipsa

169 2459 273 2508 casa
321 2444 441 2511 Dei,
479 2446 666 2507 Sancti
726 2445 870 2502 l‘etri
920 2455 975 2502 et
1029 2448 1212 2504 Sancti
1270 2447 1538 2518 Pra'jecti,
1579 2449 1725 2504 omni

171 2548 382 2607 tempore
413 2538 792 2609 perpetualiter
811 2540 1176 2596 concessimus
1198 2551 1361 2611 atque
1387 2542 1725 2604 indulsimus.

166 2630 400 2686 Similiter
425 2633 769 2688 concedimus
796 2634 862 2687 ad
898 2633 1068 2702 ipsam
1093 2649 1272 2690 casam
1305 2635 1395 2691 Dei
1421 2636 1472 2690 in
1503 2637 1727 2692 villabus

164 2736 358 2785 eorum,
407 2737 495 2778 seu
545 2739 710 2793 super
760 2725 1062 2780 terraturiis
1115 2741 1325 2792 eorum,
1381 2729 1464 2782 vel
1519 2729 1727 2784 cinctus

165 2828 338 2868 eorum
368 2816 492 2870 intra
519 2829 606 2872 aut
630 2818 834 2873 adl'oris
864 2819 1062 2876 ibidem
1102 2819 1437 2886 advenerint,
1469 2831 1523 2876 et
1569 2821 1726 2891 quid-

168 2906 288 2974 quid
319 2906 498 2961 ibidem
527 2911 851 2987 negotiatum
873 2907 1059 2978 fuerit,
1078 2926 1236 2966 omne
1256 2911 1724 2982 teloneum,’sicut

169 3002 407 3068 meritis
434 3004 681 3069 diximus,
709 3005 772 3060 ad
801 3005 970 3074 ipsam
999 3020 1184 3070 casam
1203 3021 1302 3077 per,
1321 3014 1560 3059 nostram
1588 3021 1726 3074 pra--

173 3095 456 3162 cepliuttetti
479 3097 852 3152 concessimus.
883 3097 949 3152 Et
973 3107 1029 3152 ut
1059 3097 1173 3153 haec
1198 3098 1486 3168 praceptio
1518 3097 1724 3153 firmior

176 3183 436 3251 habeatur,
469 3195 522 3242 et
551 3203 642 3256 per
669 3198 906 3259 tempora
937 3190 1130 3245 melius
1160 3199 1531 3256 conservetur,
1560 3205 1722 3245 manu

166 3285 334 3336 nostra
363 3278 541 3333 subter
565 3280 908 3337 decrevimus
933 3283 1236 3338 adfirmare.
1271 3282 1514 3338 Carolus.

233 3365 348 3422 Data
378 3367 460 3422 die
508 3385 539 3422 v
569 3369 712 3425 Non.
762 3371 902 3438 Maii,
933 3382 987 3427 et
1032 3372 1230 3443 scripta
1281 3389 1376 3442 per
1423 3373 1721 3444 liadoucm,

173 3457 294 3526 apud
319 3459 669 3524 Theodonem.
705 3463 883 3520 villam
933 3465 1135 3534 palatio
1186 3466 1422 3535 pttblico,
1472 3481 1617 3522 anno
1644 3482 1720 3523 vti

177 3550 380 3618 prtedicti
407 3554 610 3610 domini
639 3557 804 3620 nostri
831 3553 1034 3612 Caroli.

844 3671 1034 3727 XXIX.

162 3755 459 3832 Prwceptum,
496 3763 675 3820 Caroli
723 3764 904 3837 Ungui
948 3782 1042 3836 pro
1082 3765 1366 3822 Turoneusi
1395 3768 1456 3824 S.
1506 3767 1724 3828 Martini

597 3843 905 3891 monasterio
936 3849 1091 3907 (anno
1112 3838 1264 3908 775).

621 3949 715 4012 (Ex
738 3949 798 3999 D.
816 3951 1064 4014 Bouquet,
1095 3950 1238 4013 ibid.)

213 4051 419 4109 Carolus
451 4073 484 4126 ς
520 4055 626 4108 atia
678 4054 770 4114 Dei
800 4071 893 4110 rex
938 4055 1265 4110 Francorum
1311 4062 1364 4111 et
1416 4056 1724 4126 Langobar-

146 4145 345 4212 domm,
396 4159 561 4218 atque
617 4149 870 4216 patricius
918 4148 1304 4204 Romanorum.
1365 4149 1528 4205 Decet
1575 4152 1717 4205 enim

147 4237 326 4304 regalis
342 4237 660 4306 clementia:
705 4239 1018 4309 dignitatem
1057 4253 1247 4304 cuneta
1279 4258 1396 4312 qua:
1417 4261 1444 4296 a
1475 4247 1738 4300 sacerdo-,

148 4326 277 4382 tibus
298 4331 639 4384 rationabilia
669 4333 926 4400 postulata
951 4332 1169 4398 fuerint,
1191 4335 1396 4391 sollerti
1447 4350 1570 4389 cura
1602 4353 1723 4402 pro-

143 4417 362 4485 spicere,
385 4433 438 4476 et
471 4432 773 4491 opportuna
813 4423 893 4478 vel
925 4439 1156 4495 congrua
1204 4425 1280 4480 eis
1321 4425 1577 4481 beneficia
1614 4443 1717 4481 nun

1752 3145 1799 3208 C

1828 1913 1925 1968 re:
1953 1901 2055 1954 hoc
2102 1909 2428 1968 prazceptum
2477 1909 2676 1953 nostra!
2719 1899 3169 1964 mansuetudinis,
3198 1908 3255 1955 ut
3279 1898 3426 1967 ejus-

1825 1991 1948 2044 dem
1979 1991 2289 2046 monasterii
2319 1989 2598 2046 cellelario
2640 1989 2863 2044 fratrum
2893 1989 3246 2055 ministretur,
3285 1990 3426 2046 sicut

1825 2080 2130 2134 ordinatum
2157 2087 2262 2146 est,
2298 2080 2437 2134 unde
2485 2090 2727 2148 tempore
2748 2079 2848 2134 sibi
2887 2078 3131 2136 instituto
3160 2078 3421 2136 fratribus

1829 2173 2058 2243 pleniter
2087 2174 2293 2229 servire
2325 2176 2514 2242 possit.
2551 2171 2826 2226 l’orlarius
2869 2181 3047 2226 autem
3087 2185 3272 2227 mense
3321 2172 3424 2228 De-

1827 2262 2026 2318 centth
2057 2262 2126 2316 de
2152 2277 2250 2315 suo
2277 2263 2574 2321 ministerio
2603 2261 2821 2317 serviat.
2862 2262 2936 2318 De
2964 2263 3083 2317 aliis
3113 2277 3242 2318 vero
3272 2263 3419 2318 villis

1826 2354 1987 2408 solito
2031 2353 2194 2409 modo
2239 2355 2377 2424 ligna
2418 2365 2472 2410 et
2513 2369 2741 2408 annonae
2784 2355 2901 2410 sive
2964 2355 3199 2411 volatilia
3260 2354 3419 2410 mini-

1825 2454 2082 2511 strentur,
2102 2456 2361 2514 quatenus
2385 2447 2486 2501 ltoc
2507 2446 2660 2502 nobis
2679 2445 2744 2500 ad
2763 2447 2988 2502 salutem
3006 2448 3199 2502 animte
3216 2459 3415 2506 nostra

1827 2546 1883 2592 et
1911 2546 2254 2607 augmentum
2300 2540 2449 2608 regni
2498 2540 2760 2608 proficiat,
2792 2547 2849 2593 et
2895 2539 2994 2608 ipsi
3037 2537 3129 2594 Dei
3172 2539 3316 2595 servi
3347 2538 3418 2594 li-

1830 2629 2009 2684 berius
2059 2631 2359 2699 meliusque
2413 2631 2667 2700 deinceps
2722 2632 2830 2684 Deo
2882 2630 3128 2686 famulari
3185 2641 3411 2700 queant,

1832 2739 1996 2798 atque
2030 2737 2287 2797 prostatu
2312 2740 2512 2784 saneta
2547 2729 2640 2783 Dei
2674 2729 2928 2784 Ecclesiae
2958 2727 3173 2783 sedolas
3197 2727 3424 2782 fundere

1834 2836 2043 2889 preces.
2080 2822 2230 2877 Unde
2261 2837 2540 2877 monemus
2583 2835 2772 2876 omnes
2796 2819 2887 2892 qui
2934 2819 3090 2875 nobis
3117 2820 3169 2876 in
3201 2834 3366 2890 regno
3391 2832 3424 2872 a

1831 2913 1942 2968 Deo
1969 2913 2260 2967 commisso
2299 2913 2604 2969 snt-cessuri
2632 2923 2777 2976 sunt,
2812 2922 2888 2978 ut,
2930 2913 3071 2967 sicut
3099 2927 3192 2966 sua
3222 2919 3422 2966 statuta

1826 3022 1856 3060 a
1908 3006 2025 3061 suis
2087 3005 2493 3060 successoribus
2547 3004 2858 3059 conservari
2916 3003 3100 3069 velint,
3158 3004 3229 3056 ita
3285 2999 3423 3056 hanc

1829 3108 2064 3152 uestram
2094 3096 2532 3151 constitutionem
2576 3094 2836 3165 privilegii
2888 3091 3248 3149 inviolabilem
3291 3107 3421 3148 cuu-

1830 3203 2049 3245 servare
2073 3190 2318 3245 studeant
2352 3189 2418 3248 ad
2463 3203 2802 3248 communem
2836 3197 3142 3242 nostrorum
3172 3186 3416 3241 omnium

1830 3285 2087 3338 salutem.
2123 3285 2180 3337 Et
2208 3284 2312 3338 huc
2341 3284 2453 3338 lucc
2481 3284 2778 3340 auctoritas
2800 3281 3004 3337 firmior
3026 3280 3304 3346 habeatur,
3330 3281 3419 3335 vel

1828 3378 2026 3432 nostris
2079 3388 2133 3432 et
2184 3378 2374 3432 futuris
2426 3377 2758 3446 temporibus
2811 3377 3003 3432 melius
3045 3384 3416 3438 conservetur.

1829 3485 1988 3524 manu
2035 3479 2216 3524 nostra
2262 3484 2382 3524 eam
2435 3469 2923 3535 corroboravimus,
2965 3480 3018 3524 et
3059 3469 3203 3523 anuli
3249 3467 3421 3524 nostri

1829 3563 2182 3628 impressione
2220 3561 2588 3630 sigillavimus.

1897 3653 2118 3724 Signum
2148 3653 2321 3708 Caroli
2349 3652 2722 3723 gloriosissimi
2755 3652 2921 3722 regis.

1899 3749 2047 3810 ltado
2073 3747 2139 3802 ad
2167 3749 2337 3803 vicem
2367 3747 2594 3802 llitlterii
2623 3749 2953 3816 rtcngnovit.

1899 3844 2091 3895 [totum
2117 3839 2428 3896 Tlteodonis
2458 3839 2580 3894 villa
2607 3840 2805 3910 palatio
2837 3838 3070 3907 publico,
3102 3837 3155 3892 itt
3191 3834 3282 3892 Dei
3323 3850 3420 3892 no-

1825 3933 1968 3986 mine
1999 3931 2244 4010 feliciter.
2279 3936 2470 3985 Amen.

2536 4061 2704 4116 XXX.

1825 4155 2148 4223 Drwceptum
2188 4154 2360 4228 Caroli
2409 4154 2587 4225 Magni
2638 4171 2730 4222 pro
2766 4141 3124 4228 Augelrantuo
3174 4156 3417 4228 episcoito

2287 4225 2527 4281 Hellensi
2574 4231 2734 4296 (anno
2763 4227 2915 4298 77.3).

2195 4338 2288 4401 (Ex
2311 4337 2524 4389 Historia
2543 4339 2772 4399 Metensi,
2795 4347 2893 4391 tom
2934 4338 3046 4402 lll.)

1896 4442 2122 4498 Carolus
2151 4442 2243 4497 Dei
2291 4441 2459 4512 gratia
2494 4458 2584 4498 rex
2639 4442 2968 4498 Francorum
3010 4451 3067 4498 et
3106 4443 3422 4513 Langobar-

142 4507 418 4579 denegare,
452 4515 690 4567 maxime
721 4513 763 4568 si
812 4517 1136 4568 anteriorum
1167 4531 1348 4584 tegunt
1382 4518 1586 4585 plenius
1628 4535 1722 4586 pro

1831 4532 2018 4588 durum
2052 4533 2129 4588 vir
2154 4507 2398 4599 illustris,
2439 4533 2684 4598 ducibus,
2724 4534 3033 4599 comitibus,
3081 4507 3417 4597 domesticis,

143 4597 230 4654 Dei
258 4603 452 4660 intuitu
485 4615 610 4659 sunt
639 4607 953 4661 confirmata
996 4609 1341 4676 protectiouis
1379 4610 1721 4667 auctoritate.

138 4692 482 4763 Quapmpter
525 4707 708 4750 notum
739 4697 811 4750 sit
852 4699 1090 4752 omnium
1131 4699 1365 4754 fidelium
1412 4714 1742 4763 nostrorum,

138 4785 510 4852 magnitudini,
545 4787 668 4856 quia
724 4787 1046 4843 venerabilis
1076 4787 1313 4845 lliterius
1346 4792 1482 4847 abba
1512 4809 1727 4850 esmoo

134 4877 366 4930 nastetio
397 4878 455 4932 S.
495 4875 702 4931 Martini
755 4879 937 4932 eximii
985 4879 1313 4936 confessoris
1358 4880 1578 4947 Christi,
1634 4901 1724 4955 pe-

134 4965 350 5021 culiaris
383 4969 596 5037 patroni
644 4971 813 5025 nostri
854 4970 1138 5027 Turonicae
1175 4974 1426 5042 civitatis,
1478 4977 1567 5030 tibi
1614 4979 1726 5046 ipse

136 5060 402 5125 pretiosus
451 5063 760 5132 incorpore
809 5063 1120 5133 requiescit,
1166 5066 1397 5128 innotuit
1445 5069 1724 5126 serenitati

134 5149 279 5219 regni
309 5152 485 5204 nostri
511 5151 742 5222 qualiter
767 5163 1078 5210 anteceSsor
1105 5170 1234 5210 suus
1262 5157 1564 5213 Auttandus
1587 5161 1742 5216 abba.-

131 5241 392 5307 quasdam
437 5241 590 5297 villas
620 5242 931 5313 inStituerit,
961 5261 1077 5315 qua:
1122 5244 1376 5302 fratribus
1405 5251 1726 5306 mensuatim

135 5345 225 5396 per
257 5341 433 5385 totum
462 5349 658 5388 annum
692 5336 894 5400 servire
919 5338 1150 5404 debent;
1183 5349 1370 5409 petens
1409 5340 1724 5410 dignitatem

131 5422 471 5477 excellentia:
498 5433 716 5489 ηιιειτςυ,
751 5436 806 5480 ιιι
833 5443 926 5496 pro
952 5428 1060 5482 l)eo
1077 5438 1131 5483 et
1159 5433 1458 5485 reverentia
1489 5434 1726 5501 ejusdem

133 5518 329 5581 sancti,
365 5531 462 5583 per
510 5528 836 5587 prteceptum
871 5532 1066 5575 nostra:
1109 5523 1442 5578 auctoritatis
1475 5525 1525 5580 id
1555 5527 1727 5595 ipsum

134 5609 465 5662 cpttfirtnare
513 5610 882 5681 dignarentur,
933 5616 1206 5685 sequendo
1237 5632 1440 5672 morem
1487 5629 1730 5676 anteces-

133 5712 343 5752 sorutn.
390 5699 556 5771 Cujus
588 5719 686 5759 nos
730 5705 974 5773 petitioni
1015 5714 1432 5775 consentientes,
1464 5721 1510 5764 et
1547 5723 1728 5782 patro-

135 5790 278 5845 cinia
321 5794 494 5850 sancti
543 5795 753 5854 Martini
800 5810 1138 5868 venerantes,
1187 5799 1324 5856 sicut
1372 5816 1728 5871 przecessorcs

1829 4625 1912 4680 vel
1943 4624 2194 4679 omnibus
2220 4623 2502 4692 agentibus
2533 4634 2640 4680 tam
2665 4624 2800 4678 ultra
2829 4640 2989 4694 quam
3020 4625 3153 4678 citra
3182 4624 3418 4689 Renum,

1833 4713 2111 4775 ltodanunt
2156 4723 2210 4768 et
2259 4713 2492 4785 Ligerim
2539 4715 2983 4782 consistentibus,
3035 4723 3142 4767 tam
3175 4727 3418 4784 praesen-

1830 4805 1971 4857 tibus
1999 4820 2156 4873 qoaot
2201 4812 2258 4857 et
2285 4805 2498 4862 futuris.
2543 4804 2772 4859 Juvante
2821 4805 3069 4869 Domino,
3113 4806 3203 4876 qtti
3235 4821 3333 4862 nos
3362 4809 3418 4862 in

1829 4893 2022 4947 so!ium
2054 4893 2201 4962 regni
2229 4893 2480 4958 instituit,
2510 4893 2640 4949 illud
2667 4895 2734 4948 ad
2759 4905 3103 4963 augmentum
3139 4896 3224 4950 vel
3249 4896 3421 4950 stabi-

1826 4981 2024 5038 litatem
2069 4983 2218 5055 regni
2269 4985 2433 5040 nostri
2485 4985 2854 5054 proculdubio
2899 4986 3171 5042 credimus
3219 4988 3271 5042 in
3323 4987 3418 5044 Dei

1827 5075 2042 5129 nomine
2072 5074 2359 5144 pertinere,
2387 5076 2430 5131 si
2463 5075 2745 5144 petitiones
2783 5075 3123 5132 sacerdotum
3145 5087 3202 5132 et
3231 5077 3422 5133 Eccle-

1826 5165 2026 5221 siarum
2079 5165 2168 5220 Dei
2198 5166 2266 5220 de
2296 5168 2457 5221 reetis
2488 5165 2952 5236 postulationibus,
2979 5182 3112 5235 quas
3142 5168 3196 5222 in
3221 5167 3419 5223 nostris

1827 5259 2042 5312 auribus
2071 5256 2441 5327 patefecerint,
2471 5258 2808 5325 perducimus
2838 5257 2904 5314 ad
2934 5257 3208 5313 enectum.
3265 5256 3420 5313 Ideo-

1826 5364 1926 5417 que
1952 5347 2033 5402 vir
2079 5347 2402 5417 apostolicus
2446 5346 2676 5402 domnus
2702 5357 2758 5402 et
2807 5346 2964 5402 Pater
3009 5356 3194 5402 noster
3231 5347 3418 5417 Angil-

1829 5454 2046 5494 ramuus
2072 5442 2352 5509 episcopus
2374 5439 2432 5495 S.
2455 5439 2705 5494 Ecclesiae
2734 5439 3006 5496 Mettensis
3028 5440 3418 5510 pmceptioncs

1831 5546 2016 5598 regum
2065 5531 2524 5599 praedecessorum
2575 5542 2900 5600 nostrorum,
2950 5545 3137 5587 eorum
3167 5533 3418 5588 manibus

1787 5679 1792 5682 _
1829 5623 2130 5688 roboratas,
2162 5621 2315 5678 nobis
2364 5623 2579 5692 protulit
2620 5624 3020 5690 recensendas;
3067 5623 3155 5678 ubi
3187 5639 3415 5696 genera-

1832 5714 1956 5770 liter
1985 5717 2335 5785 engnovitnus
2361 5731 2486 5772 esse
2529 5716 2789 5770 insertum
2818 5716 2959 5787 quod
2985 5718 3418 5773 antecessoribus

1831 5808 1938 5864 suis
1971 5807 2074 5864 tale
2104 5807 2292 5864 fuisset
2312 5807 2422 5878 jam
2449 5825 2477 5864 a
2510 5810 2668 5880 longo
2699 5801 2936 5883 tempore
2967 5811 3225 5868 indultum
3255 5814 3414 5868 bene-
