3964 6344
524 291 620 347 9'31

1392 287 1448 341 ll.
1492 286 1742 343 CAROLI
1784 284 1999 342 MAGNI
2038 281 2188 339 UPP.
2234 281 2410 339 PARS
2451 281 2492 348 l,
2538 280 2729 339 SECT.
2801 281 2861 336 ll.

3713 278 3802 336 953

522 418 719 480 licium,
751 421 805 467 ut
832 412 1004 467 nullus
1028 425 1090 465 ex
1135 408 1398 478 judicibns
1441 409 1663 478 publicis
1693 409 1744 463 in
1780 418 1960 464 curtes
1994 409 2092 463 Ee-
2120 397 2168 470 Ᾱ
2196 407 2348 462 hoste
2403 406 2635 476 publico,
2688 407 2787 460 hoc
2839 413 2922 461 est
2963 404 3034 460 de
3083 404 3258 458 hanno
3306 412 3541 469 nostro,
3598 407 3801 472 quando

521 507 700 563 etesia:
730 505 1002 560 Mettensis
1030 511 1084 556 et
1127 500 1306 555 domni
1353 499 1607 567 Stephani
1654 499 1860 568 patroni
1907 500 2098 562 nostri,

520 610 616 652 seu
668 595 909 650 basilicas
958 591 1095 647 infra
1153 590 1321 659 ipsam
1373 593 1558 646 urbem
1613 601 1964 653 constructas,
2019 588 2101 643 vel

521 689 658 744 infra
692 689 862 758 ipsam
911 684 1242 755 parochiam,
1276 692 1382 736 tam
1433 684 1779 745 monasteria,
1830 683 1974 734 vicos
2019 681 2102 734 vel

523 782 739 836 castella
771 781 836 833 ad
878 779 1102 835 eandem
1154 777 1466 845 aspicientia
1508 775 1709 844 ingredi
1762 790 1865 828 non
1900 788 2103 842 prmsu-

524 883 712 936 meret,
746 882 838 926 aut
881 871 1094 939 aliquod
1142 869 1336 924 ibidem
1382 884 1636 938 generare
1683 869 2102 922 detrimentum:

523 979 620 1018 nec
652 963 896 1017 homines
924 976 1106 1016 eorum
1135 975 1230 1029 per
1259 961 1447 1013 mallos
1495 959 1685 1036 byrgm
1718 959 1976 1027 publicos,
2008 971 2108 1012 nec

533 1069 628 1122 per
653 1054 947 1107 audientias
977 1051 1151 1106 nullus
1173 1051 1392 1104 deberet
1431 1049 1736 1112 admallare,
1767 1058 1856 1100 aut
1893 1063 1985 1116 per
2011 1048 2107 1100 ali-

523 1160 627 1215 qua
673 1147 849 1212 iniqua
907 1142 1115 1210 ingenia
1166 1150 1521 1211 'prazsumeret
1573 1140 1953 1204 condemnare,
2007 1152 2106 1192 nec

525 1235 657 1290 freta
689 1235 773 1288 vel
804 1235 1042 1289 teloneos
1085 1242 1354 1297 exactare,
1402 1240 1493 1284 aut
1539 1231 1743 1300 aliquas
1790 1237 1999 1299 paratas
2032 1229 2108 1282 fa-

526 1338 653 1378 cere
695 1340 708 1375 :
756 1322 851 1377 sed
907 1322 959 1375 in
1017 1336 1200 1374 eorum
1256 1320 1489 1390 privatas
1542 1319 1840 1376 audientias
1894 1328 2110 1386 agentes

525 1413 697 1482 ipsius
723 1411 978 1467 Ecclesiae
1008 1409 1293 1479 unicuique
1325 1411 1394 1465 de
1419 1411 1679 1481 reputatis
1716 1409 2110 1465 conditionibus

526 1508 786 1560 directum
819 1504 1076 1568 facerent,
1113 1511 1169 1556 et
1197 1504 1263 1556 ab
1303 1502 1421 1557 aliis
1464 1501 1729 1573 simulque
1776 1503 2112 1570 perciperent

525 1597 826 1658 veritatem,
872 1593 1064 1652 etubi
1109 1593 1311 1648 lredum
1363 1594 1463 1662 ipsi
1513 1603 1731 1664 agentes
1781 1601 1872 1646 aut
1915 1592 2107 1660 reliqui

536 1685 784 1740 homines
810 1695 1116 1740 memoratae
1150 1684 1400 1738 Ecclesize
1431 1684 1754 1752 acciperent;
1786 1692 1842 1739 et
1870 1683 2016 1738 freda
2045 1684 2110 1737 ad

2205 498 2490 569 publicitus
2539 506 2903 568 promovetur,
2951 507 3003 552 et
3051 507 3217 551 wat-ta
3265 499 3348 552 vel
3409 507 3627 565 pontes
3673 513 3804 551 com-

2206 591 2530 659 pouendum,
2565 590 2636 643 illi
2686 592 2931 644 homines
2983 591 3117 644 bene
3162 589 3402 657 ingenui,
3464 592 3566 657 qui
3623 591 3689 643 de
3721 607 3805 645 suo

2204 684 2378 748 capite
2429 682 2564 734 bene
2617 681 2828 748 ingenui
2888 681 3153 734 immunes
3205 694 3324 734 esse
3375 679 3676 738 videntur.
3728 682 3803 749 qui

2208 791 2370 840 super
2411 784 2580 826 terras
2629 774 2796 841 ipsius
2843 773 3108 837 ecciesiae,
3160 773 3239 826 vel
3289 772 3472 839 ipsius
3528 771 3801 836 pontificis,

2207 865 2291 920 vel
2321 865 2526 918 abbatis
2555 864 2635 916 sui
2687 878 3030 918 commanerc
3078 856 3412 929 noscuntur;
3471 864 3522 916 si
3555 863 3611 915 in
3643 863 3804 932 aliqua

2209 955 2403 1011 exinde
2433 955 2500 1008 de
2525 954 2639 1007 istis
2671 954 2838 1006 trihns
2867 937 3406 1024 causis‘ncgligenles
3434 961 3802 1022 apparuerint,

2211 1047 2408 1104 exinde
2451 1061 2571 1100 cum
2627 1045 2893 1114 indicibus
2947 1047 3144 1100 nostris
3195 1047 3477 1102 deducant.
3537 1046 3802 1110 rationes;

2210 1140 2304 1194 sed
2337 1154 2442 1193 non
2491 1137 2720 1205 amplius
2771 1137 2851 1190 vel
2909 1138 3133 1190 minus:
3185 1138 3236 1190 iu
3285 1139 3509 1205 reliquo
3558 1152 3690 1191 vero
3723 1153 3803 1204 pro

2212 1229 2479 1284 mercedis
2528 1237 2726 1281 nostra!
2756 1237 3044 1294 augmento
3074 1229 3174 1281 sub
3205 1231 3515 1282 cmuuitate
3565 1227 3668 1295 ipsi
3713 1230 3807 1281 sint

2213 1321 2532 1384 conservati,
2562 1329 2619 1372 ιιι
2645 1321 2709 1372 ad
2733 1319 2898 1385 ipsam
2929 1334 3106 1371 casam
3153 1319 3439 1385 proﬁciant
3471 1319 3527 1370 in
3563 1331 3803 1387 augmen-

2213 1412 2300 1467 tis.
2337 1411 2401 1464 Et
2430 1411 2541 1480 ipsa
2593 1410 2874 1471 emunitas,
2925 1426 3044 1478 qu:c
3084 1423 3111 1461 a
3143 1410 3296 1462 nobis
3344 1404 3430 1462 vel
3465 1410 3538 1460 ab
3579 1419 3801 1461 anteet-s-

2213 1503 2424 1559 soribus
2455 1502 2694 1571 patrilms
2727 1502 2924 1554 nostris
2974 1501 3068 1554 fuit
3111 1514 3361 1554 concessa
3415 1501 3574 1553 circa
3614 1515 3796 1553 metuo.

2215 1603 2383 1649 ratam
2415 1592 2706 1648 Ecclesiam
2754 1591 2934 1644 domui
2979 1589 3255 1660 Stephani,
3309 1590 3391 1644 vel
3439 1589 3669 1666 praefata
3700 1604 3796 1641 nio-

2218 1687 2472 1750 nasteria,
2505 1684 2584 1739 vel
2618 1685 2857 1748 castella,
2910 1684 3077 1744 vicos,
3150 1696 3338 1751 pagos,
3393 1679 3686 1756 parochias
3729 1677 3792 1732 vel

531 1772 650 1841 ipsa
687 1773 802 1827 loca
845 1782 1150 1826 sanctorum
1187 1773 1444 1826 deberent
1475 1772 1692 1827 Christo
1735 1773 1961 1841 praesule
1989 1787 2110 1841 pro.
2144 1765 2186 1824 Β
2217 1779 2479 1844 abbatias,
2511 1793 2630 1848 qua:
2675 1777 2746 1829 ad
2771 1777 2941 1842 ipsum
2993 1774 3296 1842 pontiﬁcem
3345 1775 3604 1842 aspicere
3635 1771 3792 1822 “de...

538 1864 703 1920 lit-ere
723 1863 776 1919 in
800 1871 1161 1932 augmentum.
1194 1863 1311 1918 Pari
1335 1864 1492 1918 modo
1513 1872 1568 1918 et
1593 1866 1638 1919 si
1664 1866 1904 1919 homines
1928 1881 2112 1920 eorum

549 1969 646 2023 pro
685 1955 925 2024 quolibet
968 1969 1190 2010 excessu
1251 1955 1627 2024 cujuscumque
1675 1954 1879 2011 fredum
1923 1957 2115 2010 dissol-

536 2046 756 2111 vebant,
791 2046 956 2100 fretus
978 2047 1064 2115 qui
1095 2046 1286 2100 exinde
1315 2046 1366 2100 in
1403 2047 1666 2116 publicum
1698 2049 1900 2118 sperari
1929 2058 2116 2116 potue-

536 2135 628 2201 rit,
659 2135 723 2203 ad
756 2134 901 2204 ipsas
923 2136 1180 2190 ecclesias
1211 2137 1394 2191 luisset
1437 2151 1740 2192 concessus.
1779 2137 1932 2193 Unde
1964 2138 2117 2204 petiit

531 2228 932 2296 suprascriptus
982 2229 1213 2298 pontifex
1247 2239 1446 2282 nteum
1491 2243 1747 2297 suamque
1796 2230 2111 2295 Ecclesiam,

531 2317 621 2372 vel
645 2319 982 2383 monasteria,
1016 2320 1254 2385 castella,
1290 2319 1374 2372 Vel
1406 2320 1552 2374 vicos
1598 2321 1663 2374 ad
1694 2321 1916 2378 eandem
1952 2324 2115 2390 petii-

531 2417 726 2462 nentes
775 2408 858 2474 vel
910 2409 1252 2477 aspicientes,
1303 2409 1370 2463 de
1417 2407 1518 2464 hac
1574 2424 1632 2463 re
1681 2409 1888 2479 plenius
1935 2421 2116 2464 nostra

530 2502 821 2556 auctoritas
849 2503 908 2557 in
951 2504 1041 2557 Del
1075 2507 1290 2560 nomine
1318 2506 1678 2563 conﬁrmaret.
1731 2507 1894 2577 Cujus
1935 2519 2116 2577 postu-

532 2594 785 2649 lationem
817 2609 910 2663 pro
949 2595 1128 2650 divino
1172 2596 1382 2662 intuitu,
1415 2598 1498 2651 vel
1528 2601 1826 2654 reverentia
1872 2601 2105 2669 ipsorum

535 2683 779 2742 iecorum
834 2693 1162 2752 sanctorum,
1214 2700 1309 2739 seu
1362 2685 1481 2739 ﬁdei
1536 2701 1646 2740 sua:
1699 2699 1965 2756 respectu,
2027 2692 2110 2743 vel

532 2774 802 2829 mercedis
831 2784 1027 2829 nostra:
1070 2786 1377 2847 augmento,
1428 2779 1661 2848 gratanti
1696 2766 1876 2833 animo
1908 2783 2112 2850 prmsti-

535 2866 694 2932 tisse,
719 2875 777 2920 et
805 2867 855 2920 in
887 2867 1135 2922 omnibus
1172 2869 1536 2936 conﬁrmasse,
1565 2881 1618 2926 et
1661 2886 1688 2924 a
1723 2887 1858 2925 novo
1893 2887 2116 2927 conces~

534 2958 673 3015 sisse
694 2961 1020 3026 ceguoscite.
1044 2959 1296 3014 Jubemus
1320 2977 1548 3030 namque
1565 2971 1617 3016 ut
1639 2963 1890 3033 quidquid
1910 2975 2120 3018 constat

536 3049 728 3106 tamin
761 3050 918 3118 villis,
951 3050 1220 3116 domibus,
1271 3052 1532 3112 aediﬁciis,
1583 3054 1885 3123 mancipiis,
1925 3056 2115 3118 vineis,

535 3143 709 3204 sil-vis,
738 3143 960 3211 campis,
997 3146 1181 3211 pratia,
1223 3145 1454 3213 pascuis,
1493 3147 1646 3210 acuis
1673 3161 1996 3217 aquarumve
2028 3148 2117 3202 de-

537 3233 818 3296 cursibus,
851 3235 1135 3288 accolabus
1194 3235 1468 3304 utriuSque
1532 3238 1766 3302 generis,
1823 3252 1982 3292 sexus
2036 3238 2118 3292 vel

536 3321 734 3386 aetatis,
761 3335 880 3376 cum
906 3323 1126 3392 integris
1153 3325 1409 3389 terminis,
1436 3326 1713 3395 solidoque
1738 3338 1876 3381 statu
1910 3343 2117 3393 eorum,

539 3423 647 3474 tam
686 3427 749 3469 ex
793 3413 1150 3476 muniﬁcentia
1184 3430 1366 3483 regum
1413 3426 1466 3468 et
1503 3417 1826 3485 reginarum,
1879 3433 2036 3487 quam
2071 3421 2120 3473 id

545 3502 689 3570 quttd
742 3519 833 3568 per
884 3503 1238 3568 venditiones,
1297 3507 1636 3572 donatioms,
1682 3509 2124 3564 commutationes

537 3594 919 3660 cessionesque
973 3594 1136 3659 titulis
1189 3595 1267 3650 vel
1325 3610 1418 3662 per
1470 3598 1727 3663 qualibet
1774 3600 2122 3654 instrumenta

536 3690 839 3752 cartorum,
865 3692 953 3734 aut
985 3684 1236 3751 qurulihet
1269 3686 1480 3754 ingenia
1513 3688 1715 3754 legibus
1737 3689 1801 3742 ad
1830 3689 1996 3758 ipsam
2027 3693 2127 3753 Ec-

537 3771 759 3836 clesiam
777 3771 956 3826 domui
990 3772 1268 3842 Stephani,
1299 3777 1378 3830 vel
1410 3777 1541 3830 alias
1585 3778 1860 3845 ecclesias,
1887 3795 2004 3850 quae
2029 3782 2126 3836 sub

537 3863 654 3932 ipsa
686 3863 815 3917 urbe
852 3864 1119 3932 Mettensi,
1151 3867 1230 3921 vel
1263 3869 1312 3921 in
1345 3869 1610 3936 parochiis
1660 3870 1828 3938 ipsius
1845 3872 2127 3968 pontiﬁcis

539 3965 864 4009 constructa:
918 3969 1038 4010 esse
1098 3956 1372 4025 videntur,
1425 3959 1524 4014 fuit
1579 3956 1900 4032 delegatum,
1958 3974 2012 4018 et
2062 3964 2127 4018 ad

547 4061 786 4113 praesens
813 4063 933 4115 pars
957 4048 1188 4117 ipsarum
1213 4052 1562 4122 ecclesiarum
1586 4057 1825 4109 cernitur
1853 4055 2128 4124 possidere

542 4141 626 4194 vel
678 4141 968 4210 dominari,
1021 4159 1114 4211 per
1161 4145 1296 4201 hunc
1343 4150 1714 4204 auctoritatem
1767 4160 2022 4216 nostram,
2073 4149 2124 4204 id

538 4230 669 4295 ipsis
698 4233 959 4300 ecclesiis,
1000 4235 1078 4288 vel
1113 4246 1407 4290 memorato
1446 4240 1700 4307 pontilici,
1734 4239 1818 4294 vel
1841 4240 2126 4295 abbatibus

549 4321 662 4374 suis
695 4337 986 4391 eorumque
1021 4329 1418 4382 successoribus
1448 4331 1654 4398 plenius
1680 4330 1732 4386 in
1774 4331 1867 4386 Dei
1914 4333 2133 4388 nomine

541 4411 915 4464 conﬁrmatum
947 4425 1104 4482 atque
1135 4430 1449 4472 concessum
1479 4433 1597 4473 esse
1629 4421 1955 4488 cognoscite.
1983 4419 2126 4475 Prte-

539 4500 800 4568 cipientes
839 4504 984 4556 enim
1031 4504 1300 4573 iubemus,
1351 4517 1408 4562 ut
1437 4524 1608 4580 neque
1657 4525 1772 4577 vos,
1825 4526 1994 4582 neque
2036 4510 2122 4581 ju-

540 4592 742 4657 niores,
773 4607 866 4646 seu
895 4608 1234 4652 successmes
1279 4601 1438 4654 vesu'i
1469 4601 1519 4654 in
1561 4612 1738 4657 curtes
1763 4604 1924 4673 ipsius
1951 4603 2123 4657 cccle-

537 4683 654 4747 sim,
687 4684 769 4738 vel
808 4688 1084 4741 memorati
1131 4691 1418 4758 pontiﬁcis,
1448 4702 1536 4748 aut
1587 4694 1836 4750 abbatum
1869 4711 2115 4764 suorum,

537 4773 624 4826 vel
654 4777 1120 4847 monasteriorum,
1148 4783 1514 4852 castellorum,
1561 4786 1796 4840 vicorum
1841 4797 1946 4841 tam
1981 4787 2117 4842 ultra

538 4878 698 4930 quam
726 4866 856 4919 citra
907 4867 1137 4935 Renum,
1188 4871 1460 4927 Rodanum
1491 4885 1545 4930 et
1574 4875 1828 4946 Ligerim,
1863 4879 1945 4932 vel
1975 4892 2115 4946 pra:-

540 4952 700 5006 l'atam
723 4957 993 5012 civitatem
1016 4960 1348 5030 Mettensem,
1367 4972 1458 5018 aut
1478 4964 1536 5018 in-
1555 4980 1715 5034 pagos
1740 4966 1820 5020 vel
1848 4966 2124 5035 parochias

539 5059 686 5112 suas,
715 5055 770 5102 et
795 5052 1137 5115 monasteria,
1168 5067 1264 5109 ceu
1292 5055 1475 5123 cellas,
1507 5072 1626 5111 cttm
1673 5058 1922 5111 omnibus
1952 5057 2126 5111 eccle-

539 5139 633 5187 siis
660 5140 724 5192 ad
757 5141 978 5193 eandem
1012 5143 1399 5210 pertinentibus
1428 5148 1508 5202 vel
1541 5149 1942 5215 aspicientibus,
1984 5148 2127 5202 nulla

531 5233 694 5307 freta,
749 5247 846 5288 nec
893 5234 1154 5300 teloneos,
1210 5237 1292 5291 vel
1337 5238 1646 5308 cortjettos,
1699 5250 1791 5294 aut
1833 5248 2128 5293 summulas

543 5319 882 5393 lsunniatasj,
909 5324 990 5378 vel
1025 5325 1228 5394 aliquas
1250 5337 1460 5395 paratas
1483 5329 1804 5394 iaciendum,
1831 5329 1911 5384 vel
1942 5331 2127 5396 quale-

541 5427 772 5482 cumque
801 5415 1073 5484 ingenium
1104 5417 1171 5470 ad
1199 5419 1409 5487 aliquod
1439 5420 1816 5475 detrimentum
1841 5436 2123 5490 generare,

546 5506 755 5570 penitus
789 5505 1016 5574 ingredi
1070 5524 1172 5562 non
1225 5509 1511 5576 deberetis,
1571 5513 1615 5567 si
1671 5514 1894 5580 gratiam
1951 5526 2122 5565 meam

547 5597 697 5649 vobis
748 5599 799 5651 in
837 5599 1086 5652 omnibus
1133 5602 1331 5656 ohtatis
1384 5604 1580 5658 habere
1628 5605 1939 5674 propiciam.
1988 5603 2119 5658 Illud

548 5689 665 5742 addi
720 5689 914 5757 placuit
970 5693 1330 5758 s'rihenduzn,
1371 5703 1420 5746 ιιι
1475 5696 1539 5748 de
1590 5695 1753 5751 tribus
1810 5695 2004 5762 causis,
2055 5695 2120 5750 de

2218 1882 2326 1936 tur,
2358 1870 2667 1939 perenniter
2715 1877 2926 1921 maneat
2975 1865 3284 1919 inconvulsa
3315 1864 3399 1918 vel
3444 1868 3790 1916 conservata:

2217 1961 2442 2031 qualiter
2467 1962 2636 2026 ipsum
2679 1957 2986 2026 pontiﬁcem
3017 1972 3110 2009 seu
3141 1957 3372 2018 clermn,
3420 1955 3506 2008 vel
3553 1966 3790 2023 pauperes

2217 2054 2416 2108 ibidem
2460 2053 2764 2105 afimoniam
2810 2061 3106 2114 Sperantes,
3156 2047 3363 2115 plenius
3412 2048 3651 2100 delectet
3698 2045 3788 2097 Do-

2216 2146 2343 2198 mini
2374 2141 2795 2197 misericordiam
2829 2141 3082 2192 attentius
3114 2139 3365 2191 exorare.
3417 2138 3482 2189 Et
3513 2134 3787 2190 dummodo

2219 2251 2312 2306 per
2337 2235 2631 2289 anteriores
2676 2232 3062 2302 pra‘ccptioues
3109 2246 3139 2283 a
3189 2232 3351 2299 longo
3400 2240 3639 2297 tempore
3684 2228 3784 2294 ipsa

2216 2329 2487 2383 etnunitas
2515 2327 2656 2379 circa
2706 2327 2875 2394 ipsam
2917 2324 3231 2387 [iecit-siam,
3259 2322 3341 2375 vel
3389 2322 3650 2389 basilicas,
3695 2333 3779 2372 seu

2217 2417 2566 2478 monasteria,
2600 2416 2748 2475 vicos
2791 2417 2872 2469 vel
2927 2416 3208 2483 parochias
3255 2416 3352 2468 sub
3387 2423 3617 2481 tempore
3642 2425 3778 2479 pra-

2215 2509 2514 2564 cedentium
2564 2522 2749 2571 regum
2801 2520 3014 2571 semper
3057 2507 3154 2558 fuit
3202 2516 3537 2565 conservata;
3582 2511 3632 2555 et
3671 2515 3770 2555 nos

2217 2599 2283 2652 ad
2335 2613 2572 2666 praesens
2602 2614 2698 2667 pro
2722 2597 2914 2650 anima:
2967 2607 3163 2650 nostrae
3208 2595 3439 2654 remedio.
3488 2592 3567 2645 vel
3613 2591 3759 2645 retri—

2219 2697 2437 2749 butiooe
2468 2706 2691 2757 aeterna,
2724 2693 2774 2745 id
2805 2692 2855 2744 in
2888 2693 3001 2759 ipsa
3032 2690 3270 2743 Ecclesia
3306 2687 3473 2742 domui
3499 2684 3762 2752 Stephani,

2217 2786 2308 2840 ubi
2336 2799 2465 2840 suus
2506 2785 2904 2840 sacratissimus
2956 2783 3173 2851 sanguis
3222 2783 3370 2833 vivus
3414 2794 3530 2833 esse
3561 2778 3770 2842 videtur,

2219 2893 2314 2946 per
2358 2886 2592 2931 nostram
2644 2875 3058 2944 prmceptiunetn
3117 2874 3448 2927 ﬁrmavimus
3475 2883 3626 2937 atque
3664 2883 3772 2920 ron-

2217 2969 2497 3034 cessimus,
2549 2977 2606 3022 ut
2658 2967 2981 3035 quicumque
3034 2965 3134 3018 hoc
3182 2965 3251 3018 de
3293 2961 3564 3032 iudicibus
3612 2959 3773 3013 nostris

2223 3070 2318 3115 aut
2345 3061 2594 3129 quislibet
2624 3058 2901 3129 refragare
2948 3066 3040 3110 aut
3087 3058 3387 3122 irrumpere
3417 3056 3501 3107 vel
3539 3054 3770 3106 immotam

2224 3153 2467 3216 voluerit,
2523 3153 2652 3205 iram
2705 3151 2860 3204 trina-
2909 3148 3201 3218 Maiestatis
3255 3147 3341 3202 vel
3394 3147 3631 3200 omnium
3671 3158 3765 3196 sar.-

2217 3255 2447 3307 ctorum,
2499 3243 2585 3296 ubi
2638 3243 2753 3310 ipse
2808 3242 3047 3309 pontifex
3100 3238 3182 3292 vel
3221 3237 3451 3291 abbates
3511 3236 3595 3290 sui
3628 3234 3753 3288 dese-

2222 3335 2390 3396 viunt,
2420 3334 2678 3398 incurrat,
2725 3346 2778 3387 et
2823 3332 3048 3400 gratiam
3099 3338 3336 3382 nosttam
3381 3328 3543 3381 nullo
3575 3334 3744 3391 umquam

2225 3435 2467 3496 tempore
2505 3423 2671 3494 possit
2713 3424 2933 3477 habere.
2983 3423 3087 3479 Sed
3132 3421 3300 3489 magis
3339 3435 3368 3472 a
3401 3420 3566 3473 vobis
3593 3418 3746 3470 vcissa-

2223 3517 2527 3574 cessoribus
2557 3516 2750 3570 vestris
2780 3517 2879 3570 sub
2925 3517 3126 3583 integra
3157 3517 3460 3566 emunitate
3512 3510 3651 3564 Omni
3674 3518 3759 3560 ten-

2225 3627 2356 3681 pore
2385 3611 2560 3666 modis
2610 3610 2860 3664 omnibus
2891 3616 3234 3662 conservetur
3263 3624 3278 3671 ;
3331 3605 3572 3674 qualiter
3595 3601 3764 3671 gratiam

2227 3713 2483 3768 nostram,
2539 3713 2597 3758 ιιι
2639 3703 2892 3766 diximus,
2945 3701 3173 3755 valeatis
3223 3699 3452 3762 habere,
3505 3695 3763 3766 propiciam.
3895 3703 3904 3730 ι

2226 3796 2391 3863 Quam
2424 3809 2552 3847 vero
2602 3794 2970 3848 auctoritatem
3005 3806 3100 3861 pro
3143 3791 3218 3844 rei
3249 3791 3414 3843 totius
3451 3789 3707 3848 ﬁrmitate,
3729 3789 3769 3834 ut

2227 3886 2374 3942 omni
2423 3894 2666 3955 tempore
2719 3895 2930 3939 maneat
2981 3883 3313 3947 iuconvulsa,
3373 3895 3569 3933 manus
3621 3884 3770 3931 nostra

2230 3979 2530 4049 signaculis
2556 3980 2689 4034 infra
2716 3977 3050 4036 decrevimus
3077 3979 3128 4030 iu
3164 3976 3254 4029 Dei
3286 3974 3510 4028 nomine
3541 3972 3771 4025 roborare.

2301 4071 2430 4126 Data
2459 4087 2508 4124 ιι
2532 4070 2646 4126 Cal.
2681 4070 2840 4132 Febr.
2873 4085 3014 4130 anno
3043 4084 3116 4124 vn
3139 4079 3189 4123 et
3226 4068 3249 4120 1
3281 4065 3432 4137 regni
3463 4066 3654 4120 nostri.

2302 4164 2491 4217 Actum
2523 4161 2814 4227 Carisiaco,
2845 4170 2950 4216 etc.

2926 4276 3120 4333 XXXI.

2234 4348 2406 4429 Caroli
2437 4349 2610 4418 Magni
2642 4349 2888 4429 diploma,
2921 4347 3330 4429 qtto_§oufirmat
3358 4343 3682 4429 privilegi-itm
3704 4336 3777 4394 Sd-

2345 4421 2475 4474 ιοηω
2505 4415 2681 4474 contra
2709 4415 2998 4489 ερὶδεοριὶιη
3025 4418 3318 4476 Metteusem
3351 4428 3515 4485 (anno
3545 4415 3694 4480 775).

2587 4511 2676 4571 (Ex
2707 4513 2909 4573 διδωμι,
2932 4511 3091 4561 delle
3115 4510 3464 4572 :iiplomatit-a.)

2295 4592 2517 4647 Carolus
2557 4597 2720 4664 gratia
2775 4596 2862 4648 Dei
2916 4612 3004 4648 rex
3037 4593 3364 4647 Francorum
3408 4600 3462 4646 et
3509 4586 3783 4659 Langobar-

2223 4683 2434 4746 dorum,
2470 4695 2628 4754 atque
2664 4687 2914 4755 patricius
2947 4685 3327 4738 Romanorum.
3361 4683 3588 4751 Oportet
3621 4677 3784 4736 sereni-

2226 4785 2303 4829 tas
2341 4789 2520 4831 uostra
2581 4789 2634 4831 ut
2687 4794 2748 4831 ca
2779 4796 2895 4848 qua:
2947 4795 2974 4831 a
3024 4779 3266 4832 ﬁdelibus
3316 4778 3514 4830 nostris
3557 4774 3786 4843 postulata

2234 4870 2452 4931 fuerint,
2480 4867 2626 4938 juste
2664 4879 2717 4924 et
2755 4867 3140 4922 rationabiliter
3170 4882 3265 4935 pro
3308 4865 3530 4919 servitio
3559 4873 3615 4918 et
3649 4861 3784 4916 ﬁdeli-

2229 4970 2361 5026 tate,
2391 4975 2509 5029 qure
2539 4961 2679 5014 circa
2709 4961 3001 5027 genitorem
3034 4973 3209 5012 meum
3244 4957 3527 5026 Pippinum
3560 4971 3730 5026 regem
3750 4958 3787 5004 et

2228 5053 2368 5106 circa
2403 5067 2489 5105 me
2527 5051 2726 5106 habere
2771 5051 3038 5115 videntur,
3084 5050 3160 5105 eis
3190 5049 3463 5120 impertire
3503 5051 3784 5104 debeamus.

2229 5144 2422 5199 Notum
2451 5143 2517 5198 sit
2543 5145 2791 5202 omnibus
2823 5142 3072 5198 lidelLbus
3103 5143 3316 5206 nostris,
3349 5151 3454 5195 tam
3500 5153 3555 5196 et
3581 5155 3786 5210 prasen-

2229 5237 2370 5292 tibus
2400 5251 2554 5305 quam
2585 5244 2637 5290 et
2667 5235 2874 5300 futuris,
2902 5235 3133 5305 qualiter
3166 5236 3383 5288 veniens
3428 5233 3689 5288 Folradus
3718 5245 3786 5285 ca-

2232 5326 2474 5395 pellanus
2505 5327 2683 5396 palatii
2723 5327 2887 5381 nostri
2929 5335 2983 5380 et
3020 5325 3156 5380 abba
3196 5327 3365 5380 sancti
3393 5325 3629 5395 Dionysii
3669 5320 3790 5379 nobis

2229 5417 2409 5472 retulit
2442 5417 2776 5490 privilegium
2823 5433 2852 5470 a
2885 5417 3124 5483 partibus
3163 5417 3332 5470 sancti
3366 5416 3626 5485 Dionysii,
3661 5425 3787 5484 quam

2226 5509 2497 5565 senodaiis
2543 5499 2798 5563 conSilius
2836 5523 2978 5562 anno
3010 5523 3158 5563 nono
3193 5509 3257 5562 ad
3300 5508 3719 5562 Patris-Brunna
3743 5518 3789 5558 ex

2225 5601 2491 5670 promisso
2542 5603 2901 5671 Angalramno
2944 5603 3194 5671 episcopo
3239 5611 3294 5656 et
3340 5601 3602 5660 Wilbario
3644 5598 3792 5655 archi-

2223 5693 2476 5764 episcoruo
2516 5694 2905 5749 constituerunt
2949 5693 3015 5750 de
3055 5708 3140 5749 res
3189 5693 3524 5767 [‘l‘Opt'iclaliS
3567 5708 3706 5759 suae,
3749 5690 3786 5744 in
