3964 6344
155 317 249 373 953

452 305 676 362 CODEX
720 299 1247 360 DlPLOMATlCUS.
1295 332 1361 344 —
1394 299 1805 357 PRIVILECIA.
1852 331 1916 342 —
2033 299 2280 360 PRlVlL.
2323 301 2458 357 PER
2498 300 2774 358 GALLIA'I
2817 299 3107 358 PARTES.

3289 301 3392 356 95l

155 427 260 484 loco
280 442 362 494 qui
385 424 578 478 nicitur
601 420 818 478 Saloua,
841 432 965 485 qum
987 426 1068 471 est
1089 423 1424 470 constructus
1443 414 1492 466 in
1514 414 1718 469 bonore
1744 419 1791 476 Α
1821 411 2057 477 teuariis,
2091 414 2174 468 vel
2208 412 2424 482 reliquis
2455 411 2698 466 lidelibus
2729 416 2950 475 nostris,
2981 422 3090 466 tam
3124 414 3397 474 praesenti-

158 528 342 578 sanctae
373 515 460 568 Dei
495 509 768 581 genitricis
796 518 848 563 et
876 509 1151 562 beatorum
1183 514 1477 581 martyrum
1509 515 1561 560 et
1592 520 1720 559 con-

161 615 404 667 fessorum
435 612 489 658 et
516 601 778 674 virginum
806 619 818 654 :
847 599 934 654 ubi
967 608 1184 653 sanctus
1213 598 1456 652 Privatus
1496 605 1717 670 martyr,

155 715 202 760 et
235 709 440 754 sanctus
480 696 687 750 lllarius
734 692 1007 748 confessor
1053 691 1392 760 requiescere
1430 689 1717 744 videntur:

157 804 207 851 et
236 807 348 846 meo
379 789 429 843 in
462 787 740 857 privilegio
771 784 1030 838 insertum
1080 783 1410 844 invenimus,
1449 790 1508 834 ut
1552 795 1723 849 neque

156 885 537 953 Angalramntts
559 879 1051 961 episcopus,neque
1066 889 1402 929 successores
1423 874 1528 940 sui,
1552 889 1725 944 neque

159 975 581 1035 archidiaconus,
611 984 782 1040 neque
811 969 1005 1022 missus
1033 969 1272 1022 ecclesiae
1297 982 1406 1022 sua:
1437 968 1725 1022 Medicina-

160 1069 310 1123 triens
347 1067 415 1121 ibi
449 1067 500 1118 in
550 1065 667 1134 ipso
706 1062 954 1117 ρωποι)ῑο
1002 1061 1325 1130 pontificium
1373 1059 1568 1116 habere
1620 1077 1724 1116 non

158 1158 391 1222 debeant,
433 1155 534 1210 nisi
568 1155 613 1209 si
646 1153 810 1208 abbas
855 1153 1026 1207 sancti
1057 1153 1289 1228 Dionysii
1331 1153 1608 1219 eXpetierit
1635 1167 1723 1206 or-

160 1249 442 1304 dinationes
468 1245 722 1313 faciendi,
752 1245 1152 1309 chrisntetandi,
1187 1258 1236 1298 et
1268 1245 1473 1300 tabulas
1503 1245 1725 1300 benedi-

161 1341 319 1396 cendi.
368 1330 818 1408 interrogavimus
861 1338 1272 1405 Angalramnnm
1315 1337 1639 1404 episcopum,
1682 1335 1726 1391 si

165 1433 324 1500 ipsum
352 1429 690 1500 privilegium
719 1431 1022 1482 consentire
1055 1427 1344 1481 debuisset.
1379 1429 1439 1482 Et
1471 1429 1582 1498 ipse
1613 1429 1730 1481 nul-

165 1521 354 1575 latenus
402 1520 712 1586 denegavit,
761 1519 860 1572 nisi
906 1519 1044 1572 sicut
1073 1529 1121 1572 et
1150 1519 1479 1573 cbnenodale
1509 1520 1730 1577 eonsilio

165 1612 533 1664 constituerunt
557 1609 854 1677 coepiscopi
878 1608 960 1662 sui
971 1649 983 1671 ,
1013 1609 1089 1662 sic
1116 1610 1430 1682 consentivit
1460 1610 1596 1664 sicut
1619 1612 1731 1679 ipse

169 1701 464 1771 privilegius
499 1700 722 1754 clariter
750 1699 999 1754 innotuit.
1053 1701 1336 1768 PrOpterea
1387 1702 1544 1755 talem
1591 1718 1730 1771 prac-

1824 501 1920 554 bns
1971 517 2126 569 quam
2175 501 2384 566 futttris,
2443 511 2624 556 notum
2673 503 2742 555 sit
2795 503 3021 568 qualiter
3067 501 3296 557 domnus
3348 509 3402 556 et

1822 591 2030 660 genitor
2082 601 2265 646 noster
2313 593 2465 645 bonae
2511 592 2784 645 memorias
2839 590 3090 658 Pippiuns
3133 591 3398 659 quondam

1824 697 1916 736 rex
1938 724 1953 748 ,
1988 683 2369 736 monasterium
2389 725 2403 749 ,
2433 684 2574 752 quod
2608 692 2823 735 vocatur
2851 680 3086 748 Prumia,
3117 681 3168 734 in
3201 679 3406 735 honore

1822 774 1990 828 sancti
2032 771 2322 828 Salvatoris
2362 790 2393 827 a
2435 788 2571 827 novo
2614 772 2919 828 fundamine
2949 775 3092 826 visus
3133 771 3229 827 iuit
3269 771 3400 826 tedi-

1825 864 2006 928 iicare,
2038 875 2092 920 et
2131 879 2216 920 res
2257 864 2450 919 liscatis
2491 880 2552 920 ac
2591 867 2929 935 proprietatis
2965 865 3030 920 ad
3070 864 3242 934 ipsum
3280 877 3404 917 san-

1825 967 1966 1009 ctum
2025 957 2196 1010 locum
2249 955 2395 1010 visus
2444 955 2543 1010 fuit
2594 957 2890 1027 delegasse,
2944 966 2997 1012 et
3046 958 3096 1012 in
3152 955 3402 1011 omnibus

1827 1051 2194 1113 confirmasse,
2226 1049 2314 1102 ubi
2344 1049 2702 1102 venerabilem
2745 1050 2917 1102 virum
2955 1050 3215 1103 Asuerum
3244 1047 3407 1101 abba-

1831 1148 1936 1192 tem
1960 1154 2059 1192 nna
2084 1153 2201 1192 cum
2231 1139 2612 1191 monachorum
2640 1136 2859 1213 [turma]
2888 1148 3148 1192 rectorem
3176 1151 3408 1206 prmesse

1828 1229 2123 1296 Constituit,
2146 1237 2200 1283 et
2220 1230 2510 1283 secundum
2536 1231 2771 1286 ordinem
2805 1243 3045 1285 sanctum
3077 1231 3204 1286 illud
3231 1231 3404 1284 locum

1828 1321 2125 1388 gubernare
2156 1323 2426 1389 praecepit.
2476 1321 2625 1377 Unde
2653 1321 3098 1390 przedictusabba
3125 1331 3180 1376 et
3211 1336 3409 1376 mona-

1830 1412 1913 1466 cbi
1955 1411 2004 1464 in
2045 1412 2160 1480 ipso
2197 1412 2442 1466 crenobio
2482 1414 2871 1478 consistentes,
2915 1413 3213 1469 clementia:
3257 1413 3408 1482 regni

1833 1511 1997 1560 nostri
2031 1505 2329 1576 petierunt,
2361 1515 2417 1561 ut
2457 1507 2555 1575 ipsi
2600 1507 2869 1572 homines,
2902 1523 3056 1576 quem
3096 1507 3322 1562 domnus
3355 1513 3414 1561 et

1832 1597 2042 1664 genitor
2066 1606 2246 1649 noster
2269 1597 2418 1650 bona:
2443 1597 2714 1651 memoria:
2747 1597 2997 1666 l’ippinus
3028 1598 3290 1667 quondam
3321 1611 3413 1651 rex

1836 1686 1902 1738 ad
1952 1685 2123 1754 ipsum
2169 1687 2545 1740 monasterium
2590 1688 2852 1742 concessit
2900 1689 2979 1742 vel
3028 1688 3320 1759 delegavit,
3365 1689 3417 1743 in

169 1761 374 1860 ξερωπῖ
391 1801 442 1846 et
469 1791 936 1845 confirmationem
966 1807 1280 1860 permanere
1310 1761 1646 1862 praecipimus
1668 1793 1732 1847 ad
1764 1761 1812 1822 Β
1841 1779 1953 1848 ipsa
1982 1789 2166 1833 tenore
2195 1787 2248 1833 et
2277 1779 2660 1864 consuetudine
2679 1821 2693 1846 ,
2736 1781 2871 1835 sicut
2902 1789 3056 1834 antea
3088 1780 3300 1836 luerunt
3320 1822 3335 1846 ,
3365 1788 3418 1835 et

168 1883 387 1952 partibus
413 1879 588 1935 sancti
631 1878 888 1950 Dionysii,
937 1889 994 1935 ut
1044 1892 1163 1948 post
1206 1883 1346 1937 hunc
1381 1882 1519 1936 diem
1562 1883 1738 1939 nullus

170 1973 399 2040 quislibet
423 1973 826 2042 episcoporum,
863 1985 1036 2041 neque
1079 1975 1468 2044 Angalramnus
1497 1987 1584 2029 aut
1615 1992 1738 2031 suc-

175 2079 398 2118 cesseres
426 2066 505 2118 sui
541 2064 658 2133 ipso
687 2064 938 2124 coenobio
969 2079 1072 2118 non
1113 2068 1383 2136 contingat
1414 2067 1510 2121 nisi
1543 2068 1611 2121 sit
1641 2069 1741 2124 sub

173 2160 442 2210 emunitate
484 2165 543 2210 et
574 2143 852 2223 privilegio
900 2146 1066 2209 sancti
1119 2157 1351 2228 Dionysii
1403 2160 1738 2228 regulariter,

178 2246 304 2299 sicut
325 2256 547 2299 ca'teras
571 2245 846 2308 ecclesias,
879 2259 1008 2312 quas
1038 2243 1105 2299 de
1131 2247 1241 2313 ipsa
1274 2262 1395 2301 casa
1420 2249 1585 2302 sancti
1621 2248 1742 2302 Dio-

177 2333 298 2404 nysii
325 2336 563 2401 aspicere
589 2331 857 2397 videnlur,
882 2345 933 2386 et
958 2335 1179 2389 terrolas
1205 2351 1336 2404 quas
1359 2339 1742 2406 Aogalratnuus

177 2435 224 2476 et
251 2423 498 2478 Folradus
541 2425 673 2478 inira
706 2424 821 2493 ipso
851 2441 979 2495 agro
1008 2425 1200 2480 Salona
1232 2437 1284 2481 et
1316 2428 1420 2483 line
1450 2439 1745 2483 commuta-

183 2525 491 2572 verunt......
523 2511 708 2572 Simile
748 2519 909 2572 modo
945 2533 1008 2573 ex
1051 2531 1289 2574 nostrum
1336 2523 1651 2588 permissum
1689 2515 1744 2580 et

179 2607 621 2662 conﬁrmationem
651 2609 851 2677 absque
878 2610 1247 2678 episcOporum
1273 2611 1542 2669 Mettensis
1571 2616 1742 2671 eccle-

180 2696 270 2750 sia
291 2697 714 2766 impedimentum
750 2715 870 2768 pars
900 2703 1070 2755 sancti
1101 2700 1317 2756 Dionisii
1350 2719 1453 2758 una
1481 2719 1599 2759 cum
1633 2706 1746 2775 ipso

190 2788 428 2842 ctenubio
451 2791 638 2845 Salona
670 2792 770 2846 sub
811 2801 1045 2847 nostram
1091 2794 1368 2849 tuitionem
1396 2807 1447 2850 et
1477 2797 1744 2851 defensio.

194 2894 310 2930 nent
341 2894 708 2950 procerumque
736 2893 1038 2937 nostrorum
1054 2885 1297 2952 partibus
1321 2889 1488 2941 sancti
1516 2888 1746 2959 Dirnysii

191 2969 414 3024 debeant
452 2973 732 3039 respicere,
775 2982 830 3029 et
869 2973 1119 3044 quicquid
1167 2991 1262 3044 per
1307 2979 1748 3033 commutationes

190 3075 365 3128 regum
414 3071 500 3117 aut
540 3064 910 3133 donationem,
953 3078 1044 3120 aut
1083 3069 1275 3123 collata
1331 3070 1520 3124 ibidem
1567 3071 1746 3140 populi

191 3151 437 3217 additum,
465 3162 553 3207 ant
581 3164 870 3220 ceusatum,
902 3164 957 3210 et
988 3156 1242 3213 Folradus
1270 3160 1340 3213 de
1365 3175 1488 3214 suas
1518 3177 1602 3216 res
1631 3163 1746 3231 ipso

189 3241 422 3296 ranmbio
463 3245 644 3298 ditavit
689 3248 785 3299 sub
838 3248 1130 3303 emunitate
1159 3256 1213 3303 et
1240 3249 1549 3306 defensione
1575 3255 1745 3308 Sttttt'li

185 3329 408 3402 Dionysii
449 3337 696 3404 omnique
744 3347 980 3407 tempore
1029 3355 1342 3408 permanere
1382 3343 1632 3410 debeant,
1678 3361 1743 3400 ex

193 3435 353 3478 nostra
373 3431 683 3482 auctoritate
701 3432 1070 3488 confirmatum
1089 3453 1100 3488 :
1120 3443 1176 3488 ut
1199 3437 1384 3492 melius
1407 3438 1631 3494 delectet
1669 3442 1749 3510 ip-

203 3530 303 3571 sam
326 3521 775 3588 congregationem
799 3527 968 3579 sancti
997 3526 1230 3598 Dionysii
1253 3541 1306 3583 et
1327 3532 1497 3585 sancti
1525 3532 1740 3596 Privati,

200 3615 246 3660 et
274 3610 421 3664 sancti
447 3612 607 3666 lllarii
633 3630 726 3681 pro
766 3617 920 3670 nobis
941 3629 993 3672 et
1023 3634 1119 3687 pro
1166 3618 1244 3674 eis
1269 3636 1535 3692 uxoreque
1563 3635 1758 3679 nostra

199 3693 384 3754 Domini
408 3703 824 3759 misericordiam
848 3707 1103 3764 attentius
1137 3709 1442 3780 deprecare.
1464 3715 1530 3768 Et
1554 3726 1608 3768 ut
1635 3716 1748 3770 lucc

189 3788 461 3844 auctoritas
492 3792 696 3847 firmior
740 3796 1014 3863 babeatnr,
1059 3793 1139 3854 vel
1169 3818 1262 3870 per
1290 3813 1524 3871 tempora
1557 3807 1746 3862 melius

181 3885 540 3944 conservetur,
574 3898 731 3937 manu
766 3898 942 3939 nostra
975 3891 1188 3956 prapria
1218 3893 1401 3946 subter
1430 3909 1544 3948 eam
1572 3896 1748 3950 lirma-

189 3965 366 4030 vimus,
387 3979 446 4021 et
474 3969 541 4023 de
588 3973 748 4026 anulo
777 3987 962 4030 nostro
992 3979 1358 4048 sigillavitnus.

240 4056 460 4126 Signum
483 4060 660 4116 Caroli
687 4065 1050 4134 gloriosissimi
1082 4072 1238 4140 regis.

238 4145 444 4203 Nomen
467 4160 516 4206 et
540 4155 743 4222 signum
769 4158 1064 4214 cancellarii
1091 4165 1352 4217 omissum.

239 4238 428 4294 Datum
455 4243 594 4309 quod
619 4244 725 4299 ficit
745 4245 1052 4305 Decembris
1073 4253 1253 4306 dies...
1277 4269 1418 4310 anno
1440 4272 1472 4310 ι
1495 4267 1749 4328 regnante

172 4327 362 4384 domno
390 4342 578 4394 nostro
607 4333 796 4392 Carolo
826 4355 968 4409 rege.

239 4422 429 4478 Actum
473 4426 636 4494 Aquis
667 4429 860 4496 palatio
892 4432 1102 4500 publico
1136 4435 1187 4489 in
1219 4436 1308 4491 Dei
1342 4440 1555 4495 nomine
1583 4440 1750 4496 felici-

171 4521 266 4569 ter.
295 4517 496 4580 Amen.

858 4596 1074 4652 XXXII.

171 4697 412 4770 I)ip.’oma
474 4704 645 4758 Caroli
706 4708 881 4777 Magni
945 4729 1034 4780 pro
1095 4717 1396 4769 monasterio
1462 4717 1751 4776 l'ritmiensi

797 4797 953 4848 (anno
985 4784 1133 4853 775).

496 4884 586 4944 (Ex
609 4884 667 4935 D.
690 4887 912 4952 Colunt,
940 4890 1061 4940 HiSI.
1086 4893 1148 4943 de
1173 4894 1444 4958 Lorraine.)

239 4987 469 5041 Karolus
495 4995 659 5058 gratia
687 4993 778 5047 Dei
812 5012 906 5050 rex
939 4997 1262 5054 Francorum
1294 5013 1348 5056 et
1377 5003 1748 5074 Langobardo-

171 5093 310 5142 rum,
347 5095 558 5134 necnon
588 5093 641 5137 et
674 5085 922 5152 patricius
949 5089 1326 5145 ltotnanornm.
1360 5093 1616 5150 Omnibus
1641 5099 1752 5163 epi-

167 5171 365 5239 scopis,
399 5172 698 5242 abbatibus,
731 5177 980 5247 ducibns,
1011 5185 1319 5250 comitibus,
1360 5187 1593 5256 vicariis,
1626 5205 1751 5244 cen-

238 5333 265 5360 ιι
308 5322 436 5402 [iam
477 5326 528 5402 pl
566 5329 653 5402 cili
695 5330 876 5385 cltarta
925 5344 1006 5388 est
1045 5337 1160 5392 sine
1200 5341 1284 5393 die
1326 5353 1377 5396 et
1420 5358 1578 5398 anno.
1619 5325 1748 5402 Cum

168 5392 556 5476 vcrogcarolns
593 5401 747 5454 titulo
780 5404 918 5473 regis
950 5392 1430 5473 Langobardorum
1455 5392 1601 5469 ea
1625 5392 1751 5470 Tn;

167 5466 581 5547 lungiud‘nbium
625 5481 706 5523 est
750 5466 866 5538 post
900 5466 1093 5530 annum
1138 5481 1240 5535 774
1273 5466 1746 5547 pouemlainwesse.

166 5529 642 5626 ﬁ'litfplltlnus'ex
689 5529 939 5626 corrupto
983 5547 1192 5626 Urstisii
1230 5529 1751 5626 rn'anusct'i‘ptu

170 5610 356 5691 initam
384 5609 687 5691 cbronicatu
719 5628 731 5663 ε
766 5609 958 5691 Baliari
973 5621 1128 5691 regni
1154 5620 1322 5675 (.‘aroli
1349 5627 1479 5691 regis
1500 5609 1635 5679 anno
1664 5609 1752 5680 (Ϊοιλ

167 5683 327 5755 finio.
356 5678 440 5754 .ad
485 5694 638 5755 ιμιερι)
685 5697 855 5755 annus
894 5687 997 5738 778
1042 5678 1350 5755 resiiondet.
1399 5678 1502 5749 get]
1549 5678 1747 5753 nullum

171 5751 458 5811 vestigium
509 5751 660 5805 nobis
711 5754 912 5822 prodit,
962 5756 1068 5813 into
1117 5751 1289 5817 rerum
1341 5751 1748 5826 cit'tumstantitc

1839 1870 2002 1924 ceteri
2036 1871 2256 1926 liscalini
2299 1881 2424 1925 sunt
2463 1873 2664 1936 nostri,
2710 1874 2910 1942 absque
2940 1873 3163 1942 alicujus
3204 1883 3419 1928 cont-ra-

1839 1963 2073 2018 dictione
2100 1964 2165 2018 ad
2206 1963 2316 2034 jam
2346 1965 2489 2019 dicto
2528 1965 2645 2019 loco
2673 1965 2901 2020 debeant
2932 1980 3281 2034 permanere,
3313 1975 3420 2018 tam

1840 2053 1906 2108 de
1933 2067 2124 2108 causas
2152 2068 2334 2108 eorum
2368 2055 2418 2108 in
2449 2056 2741 2122 responsis,
2767 2068 3032 2124 quamque
3061 2054 3218 2108 aliam
3252 2055 3422 2125 legem

1841 2145 1924 2199 vel
1957 2146 2398 2200 consuetudinem
2419 2185 2434 2210 ,
2464 2145 2600 2199 sicut
2643 2147 2832 2214 reliqui
2866 2145 3000 2198 infra
3048 2159 3205 2212 regna
3239 2155 3419 2197 nostra

1845 2235 2128 2292 habuerint
2170 2237 2416 2304 iiscaiini,
2454 2246 2508 2291 et
2544 2247 2698 2291 antea
2739 2237 2790 2290 in
2834 2251 3262 2307 unumquemque
3292 2251 3424 2304 pago

1845 2326 2141 2381 habuerunt
2183 2329 2646 2383 consuetudinem.
2691 2327 2856 2396 Cujus
2897 2342 3014 2393 nos,
3063 2337 3280 2395 promer
3323 2340 3422 2380 no-

1844 2430 1964 2472 men
2011 2417 2219 2473 Domini
2267 2428 2321 2473 et
2365 2419 2558 2472 animae
2609 2427 2807 2472 nostra:
2855 2419 3186 2483 remedium,
3240 2431 3422 2470 eorum

1847 2510 2187 2579 petitionibus
2229 2511 2561 2578 nequivimus
2604 2511 2901 2581 denegare,
2953 2511 3044 2565 sed
3088 2510 3139 2565 in
3181 2511 3427 2564 omnibus

1847 2601 2158 2667 prtcstitisse
2197 2609 2252 2656 et
2290 2601 2640 2655 confirmasse
2679 2602 3004 2670 cognoscite.
3051 2600 3428 2668 Pracipientes

1847 2705 1976 2758 ergo
2001 2689 2251 2758 iubemus
2280 2701 2439 2759 atque
2480 2690 2837 2759 praecipimus,
2882 2698 2939 2742 ut
2983 2689 3156 2743 nullus
3180 2688 3430 2756 quislibet

1849 2781 1916 2835 de
1962 2781 2206 2836 fidelibus
2247 2783 2465 2843 nostris,
2500 2795 2670 2849 neque
2710 2779 2778 2836 de
2822 2780 3102 2849 judiciaria
3149 2788 3430 2848 potestate,

1848 2870 1935 2938 qui
1959 2871 2066 2936 jam
2096 2871 2202 2923 lata
2233 2885 2354 2923 casa
2385 2871 2479 2924 Dei
2514 2869 2597 2924 vel
2626 2880 2864 2924 rectores
2893 2868 3030 2939 ejus,
3062 2884 3160 2923 nec
3191 2869 3431 2922 homines

1848 2961 1912 3014 ad
1946 2962 2116 3030 ipsum
2139 2970 2380 3014 sanctum
2412 2960 2585 3014 locum
2609 2961 2994 3027 deservientcs,
3017 2976 3175 3030 quem
3201 2960 3431 3012 domnus

1851 3065 1912 3102 ac
1941 3053 2153 3120 genitor
2183 3061 2359 3104 noster
2391 3051 2461 3104 ibi
2482 3051 2768 3117 concessit,
2792 3052 2860 3105 de
2890 3052 2988 3104 bac
3017 3067 3075 3104 re
3106 3051 3427 3118 inquietare,

1786 3121 1829 3182 C
1866 3155 1962 3192 nec
1984 3139 2303 3193 calumniam
2327 3155 2583 3208 generare
2595 3141 2900 3195 nullatenus
2925 3143 3278 3208 praesumatis,
3303 3140 3427 3205 uisi,

1851 3237 1904 3281 ut
1929 3227 2182 3292 diximus,
2211 3231 2408 3283 nostris
2435 3242 2487 3284 et
2515 3229 2704 3284 futuris
2737 3229 3082 3299 temporibus,
3115 3232 3254 3283 sicut
3279 3239 3433 3283 ante-

1855 3335 2012 3390 quam
2045 3321 2270 3375 domntts
2317 3338 2380 3375 ac
2410 3325 2616 3390 genitor
2646 3333 2826 3378 uester
2854 3339 2946 3378 eos
2975 3324 3039 3376 ad
3071 3325 3432 3393 superscripta

1849 3426 1970 3465 casa
2005 3413 2096 3466 Dei
2131 3412 2462 3480 delegasset,
2496 3414 2731 3483 partibus
2773 3413 2882 3468 suis
2923 3415 3314 3470 deservieruut.
3359 3414 3435 3467 ita

1849 3503 2010 3557 simili
2043 3504 2200 3558 modo
2226 3505 2291 3556 ad
2319 3506 2548 3559 eundem
2582 3515 2822 3559 sanctum
2854 3507 3028 3559 locum
3067 3503 3119 3558 in
3155 3519 3218 3558 ea
3253 3514 3439 3558 tenore

1850 3595 2124 3648 deservire
2150 3595 2399 3657 debeant,
2427 3605 2533 3650 tam
2569 3598 2616 3650 in
2649 3597 2918 3665 responsis
2940 3596 3137 3662 dando,
3165 3611 3430 3666 quamque

1855 3693 1910 3737 et
1954 3685 2211 3754 reliquam
2261 3685 2429 3755 legero
2475 3701 2536 3741 ac
2575 3688 3040 3755 consuetudinem,
3090 3688 3226 3744 sicut
3267 3690 3432 3744 ceteri

1855 3773 2075 3832 ﬁscalini
2104 3775 2299 3830 habere
2324 3776 2591 3832 videntur.
2617 3777 2680 3832 Et
2706 3788 2761 3832 ut
2785 3780 2898 3834 btec
2923 3780 3208 3848 praeceptio
3237 3781 3440 3834 lirmior

1855 3863 2131 3929 habeatur,
2173 3879 2235 3918 ac
2267 3881 2362 3930 per
2393 3877 2630 3934 tempora
2661 3867 2848 3922 melius
2876 3878 3246 3934 conservetur,
3277 3885 3438 3924 manu

1853 3957 2066 4023 propria
2111 3955 2653 4025 subterﬁrtuavitnus,
2698 3970 2750 4012 et
2782 3960 2938 4013 anulo
2979 3971 3162 4016 nostro
3203 3963 3438 4032 sigillare

1847 4050 2122 4119 jussimus.
2335 4115 2344 4124 θ
3234 4047 3238 4051 ’

1923 4141 2141 4212 Signum
2171 4141 2349 4196 Karoli
2382 4144 2748 4212 gloriosissimi
2783 4147 2940 4214 regis.

1924 4232 2053 4287 Data
2094 4247 2282 4288 mense
2321 4235 2664 4302 Novembrio,
2705 4251 2844 4293 anno
2870 4245 3084 4306 octavo,
3116 4245 3165 4293 et
3198 4253 3248 4294 vt
3288 4238 3435 4310 regni
3468 4299 3470 4301 ,

1851 4323 2038 4377 nostri.

1923 4416 2113 4468 Actum
2162 4413 2466 4474 Theodonis
2512 4419 2634 4474 villa
2686 4421 2931 4490 publice,
2980 4424 3032 4478 in
3084 4424 3175 4479 Dei
3223 4427 3439 4482 nomine

1778 4488 1829 4548 Ῑ)
1857 4501 2098 4558 feliciter.
2130 4505 2322 4562 Antea.

2531 4579 2768 4636 XXXIII.

1853 4693 1877 4722 ιι
1921 4681 2172 4763 Plarilum
2199 4686 2374 4763 garoli
2418 4689 2594 4763 Magni
2634 4694 2764 4760 regis
2802 4692 3157 4763 Francorum,
3191 4711 3290 4763 quo
3319 4713 3432 4751 mo-

1922 4758 2154 4826 nasterio,
2190 4751 2542 4826 llouaugieasi
2588 4751 2789 4815 ascruibit
2833 4751 2962 4817 [ὦκα
3000 4768 3052 4817 in
3096 4751 3348 4821 Ustitoven
3386 4779 3436 4821 et

1923 4824 1969 4873 ΙΙ
1981 4824 2207 4891 aliger/Il,
2231 4844 2346 4896 qua:
2366 4824 2458 4881 sibi
2487 4832 2824 4886 vindicaverat
2851 4835 3053 4890 abbalia
3075 4835 3101 4875 δ
3122 4836 3435 4893 Corbsiemis

1926 4897 2114 4962 (actum
2146 4897 2404 4952 desinente
2431 4917 2565 4953 anno
2595 4903 2742 4971 775').

2041 5006 2134 5066 (Ex
2162 5007 2468 5071 Grandidier,
2499 5010 2622 5061 Hist.
2644 5013 2706 5062 de
2727 5013 2926 5077 l’Bglt’se
2942 5015 3004 5066 de
3035 5015 3249 5080 Strasb.)

1923 5107 2144 5163 Carolus
2173 5111 2338 5179 gratia
2376 5112 2468 5167 Dei
2501 5131 2590 5169 rex
2622 5115 2945 5172 Francorum
2973 5129 3027 5174 et
3058 5119 3433 5192 Langobardo-

1852 5213 1991 5263 rum,
2019 5209 2177 5268 atquc
2207 5202 2470 5280 patricius.
2496 5206 2876 5276 ltontanorutn,
2907 5211 2985 5265 vir
3010 5213 3253 5270 iulusler.
3283 5215 3432 5270 Tunc

1851 5352 2068 5436 omnino
2111 5359 2396 5436 negant_in
2441 5358 2637 5436 Atsatia
2679 5372 2805 5418 tunc
2843 5378 3225 5422 commoratum
3265 5369 3432 5426 Caro-

1853 5424 2162 5501 lnm,_gravi
2193 5424 2288 5479 sua
2319 5429 2597 5496 llispanica
2627 5436 2964 5501 expeditione
2995 5441 3304 5496 distentum.

1921 5493 2132 5574 {lianc
2169 5493 2427 5574 ebartam'
2454 5493 2754 5569 corruptam
2802 5518 2855 5561 et
2897 5510 3136 5564 mutitam
3177 5493 3436 5567 dederunt

1854 5562 2145 5651 blaliillouz,
2170 5567 2361 5651 Annal.
2387 5576 2512 5651 orti.-
2530 5575 2586 5651 ΒΓ
2616 5562 2824 5630 Βεηοὰἱι
2848 5580 2904 5642 ti,
2930 5562 3056 5651 lout.

1850 5645 1909 5724 et
1935 5635 2222 5724 l'lccardus,
2249 5641 2392 5724 Utrig.
2422 5641 2738 5724 llabsburg.,
2760 5635 2902 5724 pag:
2929 5650 3052 5724 lllb',
3085 5635 3436 5724 at'q'ueutuﬁulle

1851 5707 2232 5790 corruptiorem
2279 5707 2875 5790 Sclitlapllinus:Alsai;
2929 5707 3172 5788 diplom.:
3219 5707 3347 5776 tam.
3395 5723 3439 5790 Ι,

1853 5789 1970 5843 pag.
2001 5774 2088 5845 5|,
2121 5794 2182 5833 ex
2214 5781 2395 5838 codice
2427 5774 2784 5858 titazxuscritito
2813 5774 3364 5850 ChristianirUrStisii.
