3964 6344
109 354 200 406 9ὒῖ

779 459 1015 516 XXXIV.

109 563 414 631 Prae-cptum
433 556 607 611 Caroli
628 554 825 631 Magni,
847 570 936 631 pro
961 551 1180 631 PcaLi‘n‘o
1195 549 1319 602 artis
1335 545 1680 618 grammatica:

584 621 826 694 magistro
857 625 1014 694 (anno
1041 621 1188 690 776).

369 721 462 781 (lix
489 719 554 768 ι).
581 720 820 779 liouquet,
849 713 1040 765 Recueii
1078 712 1166 765 des
1193 708 1345 769 Ηίδι.)

168 807 381 862 Carolus
413 802 584 874 gratia
622 803 709 855 Dei
742 816 830 854 rex
865 799 1188 852 Fiancortnn
1227 806 1276 850 et
1311 790 1682 861 Longohardo-

109 917 245 964 rum,
280 908 332 950 et
371 894 629 966 patricius
672 894 1065 953 Romanorum,
1107 889 1352 949 omnibus
1392 882 1678 951 episcopis.

108 990 393 1052 abbatibus,
423 985 673 1052 ducibus,
701 982 1003 1048 comitibus,
1031 979 1300 1042 castaldis,
1324 977 1404 1030 vel
1435 975 1681 1034 omnibus

112 1081 342 1134 ﬁdelibus
373 1076 598 1140 nostris,
635 1073 986 1144 praesentibus
1014 1080 1069 1124 et
1099 1069 1306 1125 futuris.
1341 1066 1529 1120 Merito
1558 1065 1680 1132 qui-

110 1171 217 1224 ilem
269 1184 296 1221 a
348 1166 506 1243 nobis
553 1165 899 1234 sublevantur
954 1159 1297 1220 muneribus,
1348 1156 1435 1224 qui
1487 1153 1684 1207 nostris

113 1260 325 1322 ﬁdeliter
362 1255 644 1326 obsequiis
674 1255 1015 1308 ianuilantur.
1057 1251 1123 1305 Et
1164 1249 1282 1303 ideo
1321 1249 1362 1302 si
1404 1246 1684 1316 petitiones

113 1367 314 1416 eorum,
368 1364 464 1417 pro
515 1345 711 1415 quibus
759 1355 968 1399 nostras
1015 1340 1342 1409 pulsaverint
1388 1352 1565 1413 aures,
1618 1339 1684 1389 ad

113 1441 340 1496 ell'ectum
374 1435 742 1515 perducimus,
774 1434 976 1510 regiam
1003 1431 1441 1487 consuetudinem
1467 1440 1686 1482 exerce-

116 1545 248 1595 mus,
279 1539 439 1598 atque
476 1527 692 1582 illorum
727 1525 961 1579 animum
994 1523 1146 1579 nobis
1172 1519 1521 1576 deserviendo
1559 1532 1684 1588 pro-

118 1634 369 1675 vocamus.
417 1619 586 1686 Igitur
617 1626 800 1671 notum
839 1617 912 1671 sit
950 1615 1186 1669 omnium
1219 1627 1451 1678 vesnum
1482 1610 1688 1682 magni-

120 1711 302 1778 tuliui,
342 1710 578 1781 qualiter
619 1707 858 1763 cedimus
898 1715 952 1760 et
994 1704 1255 1761 donamus
1300 1720 1329 1756 a
1377 1703 1528 1758 nobis
1573 1703 1689 1756 viro

402 349 634 405 CODEX
675 343 1194 404 DlPLOMATICUS.
1235 373 1304 384 —
1343 339 1755 396 PRIVILICGIA.
1795 367 1863 379 -
1892 337 1936 394 I.
1979 334 2226 390 PlllVlL.
2271 333 2402 388 PER
2441 329 2723 388 GALLIzE
2765 329 3058 388 PARTES.

3256 332 3362 389 953

1707 457 1754 512 Α
1785 463 1923 514 rum,
1955 447 2200 502 omnibus
2224 445 2466 500 ﬁdelibus
2489 442 2805 496 nostristam
2835 442 3172 509 presentihus
3197 457 3354 513 quam

1783 541 1997 596 futuris.
2029 542 2070 594 Α
2101 539 2280 610 regale
2320 537 2462 591 enim
2508 549 2727 589 necesse
2775 545 2858 588 est
2905 535 3212 591 releventur
3257 539 3367 593 cle-

1783 631 2010 695 mentia,
2057 630 2144 700 qui
2193 627 2538 681 damnitatem
2593 625 2730 693 passi
2781 636 2902 679 sunt
2953 640 3048 694 per
3093 626 3364 695 injuriam.

1785 723 1951 793 Igitur
1993 721 2315 777 venerabilis
2367 720 2447 773 vir
2499 719 2691 772 Beatus
2735 717 2900 772 abbas
2943 732 3011 772 ex
3043 721 3370 775 monasterio

1784 814 2092 880 Scotorum,
2123 811 2263 880 quod
2306 818 2523 863 vocatur
2567 807 2792 877 Onogia,
2849 807 2989 876 quod
3051 807 3370 867 Benedictus

1782 903 2142 974 episcopusin
2178 903 2379 956 honore
2431 901 2489 956 S.
2539 898 2848 953 Michahelis
2891 913 3028 953 novo
3073 901 3374 956 construxit

1794 1009 1978 1064 opere,
2012 993 2101 1048 ubi
2147 990 2567 1062 preveuerahilis
2597 1000 2745 1059 pater
2791 1004 3021 1059 corpore
3067 991 3369 1059 requiescit,

1784 1083 2066 1140 clementie
2096 1082 2262 1136 nostri
2292 1080 2438 1150 regni
2465 1079 2744 1147 suggessit.
2769 1092 2835 1132 eo
2856 1078 2996 1148 quod
3019 1079 3372 1134 instrumen'a

1784 1174 2089 1230 chartarum
2123 1171 2288 1242 ipsius
2312 1167 2618 1226 monasterii
2647 1176 2772 1222 ante
2801 1168 2899 1223 hos
2919 1183 3112 1240 annos,
3158 1186 3250 1237 per
3280 1185 3373 1224 ne-

1787 1266 2119 1336 gligentiam,
2151 1278 2245 1332 per
2269 1277 2403 1332 quas
2429 1260 2566 1316 intra
2604 1252 2767 1331 regna
2809 1260 3132 1316 Francorum
3161 1260 3375 1316 Christo

1788 1359 2019 1431 propitio
2044 1359 2218 1426 ipsum
2248 1355 2634 1414 monasterium
2675 1353 2875 1423 aliquid
2907 1353 3233 1422 possidebat,
3265 1363 3374 1408 tam

1787 1465 1881 1520 per
1910 1456 2155 1518 precepta
2203 1463 2388 1518 regum
2420 1461 2484 1500 ac
2525 1447 2851 1516 reginarum,
2871 1460 3028 1515 quam
3051 1445 3373 1515 reliquorqu

1752 1603 1759 1607 _
1792 1543 1958 1598 Deum
1992 1541 2290 1597 timentium
2322 1540 2621 1605 hominum,
2655 1538 2850 1593 ibidem
2884 1538 3134 1593 collatum
3162 1551 3226 1593 ac
3248 1553 3376 1593 con-

1789 1636 2058 1690 ﬁrmatum
2083 1635 2199 1703 fuit,
2231 1633 2434 1703 perdita
2462 1631 2839 1694 devenissent;
2863 1639 2918 1684 et
2949 1631 3142 1685 asserit
3171 1643 3232 1684 se
3261 1629 3378 1699 ipse

1789 1728 1953 1782 abbas
1976 1728 2116 1797 ipsas
2143 1741 2226 1782 res
2247 1724 2312 1779 ad
2335 1735 2534 1794 partem
2571 1723 2680 1793 jam
2710 1723 2834 1777 dicti
2863 1719 3170 1776 monasterii
3199 1723 3384 1791 quieto

121 1809 256 1864 "me
285 1805 582 1875 “meram”
612 1804 831 1858 Ρ³¹¹¹ί¹¹⁰
857 1802 986 1856 “lis
1020 1799 1378 1872 ﬂammma”
1409 1797 1679 1865 magi-“'0'
1717 1791 1765 1852 Β
1788 1791 2158 1887 ονιιίιιθξεῐοιιι
2185 1791 2346 1874 antea
2371 1817 2515 1885 fecit,
2543 1791 2800 1871 moderno
2822 1825 3062 1885 tempore
3085 1813 3377 1884 possidere.

124 1898 212 1957 hoc
239 1907 335 1966 est,
364 1911 450 1951 res
479 1894 754 1964 quondam
780 1902 834 1947 et
864 1892 1140 1960 facultates
1173 1892 1302 1944 tales
1330 1905 1450 1957 qua:
1481 1887 1691 1943 fuerunt

124 1984 401 2040 Waldandii
437 1985 536 2037 lilii
567 1983 832 2052 quondam
864 1981 1075 2036 Μία]οηὶ
1110 1981 1177 2035 de
1209 1980 1532 2044 Laberiano,
1572 1992 1692 2048 qua:

125 2077 181 2130 ad
220 2086 451 2130 nostrum
502 2075 833 2129 devenerunt
883 2073 1161 2139 palatium,
1213 2089 1307 2141 pro
1347 2087 1413 2126 eo
1453 2069 1592 2138 quod
1640 2071 1690 2123 in

125 2182 295 2235 campo
319 2181 436 2219 cum
471 2165 789 2218 Forticauso
827 2162 1041 2216 inimico
1072 2172 1254 2215 nostro
1286 2177 1312 2214 a
1343 2161 1537 2215 nostris
1565 2159 1693 2212 ﬁde—

130 2258 249 2330 libus
279 2256 432 2312 fuerit
463 2257 814 2320 interiectus,
846 2254 978 2308 Casa
1013 2255 1264 2310 videlicet
1305 2257 1354 2308 in
1400 2253 1693 2308 Laberiano

131 2364 235 2416 cum
263 2349 400 2403 ontui
432 2348 738 2417 integritate
768 2356 820 2400 et
863 2345 1130 2407 soliditate
1171 2362 1262 2400 sua
1283 2387 1296 2411 ,
1342 2343 1390 2397 id
1423 2353 1534 2408 est,
1572 2357 1692 2398 cum

136 2441 289 2519 terris,
321 2441 590 2506 domibus,
619 2439 886 2505 ardiliciis,
920 2440 1232 2503 accolahus,
1269 2437 1575 2506 mancipiis,
1606 2450 1697 2490 ca-

141 2533 220 2596 sis,
262 2531 594 2597 massaritiis,
643 2547 763 2585 cum
813 2529 984 2585 servis
1032 2540 1087 2585 et
1136 2529 1467 2592 Aldionibns,
1502 2528 1694 2592 vineis,

135 2624 305 2691 sylvis,
332 2626 550 2694 campis,
605 2625 792 2692 pratis,
826 2623 1050 2690 pascuis,
1073 2623 1243 2691 aquis,
1267 2635 1588 2688 aquarumve
1607 2621 1701 2674 de-

135 2718 396 2786 cuesibus,
439 2703 750 2791 mobilibus,
791 2726 845 2779 et
886 2715 1279 2776 immobilibus,
1326 2713 1504 2767 omnia
1542 2723 1594 2767 et
1633 2728 1698 2767 ex

143 2806 400 2872 omnibus,
426 2821 906 2877 quantumcumque
937 2807 1222 2876 praedictus
1249 2803 1597 2859 Waldandins
1627 2803 1698 2856 ibi

142 2907 232 2951 aut
260 2898 450 2965 alicubi
490 2898 680 2953 habere
711 2898 854 2952 visus
891 2898 1020 2960 fuit,
1055 2907 1161 2950 tam
1205 2912 1266 2950 ex
1299 2897 1440 2948 dono
1481 2909 1696 2962 regum,

144 2998 225 3041 aut
250 2985 504 3056 judicum,
535 3003 628 3043 seu
673 2989 739 3044 de
768 2997 1099 3063 comparato,
1129 2998 1219 3041 aut
1245 2989 1310 3040 de
1341 2986 1577 3056 quolibet
1605 2985 1701 3038 ad-

149 3085 331 3140 tracto,
363 3077 605 3142 prazdicto
635 3077 850 3132 Paulino
879 3093 908 3132 a
937 3079 1024 3133 die
1055 3077 1303 3146 praesenti
1336 3077 1591 3130 tradimus
1622 3084 1701 3129 at-

150 3183 248 3235 que
275 3168 497 3223 cedimus
523 3173 892 3237 perpetualiter
915 3171 979 3224 ad
1015 3171 1420 3240 possidendum;
1453 3170 1523 3224 ita
1553 3179 1607 3224 ut
1634 3167 1701 3224 ab

149 3259 243 3314 hac
281 3261 364 3316 die
403 3263 678 3330 praedictus
726 3263 977 3318 Paulinus
1020 3263 1394 3333 suprascriptis
1434 3264 1501 3320 de
1542 3262 1701 3316 rebus

147 3352 312 3419 quieto
337 3354 514 3408 ordine
546 3365 722 3409 teneat
751 3365 806 3412 et
835 3355 1122 3422 possideat,
1149 3365 1202 3409 et
1231 3353 1479 3424 quicquid
1509 3351 1702 3407 exinde

155 3441 310 3498 iacere
337 3444 578 3512 voluerit,
615 3447 840 3500 liberum
875 3444 926 3498 in
952 3443 1198 3506 omnibus
1230 3433 1530 3513 perfruatur
1556 3443 1702 3496 arbi-

161 3533 318 3587 trium.
344 3535 716 3606 Prazcipieutes
743 3553 870 3606 ergo
892 3535 1144 3606 jubetnus
1173 3544 1228 3590 ut
1257 3536 1431 3589 nullus
1456 3534 1706 3601 quislibet

159 3623 219 3677 de
246 3625 464 3683 ﬁdelibus
497 3639 590 3683 aut
618 3629 1019 3684 successoribus
1057 3627 1253 3682 nostris
1281 3626 1532 3697 prtedicto
1564 3625 1702 3679 Pan..-

153 3711 249 3767 lino
274 3716 332 3771 de
363 3717 472 3788 jam
514 3718 673 3772 dictis
713 3719 870 3774 rebus
911 3719 1022 3774 ullo
1053 3733 1302 3789 umquam
1343 3727 1582 3787 tempore
1625 3719 1706 3770 in-

148 3805 391 3873 quielare,
441 3818 534 3865 aut
582 3811 900 3865 calumniam
950 3825 1207 3880 generare
1251 3817 1562 3879 pra-sumat,
1609 3807 1703 3862 sed

146 3900 272 3954 omni
319 3911 555 3972 tempore
596 3918 658 3956 ex
701 3903 843 3957 dono
891 3902 1151 3974 largitatis
1190 3914 1383 3956 nostra:
1429 3901 1572 3969 ipsas
1619 3913 1705 3953 res

137 3987 260 4055 jura:
287 3995 637 4063 proprietario
679 3995 849 4050 valeat
878 3995 1157 4066 possidere
1189 3996 1518 4048 iii-inissimo.
1555 3993 1617 4046 Et
1646 4001 1704 4046 ut

141 4077 243 4136 ha-c
270 4088 542 4155 perceptio
575 4087 774 4141 ﬁrmior
803 4086 1082 4151 habeatur,
1113 4085 1196 4140 vel
1231 4085 1424 4140 nostris
1455 4083 1534 4138 vel
1567 4081 1704 4136 futu-

140 4172 206 4226 ris
230 4176 561 4246 temporibus
592 4178 780 4245 melius
808 4186 1178 4254 coiiservetur,
1208 4190 1365 4229 manu
1397 4174 1608 4244 propria
1651 4173 1703 4226 in

139 4273 375 4321 a-ternum
414 4268 754 4332 decrevimus
781 4270 1068 4334 roborare,
1105 4283 1165 4322 ac
1205 4268 1272 4323 de
1307 4269 1467 4323 anulo
1522 4277 1704 4323 nostro

135 4351 372 4420 jussimus
404 4358 660 4427 sigillare.

201 4442 323 4500 Data
353 4463 427 4502 xv
465 4448 688 4504 Kalend.
739 4449 901 4514 Julii,
940 4465 1079 4505 anno
1105 4460 1290 4504 octavo
1328 4449 1471 4519 regni
1511 4451 1700 4520 nostri,

135 4547 163 4588 e
190 4543 214 4572 ⁸
242 4536 431 4594 Loreia
461 4540 696 4608 civitate,
731 4542 782 4596 iu
817 4541 904 4597 Dei
933 4543 1146 4596 nomine
1176 4542 1418 4596 feliciter.

816 4653 1032 4708 XXXV.

137 4737 454 4816 Praeceptum
496 4743 524 4782 ι)
565 4741 736 4798 Caroli
793 4744 975 4816 Magni
1019 4763 1116 4813 quo
1171 4755 1480 4803 renovantur
1512 4747 1706 4800 amissa

204 4810 580 4881 llonnngiensis
636 4810 928 4869 monasterii
999 4810 1296 4875 chartarum
1371 4820 1706 4870 instrumenta

202 4884 306 4949 (an.
354 4883 485 4948 776,
509 4885 589 4938 die
616 4889 648 4937 υ
675 4883 866 4956 Junii).

620 4973 711 5034 (Ex
737 4975 1042 5035 Grandidier,
1071 4975 1213 5037 ibid.)

201 5049 428 5106 Karolus
452 5053 619 5122 gratia
645 5055 734 5109 Dei
761 5071 851 5110 rex
884 5056 1210 5112 Francorum
1243 5067 1294 5111 et
1335 5055 1709 5126 Longobardo-

134 5202 377 5283 placitum
417 5207 817 5266 Selestadiense
861 5211 928 5266 ad
967 5228 1162 5267 annum
1204 5213 1308 5268 775
1344 5228 1554 5283 quoque
1591 5229 1712 5270 esse

135 5278 454 5339 ponendum.

132 5346 500 5468 Ataciaizteia,
550 5352 705 5421 vulgo
756 5350 996 5419 Loredo,
1057 5352 1108 5406 in
1157 5353 1347 5408 ducatu
1397 5351 1597 5408 Veneto
1646 5353 1710 5407 ad

196 5431 375 5472 .ﬂCSIﬂ.

205 5485 458 5560 {Charta
492 5488 604 5543 haec
633 5492 957 5560 exstatapud
987 5492 1345 5558 Mabillonem,
1373 5495 1710 5550 Annal.0.rd.

217 5556 425 5634 βψω.
457 5566 587 5612 toni.
623 5561 685 5634 |_l,
715 5575 833 5630 pag.
859 5553 988 5616 ’698
1013 5604 1028 5626 ,
1077 5574 1131 5617 et
1181 5553 1469 5618 Eccardum
1497 5603 1513 5630 ,
1565 5568 1712 5634 Orig.

137 5623 447 5708 llabsburg.
471 5623 807 5708 Arist-macer:
829 5648 961 5708 pag._
996 5623 1117 5708 1:04,
1150 5635 1242 5708 sed
1275 5635 1460 5689 vitiose
1483 5623 1511 5695 ς’
1534 5623 1714 5708 curre:-

132 5699 670 5779 Ctitt8_itt_§eltmpﬂitti
693 5699 1283 5779 Alsatia'diplOIttatic:t,_
1306 5717 1432 5779 toni.
1449 5708 1505 5779 gl,
1538 5721 1588 5773 p.
1621 5705 1712 5762 49.

205 5776 242 5802 ι’
265 5767 638 5841 Nobiliori—pro
679 5788 820 5830 anno
865 5777 898 5830 ὅ
925 5767 1052 5846 legit
1087 5775 1170 5844 15,
1199 5777 1287 5846 qui
1322 5777 1505 5831 incidzt
1527 5767 1578 5831 in
1607 5793 1701 5832 an-

1788 1913 1892 1969 Sed
1918 1929 2015 1984 pro
2038 1912 2302 1966 ﬁrmitatis
2329 1909 2508 1964 studio
2531 1908 2682 1977 petiit
2711 1907 3086 1962 celsitudinem
3115 1914 3376 1970 nostram,

1791 2005 1916 2059 dum
1944 2005 2040 2058 hoc
2061 2018 2221 2057 causa
2243 2017 2338 2069 per
2355 1986 2742 2072 negligentiam
2775 1999 2846 2054 ita
2873 1999 3207 2064 contigisset,
3238 2007 3294 2053 ut
3315 1998 3384 2054 ab

1792 2095 2042 2150 omnibus
2073 2105 2254 2148 notum
2288 2095 2380 2158 sit,
2410 2104 2466 2146 ut
2488 2094 2668 2146 denuo
2699 2106 2792 2159 per
2825 2101 3063 2145 nostram
3089 2090 3383 2145 auctorita-

1794 2197 1898 2243 tem
1930 2202 2116 2242 omnes
2147 2202 2230 2240 res
2254 2185 2494 2255 ejusdem
2523 2185 2770 2248 ecclesie,
2801 2183 3050 2252 quicquid
3078 2197 3200 2237 cum
3231 2182 3386 2252 equi-

1796 2281 1918 2334 tatis
1946 2280 2133 2334 ordine
2153 2278 2425 2347 possidere
2451 2277 2680 2342 videtur,
2699 2276 3018 2330 conﬁrmare
3035 2273 3376 2331 deberemus.

1797 2372 1965 2441 Cujus
1995 2371 2298 2439 petitionem
2329 2369 2597 2438 denegare
2627 2367 2919 2431 noluimus,
2963 2365 3057 2420 sed
3096 2365 3166 2418 ita
3190 2362 3384 2432 presti-

1797 2463 1928 2516 tisse
1958 2463 2039 2516 vel
2083 2460 2433 2515 conﬁrmasse
2473 2460 2798 2528 cognoscite.
2834 2455 3190 2526 Precipientes
3238 2456 3383 2528 enim

1791 2552 2066 2621 juhemus,
2086 2563 2139 2605 ut
2160 2550 2410 2620 quicquid
2430 2526 2557 2604 ante
2574 2550 2771 2603 dictum
2796 2547 3178 2602 monasterium
3204 2526 3386 2602 Sancti

1798 2643 2112 2697 Michahelis
2162 2655 2303 2695 nunc
2335 2639 2593 2710 temporis
2641 2639 2786 2708 juste
2818 2638 3072 2708 possidet,
3105 2636 3246 2690 unde
3273 2636 3389 2704 ipsa

1801 2735 1892 2789 Dei
1926 2749 2053 2789 casa
2100 2734 2290 2787 vesrita
2325 2741 2427 2798 est,
2481 2731 2733 2799 deinceps
2784 2745 2879 2799 per
2924 2738 3160 2782 nostram
3191 2726 3391 2781 conﬁr-

1811 2829 2122 2892 mationem,
2148 2825 2399 2896 quicquid
2432 2839 2526 2894 per
2566 2831 2813 2892 precepta
2860 2836 3042 2890 regum
3091 2834 3154 2874 ac
3183 2817 3394 2888 regina.

1805 2934 1946 2985 rum,
1977 2933 2068 2972 seu
2103 2919 2424 2986 reliquorum
2462 2917 2625 2969 Deum
2649 2913 2948 2967 timentium
2983 2911 3255 2966 hominum
3289 2911 3388 2963 ibi-

1804 3010 1923 3064 dem
1948 3009 2198 3063 collatum
2231 3022 2292 3061 ac
2348 3005 2719 3060 conﬁrmatqu
2786 3003 2926 3067 fuit,
2988 3012 3094 3058 tam
3157 3003 3389 3071 pretatus

1810 3102 2004 3156 Beatus
2036 3100 2222 3167 abbas,
2254 3113 2411 3167 quam
2433 3095 2522 3165 qui
2551 3108 2888 3149 successores
2928 3094 3044 3148 eius
3077 3091 3273 3147 fuerint
3302 3093 3384 3143 [ιι-κ

1807 3193 1928 3257 turi,
1951 3198 2032 3245 vel
2065 3200 2300 3244 rectores
2322 3187 2560 3258 ejusdem
2589 3186 2814 3240 ecclesie
2835 3186 3004 3240 sancti
3035 3184 3136 3239 loci
3169 3190 3384 3237 teneant

1803 3294 1854 3338 et
1882 3282 2211 3352 possideant,
2242 3289 2402 3348 atque
2458 3278 2521 3332 ad
2555 3278 2720 3347 ipsam
2747 3291 2924 3332 casam
2977 3277 3069 3330 Dei
3118 3274 3384 3329 diuturnis

1804 3372 2132 3441 temporibus
2188 3372 2239 3425 in
2290 3371 2586 3441 augmentis
2631 3369 2926 3439 proﬁciant.
2976 3368 3041 3421 Et
3085 3376 3143 3421 ut
3169 3367 3267 3421 hee
3293 3380 3392 3418 au-

1802 3470 2020 3522 ctoritas
2064 3465 2268 3518 ﬁrmior
2315 3464 2426 3527 sit,
2475 3477 2634 3516 manu
2690 3473 2868 3516 nostra
2923 3461 3107 3515 subter
3154 3457 3386 3513 ﬁrmavi-

1803 3571 1946 3620 mus,
1977 3567 2029 3611 et
2055 3557 2215 3609 anulo
2241 3565 2424 3608 nostro
2453 3553 2689 3622 sigillare
2713 3551 2988 3621 jussimus.

1875 3649 2096 3718 Signum
2127 3649 2167 3719 -ιη
2199 3647 2240 3702 Κ
2262 3648 2379 3702 διὀιί
2411 3646 2780 3717 gloriosissimi
2807 3645 2968 3715 regis.

1877 3739 2188 3809 \Vigbaldus
2217 3743 2280 3791 ad
2306 3740 2476 3792 vicem
2510 3737 2730 3791 Ilitherii
2764 3736 3097 3806 recognovit.

1876 3833 2061 3886 Datum
2089 3831 2273 3900 quinto
2299 3830 2418 3883 ldus
2443 3826 2646 3891 lunias,
2672 3844 2812 3881 anno
2862 3838 2882 3865 ο
2905 3837 3092 3879 octavo
3114 3825 3258 3892 regni
3291 3838 3390 3877 no-

1803 3925 1919 3982 stri.
1970 3925 2158 3977 Actum
2188 3919 2214 3960 ἀ
2260 3919 2534 3989 Carisiago
2557 3919 2749 3989 palatio
2773 3917 3016 3988 publico,
3061 3917 3113 3970 in
3156 3915 3248 3969 Dei
3296 3930 3392 3967 no-

1808 4019 1948 4072 mine
1975 4015 2216 4070 feliciter.

2470 4073 2712 4137 XXXVI.

1849 4178 2092 4249 L‘iploma
2127 4173 2301 4231 Caroli
2333 4172 2544 4245 Magni,
2584 4169 2990 4249 pra_$aloneiisi
3027 4169 3332 4220 monasterio

2439 4241 2593 4314 (anno
2620 4241 2769 4310 777).

2168 4335 2258 4399 (Ex
2283 4334 2342 4385 D.
2368 4333 2592 4393 Calmet.,
2616 4330 2739 4380 Hist.
2767 4329 2830 4380 de
2856 4327 2976 4377 Lorr
2998 4330 3017 4390 )

1876 4419 2100 4476 Carolus
2131 4418 2299 4489 gratia
2337 4415 2426 4471 Dei
2463 4431 2555 4469 rex
2587 4413 2910 4468 Francorum
2937 4423 2987 4466 et
3015 4407 3390 4480 Langobardo-

1734 4504 1784 4564 D
1811 4528 1926 4568 rum
1947 4553 1961 4577 ,
1994 4519 2150 4581 atque
2185 4507 2439 4578 patricius
2472 4507 2852 4560 lloutanorum.
2887 4506 3107 4572 Oportet
3132 4501 3390 4556 serenitas

1807 4621 2008 4673 nostra,
2034 4618 2087 4662 ut
2113 4623 2174 4662 ea
2201 4621 2320 4676 qum
2342 4622 2369 4658 a
2399 4603 2639 4658 ﬁdelibus
2667 4602 2860 4655 nostris
2891 4595 3148 4665 postulata
3175 4593 3387 4656 iuerint,

1802 4699 1946 4770 juste
1973 4709 2026 4753 et
2058 4696 2446 4752 rationabiliter
2477 4709 2572 4762 pro
2611 4690 2828 4746 servitio
2867 4697 2920 4742 et
2950 4684 3232 4751 ﬁdelitate,
3270 4697 3390 4751 qua:

1807 4791 1946 4844 circa
1975 4788 2271 4858 genitorem
2304 4801 2480 4840 meum
2509 4782 2792 4854 Pippinum
2833 4794 3010 4848 regem
3039 4788 3095 4832 et
3124 4777 3261 4830 circa
3303 4789 3390 4829 me

1812 4881 2012 4935 habere
2041 4879 2311 4944 videntur,
2340 4874 2417 4929 eis
2447 4873 2721 4941 impertire
2748 4871 3056 4926 debeamus.
3099 4867 3288 4922 Notum
3320 4866 3391 4922 sit

1808 4970 2056 5025 omnibus
2090 4967 2336 5022 ﬁdelibus
2366 4965 2597 5031 nostris,
2638 4974 2741 5018 tam
2771 4973 2820 5016 et
2853 4957 3205 5031 przesentibus
3232 4972 3389 5027 quam

1810 5073 1864 5118 et
1892 5062 2108 5125 tuturis,
2148 5059 2375 5130 qualiter
2410 5056 2636 5112 veniens
2667 5053 2925 5110 Folradus
2953 5053 3257 5122 capellauus
3288 5066 3379 5120 pa-

1814 5232 1935 5270 num
1960 5213 2083 5268 781.
2114 5211 2244 5265 Cum
2307 5227 2433 5265 vero
2488 5207 2786 5271 llitherius,
2843 5219 2999 5274 quem
3034 5204 3388 5271 Scltmpﬁinus

1815 5290 1954 5340 male
1983 5284 2164 5340 seribit
2199 5283 2488 5341 Ritherius,
2527 5295 2628 5332 nun
2660 5277 2886 5337 amplius
2909 5281 3110 5343 legatur
3127 5275 3389 5330 cancella-

1814 5361 1922 5411 rius
1950 5356 2000 5408 in
2035 5353 2233 5408 chartis
2259 5360 2377 5421 post
2405 5365 2598 5404 annum
2645 5348 2770 5413 776,
2793 5353 2883 5402 sed
2916 5346 3080 5410 Ratio,
3139 5347 3388 5399 eumdem

1815 5429 2294 5564 “remigium,
2323 5491 2474 5564 vicus
2523 5490 2588 5564 ad
2632 5489 2824 5564 Isaram
2877 5487 3132 5564 hactenus
3163 5486 3392 5564 ver-aha-

1817 5568 1924 5622 lum
1951 5556 2180 5628 Chiersﬁ
2213 5565 2326 5631 sive
2372 5561 2541 5615 liiersi
2574 5563 2852 5631 retinens._
2892 5557 2965 5631 De
3017 5556 3286 5631 (inrisiaco
3334 5563 3392 5609 et

1816 5637 1931 5706 ejus
1959 5649 2085 5689 vero
2107 5627 2211 5689 situ
2240 5627 2358 5702 lege
2384 5648 2502 5700 qua:
2531 5633 2720 5706 multis
2733 5628 2902 5706 tradit
2941 5629 2991 5706 in
3019 5627 3392 5706 disquisitione

1818 5698 2040 5762 Michael
2063 5698 2382 5766 Gertuanits,
2403 5698 2545 5774 apud
2569 5702 2927 5768 Mabillouem,
2946 5699 3012 5754 de
3035 5700 3111 5756 lie
3128 5698 3391 5768 diploma-

1821 5779 1945 5849 tica,
1968 5777 2059 5833 lib.
2085 5791 2137 5844 ν,
2167 5792 2285 5846 pag.
2310 5771 2574 5830 258-268.
