3964 6344
586 326 700 393 958

1452 388 1457 391 .
1518 335 1575 391 Β.
1614 334 1865 393 οΑιιοιι
1903 332 2119 399 MAGNI
2155 327 2306 387 OPP.
2341 327 2520 387 PARS
2558 328 2600 396 Ι,
2639 326 2885 387 SESTIO
2920 327 2989 384 ll.

3759 332 3852 387 960

583 440 699 499 latii
742 442 931 509 nostri,
969 452 1022 498 et
1062 442 1197 497 abba
1245 444 1416 499 sancti
1465 446 1734 517 Dionysii;
1784 446 1941 501 nobis
1988 445 2164 502 retulit
2193 444 2247 503 Δ
2271 455 2386 493 rum
2408 454 2470 495 ac
2487 439 2738 510 patricius
2764 440 3145 496 Romanorum.
3171 438 3494 510 [incipientia
3520 442 3680 511 regni
3703 450 3843 501 nostri

586 530 917 601 privilegium
955 549 989 588 a
1029 534 1270 601 patribus
1306 538 1473 591 sancti
1515 538 1786 609 Dionysii,
1816 552 1972 608 quam
2012 553 2171 594 seno-

583 621 720 677 dalis
745 624 1177 697 consilius‘anno.
1201 641 1342 681 nono
1370 626 1437 680 ad
1477 626 1649 682 Patris
1692 629 1900 683 Brutina
1939 644 2005 685 ex
2046 644 2169 695 pro-

584 715 748 769 misso
791 715 1156 785 Angelramno
1195 717 1452 785 episcopo
1499 727 1554 773 et
1598 718 1859 774 Willtario
1902 719 2167 788 archiepi-

581 815 748 871 scopo
775 806 1165 859 constituerunt
1194 804 1262 861 de
1292 820 1377 860 res
1418 808 1757 876 proprietatis
1794 822 1949 875 suae,
1968 807 2021 861 in
2050 808 2168 863 loco

581 893 671 962 qui
715 895 911 959 dicitur
949 896 1170 960 Salona,
1218 912 1339 967 qua
1375 908 1459 957 eet
1492 907 1832 958 constructus
1874 900 1926 957 in
1965 900 2167 956 honore

581 997 781 1042 sancta
830 987 922 1045 Dei
967 988 1277 1056 Genitricis,
1319 1000 1375 1047 et
1419 993 1696 1048 beatorum
1747 1003 2061 1065 martyrum,
2110 1003 2165 1050 et

582 1077 957 1139 confessorum
996 1095 1050 1135 et
1081 1082 1347 1150 virginum
1378 1100 1393 1138 :
1426 1084 1515 1138 ubi
1555 1095 1769 1139 sanctus
1807 1084 2070 1151 Privatus,
2109 1095 2167 1142 et

580 1177 798 1225 sanctos
838 1171 1045 1248 lllanius
1082 1172 1362 1229 confessor
1401 1174 1735 1243 requiescere
1772 1174 2018 1231 videntur
2057 1192 2071 1229 :
2111 1183 2167 1230 et

581 1275 702 1314 meo
729 1260 783 1316 in
813 1262 1089 1332 privilegio
1114 1263 1375 1320 insertum
1407 1264 1738 1331 invenimus,
1768 1274 1828 1320 ut
1856 1280 2028 1336 neque
2057 1268 2167 1321 An-

511 1378 516 1392 α
579 1349 888 1419 gelratnnus
916 1351 1218 1421 etdecopus,
1254 1368 1431 1424 neque
1467 1368 1807 1411 successores
1844 1356 1950 1419 sui,
1990 1370 2161 1425 neque

578 1440 1009 1521 archidiaconus,
1061 1460 1234 1514 neque
1279 1446 1473 1500 missos
1518 1446 1766 1502 ecclesia:
1812 1463 1922 1503 sum
1964 1449 2181 1504 Medio-n

578 1536 857 1598 matrices,
887 1535 959 1589 ibi
987 1536 1038 1591 in
1070 1535 1187 1605 ipso
1210 1537 1458 1592 ctenobio
1481 1537 1808 1605 pontificium
1835 1537 2032 1594 habere
2058 1554 2162 1592 non

577 1624 831 1692 debeant,
864 1628 964 1681 nisi
994 1627 1038 1683 si
1066 1628 1238 1683 abbas
1263 1630 1431 1685 sancti
1466 1629 1699 1701 Dionysii
1729 1630 2041 1700 expetierit,
2071 1645 2164 1686 or-

577 1715 882 1773 dinationes
912 1716 1159 1784 faciendi,
1190 1719 1595 1785 cbrismetandi,
1624 1731 1676 1776 et
1710 1722 1912 1776 tabulas
1943 1722 2163 1778 benedi-

576 1806 758 1864 cendi.
802 1807 1249 1876 Interrogavimus
1279 1812 1693 1877 Angelramnnm
1730 1812 2073 1881 episcopum,
2112 1815 2156 1867 si
2191 1790 2238 1849 Β

577 1895 752 1968 ipsum
782 1899 1116 1969 privilegium
1137 1905 1443 1959 consentire
1464 1903 1778 1960 debuisset?
1807 1906 1869 1959 Et
1896 1906 2011 1975 ipse
2042 1907 2159 1961 nul-

576 1988 785 2044 latenus
811 1992 1113 2065 denegavit,
1138 1997 1238 2051 nisi
1268 1997 1405 2051 sicut
1425 2007 1478 2053 et
1498 1999 1834 2057 cbuenodale
1855 2000 2157 2075 [synodale]

574 2080 800 2136 consilio
824 2086 1229 2153 constituerunt
1242 2088 1541 2154 coepiscopi
1571 2090 1685 2155 sui;
1719 2088 1796 2147 sic
1817 2092 2155 2161 consentivit,

573 2170 715 2227 sicut
745 2172 859 2241 ipse
900 2174 1443 2247 privilegiuslclariter
1475 2180 1727 2235 innotuit.
1757 2180 2044 2249 PrOpterea
2076 2192 2175 2236 law

572 2261 679 2317 lem
720 2274 1044 2336 praeceptum
1073 2275 1129 2322 et
1156 2268 1623 2343 conﬁrmationem
1665 2287 1977 2339 permanere
2016 2289 2156 2342 pra:-

570 2354 798 2423 eipimos
837 2356 901 2410 ad
951 2358 1189 2427 partibus
1229 2360 1400 2415 sancti
1446 2360 1708 2432 Dionysii,
1756 2373 1812 2418 ut
1860 2374 1976 2431 post
2017 2364 2157 2420 hunc

571 2445 714 2503 diem
774 2446 951 2503 nullos
997 2449 1254 2518 quislibet
1288 2451 1697 2521 episcoporum,
1743 2469 1916 2523 neque
1964 2456 2160 2524 Angel-

570 2548 816 2602 ramnus,
847 2544 942 2591 aut
966 2551 1306 2594 successores
1333 2541 1436 2605 sui,
1469 2539 1586 2609 ipso
1614 2543 1858 2597 ccenobio
1888 2560 1993 2602 non
2022 2561 2157 2601 con-

572 2626 776 2695 tingat,
824 2626 926 2682 nisi
974 2628 1044 2684 sit
1089 2630 1188 2685 sub
1234 2633 1523 2687 emonitate
1564 2641 1618 2689 et
1665 2636 1939 2706 privilegio
1986 2639 2155 2693 salicti

572 2717 832 2787 Dionysii,
873 2720 1012 2773 sicut
1039 2729 1264 2776 ca-teras
1291 2724 1567 2789 ecclesias,
1607 2740 1738 2793 quas
1774 2727 1842 2780 de
1881 2727 1992 2795 ipsa
2028 2744 2159 2784 casa

570 2811 743 2864 sancti
784 2810 1021 2881 Dionysii
1059 2810 1299 2878 aSPicet‘e
1336 2812 1607 2869 videntur.
1661 2815 1723 2870 Et
1765 2817 1988 2873 terrolas
2024 2835 2156 2888 quas

572 2904 962 2971 Angelramnus
990 2914 1045 2959 ct
1077 2904 1334 2961 Folradns
1378 2905 1512 2961 infra
1557 2908 1674 2975 ipso
1704 2924 1833 2979 agro
1874 2910 2071 2965 Salona
2102 2921 2158 2967 et

571 2994 680 3049 ﬁne
725 3004 1304 3053 commutaverunt.....
1356 2995 1544 3055 Simile
1594 2999 1752 3055 modo
1797 3016 1861 3054 ex
1911 3010 2154 3058 nostrum

569 3089 893 3157 permissum
933 3096 988 3144 et
1025 3089 1489 3144 conﬁrmationem
1536 3090 1736 3160 absque
1778 3092 2155 3161 episcoporum

569 3180 823 3237 hit-tensis
866 3181 1119 3236 Ecclesia:
1161 3180 1624 3249 impedimentum,
1672 3197 1792 3250 pars
1823 3182 1880 3238 S.
1917 3183 2155 3256 Dionysii

568 3291 672 3331 una
703 3291 825 3330 cum
853 3276 969 3341 ipso
988 3274 1235 3329 cmnobio
1259 3274 1457 3329 Salone
1488 3273 1586 3328 sub
1616 3285 1849 3328 nostram
1875 3274 2155 3331 tuitionem

568 3378 626 3422 et
654 3368 1032 3424 deﬁ‘ensionem
1057 3407 1071 3432 ,
1117 3381 1505 3436 procerumque
1533 3377 1839 3421 noStrorum
1861 3407 1876 3430 ,
1919 3368 2157 3436 partibus

567 3460 741 3513 sancti
786 3458 1025 3527 Dionysii
1070 3458 1299 3512 debeant
1341 3459 1632 3526 reSpicere.
1670 3466 1726 3513 et
1764 3458 2012 3528 quicquid
2064 3475 2158 3527 per

569 3550 1018 3603 commutationes
1046 3563 1265 3615 regum,
1306 3559 1397 3601 aut
1426 3548 1801 3613 donationem,
1841 3558 1933 3602 aut
1963 3550 2161 3606 collata

570 3641 770 3694 ibidem
815 3638 991 3706 populi
1026 3638 1295 3702 additum,
1326 3647 1417 3691 aut
1454 3646 1763 3707 censatnm,
1804 3648 1857 3692 et
1896 3639 2155 3695 Folradus

569 3728 639 3783 de
682 3742 778 3781 sua
821 3741 908 3791 res
951 3727 1067 3795 ipso
1096 3727 1340 3782 cmnobio
1380 3727 1588 3793 ditavit,
1635 3727 1734 3782 sub
1771 3729 2062 3785 emunitate
2101 3739 2157 3786 et

569 3813 901 3870 deﬁensione
936 3816 1107 3870 sancti
1152 3816 1419 3887 Dionysii,
1451 3818 1707 3885 omnique
1746 3828 1988 3886 tempore
2028 3835 2146 3889 per-

570 3918 788 3961 tumere
815 3904 1061 3968 debeant,
1084 3919 1149 3958 ex
1181 3917 1360 3960 nostra
1386 3907 1707 3960 authoritate
1730 3906 2101 3963 conﬁrmatum
2134 3927 2147 3962 :

568 4005 627 4050 ut
654 3995 843 4049 melius
873 3995 1099 4050 delectet
1132 3996 1299 4065 ipsam
1325 3999 1787 4066 congregationem
1813 4001 1986 4054 sancti
2019 4000 2149 4056 Din-

568 4088 707 4158 nysii
739 4099 792 4142 et
823 4090 989 4142 sancti
1024 4089 1330 4155 l’rivati,.et
1358 4091 1526 4144 sancti
1560 4090 1753 4156 lllarii,
1796 4107 1892 4161 pro
1921 4092 2072 4148 nobis
2098 4103 2152 4148 et

569 4194 669 4249 pro
692 4179 793 4244 eis,
822 4194 1094 4246 uxoreque
1133 4189 1332 4246 nostra,
1367 4179 1576 4234 Domini
1618 4180 2035 4236 misericordiam
2068 4193 2152 4238 at-

567 4269 764 4322 tentius
792 4267 1103 4335 deprecare.
1138 4269 1215 4322 Et
1241 4280 1294 4322 ut
1337 4269 1449 4323 haec
1487 4271 1780 4325 autltoritas
1813 4272 2013 4326 ﬁrmior
2052 4274 2150 4327 ha-

568 4357 776 4423 bitatur,
817 4358 896 4411 vel
938 4373 1034 4427 per
1071 4369 1307 4427 tempora
1350 4361 1538 4415 melius
1577 4370 1943 4429 conservetur,
1986 4377 2148 4417 manu

569 4459 750 4502 nostra
786 4447 997 4517 propria
1029 4451 1209 4503 subter
1246 4465 1361 4504 eam
1395 4451 1744 4517 ﬁrmavimus,
1776 4460 1833 4506 et
1857 4450 1924 4507 de
1949 4451 2147 4507 annulo

566 4551 753 4595 nostro
784 4540 1152 4610 sigillavimus.

643 4632 862 4701 Signum
893 4631 1067 4686 Caroli
1098 4631 1460 4703 gloriosissimi
1492 4631 1653 4701 regis.

642 4724 841 4779 Nomen
872 4735 918 4778 et
949 4725 1150 4794 signum
1179 4723 1473 4777 cancellarit'
1502 4723 1761 4778 omissum.

641 4816 826 4870 Datum
854 4814 995 4885 quod
1028 4815 1148 4868 fecit
1177 4813 1478 4869 Decembris
1506 4814 1737 4871 (ἤθεα...
1779 4822 1923 4867 anno
1950 4829 2001 4869 x.
2047 4814 2149 4870 lie-

565 4911 760 4979 guante
786 4908 983 4960 domno
1014 4912 1198 4959 nostro
1227 4906 1418 4959 Carolo
1454 4920 1601 4973 rege.
1643 4907 1833 4960 Actum
1864 4906 2029 4975 Aquis
2059 4922 2149 4977 pa-

568 5001 694 5055 latio
719 4999 948 5072 publicii‘,
971 4999 1028 5052 in
1060 4995 1151 5052 Dei
1181 4997 1392 5050 nomine
1419 4996 1661 5053 fe'iciter.
1694 4998 1886 5052 Amen.

563 5079 576 5099 '
1222 5085 1486 5142 XXXVII.

569 5196 593 5223 ⁸
626 5183 797 5240 Caroli
822 5181 1004 5251 Magni
1028 5191 1358 5249 priet-cptum,
1388 5198 1487 5245 quo
1515 5197 1686 5235 omnes
1715 5178 2018 5248 Dionysiani
2040 5194 2149 5233 mo-

742 5255 947 5307 nasterii
978 5254 1318 5306 immunita!“
1345 5252 1609 5322 conﬁrmat
1641 5254 1797 5321 (anno
1824 5251 1972 5319 778).

926 5343 1020 5404 (Ex
1043 5342 1243 5405 διεὼίιι.⁷
1261 5342 1324 5392 de
1341 5339 1413 5392 Re
1447 5338 1790 5405 diplomatica.)

640 5428 863 5483 Carolus
890 5428 1058 5499 gratia
1087 5428 1182 5507 Dei
1211 5443 1304 5483 rex
1334 5427 1664 5482 Francorum
1689 5434 1745 5481 et
1769 5423 2151 5492 Longobardo-

646 5594 671 5623 ει
699 5582 931 5638 Observa
963 5586 1013 5638 in
1065 5584 1166 5639 hoc
1216 5584 1504 5652 diplomate
1542 5578 1848 5636 conﬁrmari
1884 5593 1934 5652 τιΔ
1957 5577 2148 5652 Carolo

570 5653 758 5719 Magno
788 5657 1099 5709 donationes
1145 5649 1329 5709 eorum
1358 5656 1445 5722 qui
1481 5654 1561 5707 vel
1591 5668 1649 5706 se
1680 5664 1865 5705 servos
1898 5649 2149 5701 Ecclesia:

572 5724 856 5800 vovebant,
886 5726 967 5778 vol
997 5727 1083 5793 qui
1122 5726 1185 5778 ad
1244 5728 1590 5800 tnottasticutn
1625 5724 1922 5800 institutum
1952 5733 2151 5800 convo-

568 5793 762 5861 lentes,
797 5812 853 5847 sc
886 5810 1082 5865 sumpti:
1114 5798 1291 5851 omnia
1323 5793 1660 5849 conferebant
1691 5810 1704 5859 ;
1744 5793 1885 5849 unde
1919 5793 2151 5846 tttaxitne

2268 539 2513 601 affectum
2528 539 2597 595 de
2613 550 2792 596 nostra
2813 542 3085 598 erectione
3101 543 3307 612 integro
3320 543 3631 599 auxiliante
3644 541 3843 601 Domino

2268 647 2501 717 vigilavi,
2524 657 2576 704 et
2608 664 2703 717 pro
2730 649 2842 720 ipsa
2874 649 3012 704 bona
3041 664 3204 719 opera
3253 658 3470 705 auctum
3504 667 3636 706 cum
3686 656 3845 707 consi.

2269 747 2398 807 litim
2430 748 2750 817 ponteﬁcutn
2783 748 2867 803 vel
2894 750 3165 805 seniorum
3196 750 3521 819 optimatum
3558 759 3837 808 nostrorum

2266 851 2561 903 emnnitate
2584 864 2679 918 pro
2709 861 2893 904 nostro
2914 849 3338 905 conﬁrmandum
3366 865 3605 921 regnum
3636 862 3692 907 et
3717 867 3836 908 mer-

2266 934 2397 995 cede
2418 942 2501 994 vel
2532 940 2932 1009 ittepiscendum
2964 941 3128 995 vitam
3157 954 3410 996 mternam
3445 957 3715 998 renovare
3733 944 3837 999 deli.

2272 1029 2546 1097 heremus,
2572 1030 2711 1096 quod
2733 1031 2805 1084 ita
2828 1040 2883 1086 et
2904 1031 3143 1087 fecimus.
3166 1033 3302 1101 Ergo
3323 1040 3546 1101 Oportet
3567 1033 3835 1089 clementis
3918 1032 3919 1049 ‘

2269 1120 2559 1190 principale
2576 1121 2711 1177 inter
2725 1132 2932 1177 ceteras
2949 1123 3231 1191 petitiones
3253 1124 3378 1178 illud
3395 1124 3555 1196 quod
3581 1139 3676 1194 pro
3693 1127 3835 1183 salute
3918 1128 3919 1189 ξ

2265 1210 2609 1277 adscribitur,
2641 1220 2694 1266 ct
2725 1229 2819 1280 pro
2848 1214 3034 1269 divino
3080 1216 3292 1271 nomine
3323 1218 3659 1284 postulatur,
3691 1220 3833 1285 placa-
3918 1240 3919 1277 ξ

2267 1303 2371 1358 bile
2396 1303 2635 1359 auditum
2659 1319 2971 1374 suscepere,
2993 1315 3046 1362 et
3072 1307 3249 1375 procul
3272 1307 3500 1361 dubium
3525 1309 3593 1361 ad
3617 1307 3831 1363 effectum

2267 1395 2559 1471 perducere
2580 1413 2594 1451 :
2616 1406 2877 1466 quatenus
2908 1398 2976 1453 de
3005 1398 3218 1453 caducis
3258 1400 3417 1454 rebus
3455 1403 3730 1466 praesentis
3754 1417 3832 1457 sa:-

2264 1484 2370 1540 culi
2407 1500 2606 1543 mterna
2636 1489 2965 1558 conquiritur
2996 1488 3145 1556 juxta
3185 1499 3518 1558 praeceptum
3547 1490 3745 1545 Domini
3770 1492 3831 1543 di-
3918 1484 3919 1537 ἶ

2265 1586 2450 1631 centes
2484 1594 2496 1629 :
2530 1574 2712 1631 Facite
2742 1580 2892 1632 vobis
2921 1580 3124 1632 amicus
3155 1580 3223 1633 de
3254 1594 3514 1634 mamona
3548 1580 3824 1647 iniquitatis.

2269 1651 2404 1736 Ergo
2428 1667 2494 1721 de
2519 1683 2769 1722 mamone
2798 1668 3091 1740 iniquitatis
3116 1671 3267 1739 juxta
3315 1670 3495 1739 ipsius
3535 1672 3726 1730 dictum
3752 1686 3825 1725 nos

2266 1768 2476 1827 oportet
2505 1775 2743 1814 mercare
2784 1770 2979 1814 aeterna
3008 1763 3241 1816 (-tclestia
3271 1780 3287 1814 :
3318 1762 3489 1816 udum
3522 1764 3821 1818 soccrdotuut

2272 1863 2565 1923 congruum
2585 1852 2917 1918 impertimus
2934 1852 3209 1916 beneﬁcia,
3230 1852 3615 1908 retributorem
3634 1855 3822 1910 Domino

2267 1956 2335 1997 ex
2357 1943 2456 1995 ltoc
2482 1942 2679 1997 habere
2699 1958 2999 1997 mereamur
3023 1942 3074 1996 in
3097 1953 3295 1998 eterna
3315 1946 3676 2000 tabernacuia.
3695 1947 3821 2016 Igitur

2265 2035 2585 2091 venerabilis
2619 2034 2698 2090 vir
2738 2034 2999 2093 Folradus
3035 2035 3171 2094 abba
3198 2039 3265 2091 de
3304 2038 3529 2093 basilica
3571 2043 3819 2110 pecoliaris

2265 2128 2474 2197 patroni
2508 2129 2673 2183 nostri
2699 2127 2879 2187 domui
2912 2128 3128 2183 Dionisii
3151 2130 3571 2201 martltyris,ubi
3591 2131 3698 2200 ipse
3715 2147 3815 2202 pre-t

2261 2222 2438 2274 ciosus
2462 2218 2687 2273 domnus
2712 2218 2763 2272 in
2786 2233 3010 2288 corpore
3041 2222 3353 2289 requiescit,
3379 2223 3658 2276 clementia
3686 2223 3813 2291 regni

2262 2309 2430 2365 nostri
2451 2310 2870 2383 supplicavit,co
2892 2310 3030 2381 quod
3060 2311 3126 2366 ab
3154 2316 3583 2370 antecessoribus
3610 2315 3799 2386 regibus

2259 2415 2289 2455 a
2323 2404 2480 2471 longo
2510 2409 2750 2471 tempore
2795 2404 2969 2457 omnis
2998 2405 3266 2459 emunitas
3316 2405 3386 2459 de
3427 2407 3572 2462 villas
3602 2409 3808 2475 [tralatae

2258 2502 2455 2547 sanctae
2486 2491 2719 2546 basilica:
2759 2491 3223 2553 fuitconcessum.
3261 2494 3411 2550 Unde
3436 2505 3487 2550 et
3527 2497 3654 2563 ipsas
3679 2511 3808 2564 prro

2259 2585 2538 2653 ceptiones
2565 2600 2756 2639 manus
2802 2586 3081 2641 roboratas
3111 2597 3167 2642 et
3199 2588 3349 2643 bona:
3374 2590 3618 2643 memoriae
3647 2604 3794 2658 gene-

2261 2683 2378 2729 tore
2412 2690 2532 2729 meo
2562 2674 2770 2744 Pippini
2817 2677 3045 2732 condam
3088 2678 3232 2746 regis
3261 2692 3311 2732 se
3338 2693 3432 2744 pra:
3458 2678 3681 2732 manibus
3703 2677 3792 2729 lia-

2259 2765 2388 2823 bcre
2412 2766 2689 2834 adﬁrmat,
2708 2775 2763 2821 et
2789 2770 2888 2820 boc
2915 2782 3080 2838 usque
3107 2782 3249 2823 nunc
3270 2769 3608 2824 inviolabiliter
3628 2769 3802 2823 asserit

2259 2872 2382 2911 esse
2423 2866 2822 2913 conservatum.
2859 2856 3010 2917 Unde
3064 2860 3215 2929 petiit
3256 2872 3313 2915 ut
3359 2860 3456 2916 hoc
3484 2875 3571 2928 per
3599 2869 3803 2915 nostram

2258 2949 2634 3004 auctoritatem
2664 2950 2840 3004 denuo
2869 2965 2963 3018 pro
2991 2965 3048 3006 re
3074 2953 3325 3007 ﬁrmitate
3352 2951 3492 3006 circa
3519 2952 3626 3022 ipso
3651 2960 3803 3005 sancto

2260 3040 2397 3107 loco,
2442 3043 2522 3097 vel
2572 3044 2811 3099 homines
2848 3043 2936 3113 qui
2964 3058 3022 3099 se
3061 3059 3182 3100 cum
3231 3045 3532 3101 substantia
3569 3043 3799 3101 eorumad

2181 3133 2227 3196 ς
2262 3135 2377 3202 ipsa
2408 3133 2622 3188 basilica
2655 3136 2870 3189 tradunt
2896 3138 2977 3213 vel
3000 3136 3324 3199 condonant,
3351 3138 3509 3208 juxta
3541 3137 3668 3209 quod
3688 3146 3797 3201 ante,

2263 3223 2420 3278 rioris
2447 3225 2587 3294 regis
2620 3241 2713 3294 per
2758 3241 2942 3281 eorum
2977 3230 3320 3284 auctoritates
3368 3230 3436 3284 ad
3483 3231 3599 3300 ipsa
3638 3230 3789 3284 basilica

2262 3313 2364 3370 hoc
2392 3318 2759 3380 praestiterunt
2799 3326 2855 3372 et
2889 3318 3294 3385 conﬁrmarunt,
3342 3320 3449 3376 hoc
3484 3321 3777 3377 iteratisrira

2263 3404 2377 3472 ipso
2432 3403 2622 3458 abbate
2679 3405 2976 3462 concedere
3026 3417 3079 3461 et
3136 3405 3458 3464 conﬁrmare
3522 3412 3766 3467 debet-uas.

2262 3492 2383 3548 Ideo
2413 3506 2701 3565 cognoscat
2750 3498 3071 3566 magnetudo
3116 3513 3207 3552 seu
3251 3500 3454 3554 utilitas
3488 3492 3775 3569 vestram

2260 3600 2356 3638 nos
2388 3600 2484 3654 pro
2514 3585 2811 3640 reverentia
2843 3587 3012 3658 ipsius
3037 3590 3203 3643 sancti
3234 3588 3333 3644 loci
3368 3590 3453 3645 vel
3502 3608 3600 3661 pro
3633 3590 3787 3659 quietin

2258 3673 2476 3729 d0.nitt0
2527 3675 2888 3730 fatnulantium
2935 3678 3351 3747 prumtissimam
3397 3679 3794 3736 voluntatemde-

2259 3783 2363 3821 nuo
2407 3770 2738 3821 concessisse
2787 3778 2842 3823 et
2896 3769 2948 3823 in
2977 3770 3220 3826 omnibus
3267 3772 3624 3829 conﬁrmasse
3668 3780 3796 3827 vestra

2259 3868 2551 3928 cognoscat
2587 3858 2826 3913 solertia.
2866 3860 3198 3930 Quapmpter
3228 3877 3320 3931 per
3353 3863 3498 3918 lianc
3535 3874 3797 3935 praereptus,

2259 3950 2396 4019 quod
2426 3949 2708 4018 specialius
2729 3952 3066 4006 decernimus
3094 3963 3147 4005 ct
3173 3954 3224 4009 in
3257 3962 3580 4023 perpetuum
3608 3957 3799 4009 volutans

2255 4056 2374 4097 esse
2419 4057 2748 4112 mansurum,
2800 4041 3076 4115 jubemus,
3109 4054 3163 4098 ut
3194 4061 3365 4115 neque
3396 4061 3522 4113 vos,
3570 4062 3723 4118 neque
3741 4046 3803 4115 ju-

2254 4136 2458 4199 niores,
2488 4147 2581 4185 seu
2614 4146 2955 4187 successores
2984 4134 3169 4201 vestri,
3201 4151 3297 4190 nec
3325 4135 3586 4205 quislibet
3613 4139 3674 4191 de
3702 4136 3804 4206 judi-

2253 4225 2395 4278 caria
2423 4222 2686 4299 potestate
2713 4228 3001 4293 accinctus,
3037 4226 3089 4280 in
3130 4228 3294 4282 curtis
3335 4230 3582 4296 praefata:
3619 4230 3806 4286 bisdica

2252 4311 2433 4369 domni
2465 4315 2689 4371 Dionisii
2736 4316 2822 4371 ubi
2866 4325 2919 4372 et
2968 4316 3079 4384 ubi,
3125 4318 3179 4373 in
3215 4333 3590 4391 quascumque
3610 4337 3749 4393 pagos
3768 4320 3810 4373 in

2260 4421 2424 4476 regno
2468 4408 2573 4461 Deo
2613 4406 2841 4476 propitio
2884 4417 3088 4476 nostro,
3129 4411 3269 4479 quod
3299 4409 3364 4464 ad
3391 4411 3482 4466 die
3528 4429 3653 4483 pars
3682 4412 3809 4481 ipsius

2175 4500 2229 4564 Β
2265 4501 2569 4553 monasterii
2601 4501 2890 4568 possedere
2912 4500 2993 4554 vel
3019 4499 3297 4554 dominare
3324 4503 3561 4571 videtur,
3596 4506 3673 4559 vel
3702 4502 3809 4573 quell

2248 4605 2279 4644 a
2312 4589 2419 4643 Deo
2442 4589 2752 4643 timentibus
2776 4588 3084 4646 hominibus
3112 4605 3205 4660 per
3232 4591 3464 4659 legitima
3493 4593 3812 4645 instrumenta

2251 4680 2448 4735 ibidem
2494 4680 2590 4733 fuit
2639 4694 2977 4745 cencessum,
3018 4690 3110 4734 aut
3148 4682 3355 4735 inantea
3391 4681 3553 4737 fuerit
3583 4683 3815 4743 additust,

2247 4780 2406 4840 atque
2433 4754 2756 4841 delegatum,
2788 4786 2888 4825 nec
2917 4771 2984 4826 ad
3019 4785 3207 4826 causas
3251 4772 3607 4839 audiendum,
3642 4788 3731 4827 nec
3764 4770 3816 4823 ad

2248 4863 2580 4931 ﬁdvjussons
2619 4861 2939 4929 tollendum,
2985 4878 3083 4918 nec
3121 4862 3186 4918 ad
3228 4862 3375 4918 [reda
3403 4867 3816 4933 exiendum,uec

2250 4953 2318 5007 ad
2351 4955 2642 5007 mansionis
2672 4953 2994 5018 faciendum,
3021 4969 3117 5010 nec
3141 4962 3372 5025 paratas,
3405 4971 3509 5010 nec
3534 4958 3677 5012 ullas
3703 4954 3819 5011 redi.

2247 5043 2478 5099 bitiones
2524 5046 2905 5114 requirendum
2957 5045 3159 5115 ingredi
3201 5061 3301 5100 nec
3364 5046 3587 5117 exigere
3634 5058 3819 5118 quoque

2256 5145 2495 5204 tempore
2524 5139 2732 5202 penitus
2756 5150 2858 5188 non
2883 5144 3254 5204 praeminatur,
3276 5137 3377 5190 nisi
3404 5139 3657 5206 quicquid
3682 5142 3820 5191 ﬁscus

2249 5237 2431 5281 noster
2460 5226 2653 5281 exinde
2687 5227 2918 5295 poturrit
2947 5240 3187 5294 sperare,
3217 5227 3398 5279 omnia
3425 5237 3478 5280 et
3512 5229 3562 5280 in
3593 5228 3822 5280 omnibus

2249 5333 2347 5388 pro
2370 5318 2629 5372 mercedis
2657 5326 2852 5371 nostra:
2898 5317 3249 5384 conpendium
3275 5331 3395 5372 cum
3432 5317 3620 5372 omnis"
3661 5317 3822 5372 fredus

2249 5408 2315 5466 ad
2337 5411 2599 5480 integrum
2623 5410 2835 5465 sibimet
2856 5423 3145 5466 concessus
3174 5410 3252 5481 (ut
3274 5408 3473 5464 dictum
3496 5410 3603 5482 est)
3632 5412 3822 5481 inspec-

2251 5569 2696 5626 tnonasleriorum
2751 5567 3029 5622 facnltates
3077 5575 3441 5621 accreverunt.
3491 5565 3628 5620 Nota
3678 5566 3821 5618 etiam

2251 5658 2437 5696 vocem
2466 5642 2691 5710 genitore
2716 5654 2844 5693 meo.
2866 5654 2967 5705 qua
2998 5639 3224 5710 Carolus
3247 5641 3430 5710 utitur,
3449 5649 3511 5710 ut
3543 5638 3595 5710 in
3619 5638 3731 5710 alio
3753 5635 3823 5685 di-

2255 5708 2483 5781 plomate
2510 5721 2667 5779 cruto
2703 5726 2766 5761 ex
2799 5709 3018 5781 arcbivo
3040 5709 3207 5761 sant-ti
3240 5708 3511 5763 Michaelis
3524 5708 3588 5762 ad
3613 5708 3821 5771 Mosam,

2253 5779 2457 5838 tzttttctsi
2492 5781 2674 5848 plural)
2704 5779 2859 5834 modo
2900 5780 2949 5834 iu
2981 5788 3123 5835 textu
3152 5780 3403 5848 loquitur.
