3964 6344
131 401 217 455 OGI
423 395 663 452 CUDEX
705 388 1234 450 DIPLOMATICL'S.
1277 423 1346 436 —
1387 387 1798 448 I‘RIVILEGIA.
1824 415 1892 427 -—-
1922 385 1962 441 I.
2004 383 2250 441 PRIVIL.
2293 387 2427 442 PER
2468 385 2746 442 ΟΛῌΛᾸΞ
2787 387 3072 446 PARTES.

3272 387 3380 447 961

124 527 194 568 tas
229 516 364 581 ipsas
405 515 796 582 pra-ceptioucs
834 513 1156 566 anteriorum
1198 521 1402 578 regum;
1441 509 1522 564 vel
1553 510 1700 577 juxta
1730 511 1780 570 Α
1807 506 1886 558 sui
1921 514 2136 573 propter
2162 522 2356 560 nomen
2388 505 2592 560 Domini
2631 506 2715 560 vel
2745 506 2914 560 sancti
2961 505 3234 561 Michaelis
3283 508 3384 562 sub

121 609 246 675 quod
286 620 526 672 praesens
577 615 758 657 nostra
805 612 1094 657 conterrere
1134 603 1341 656 videtur
1391 601 1701 664 auctoritas,

122 695 355 766 quicquid
388 693 509 763 Ipse
539 703 762 748 sanctus
788 695 937 747 locus
967 696 1031 746 ad
1059 694 1146 747 die
1178 704 1436 763 prasente
1466 693 1547 762 (ut
1571 692 1706 745 dixi-

125 793 248 858 mus)
279 787 478 841 habere
522 786 755 848 videtur,
796 802 953 852 quam
1001 788 1138 854 quod
1192 787 1242 840 in
1290 787 1623 854 peslmodum
1672 798 1702 837 a

127 881 223 932 Deo
255 879 565 931 timentibus
598 876 900 930 hominibus
947 878 1028 930 vel
1061 892 1088 929 a
1134 877 1287 931 nobis
1318 877 1511 928 ibidem
1543 875 1699 928 fuerit

129 972 356 1026 additum
404 969 489 1024 vel
535 970 827 1036 conlatum,
873 984 964 1023 seu
1009 969 1429 1038 quibuscumque
1473 968 1614 1037 juste
1644 975 1699 1020 et

125 1059 506 1115 rationabiliter
552 1073 676 1113 cum
727 1074 888 1114 omne
937 1060 1239 1114 substancia
1293 1074 1386 1112 sua
1443 1058 1508 1112 ad
1554 1059 1699 1126 ipsos

129 1155 436 1210 monasterio
459 1168 520 1208 se
539 1153 836 1219 tradiderit,
862 1163 916 1208 et
937 1170 1023 1209 res
1046 1171 1168 1209 suas
1193 1170 1286 1224 per
1308 1155 1534 1223 legitima
1561 1164 1701 1206 stru-

131 1256 293 1300 menta
321 1245 517 1299 ibidem
553 1245 880 1314 delegaverit
912 1246 992 1298 vel
1022 1246 1334 1310 lirmaveril,
1366 1247 1463 1299 sub
1492 1245 1695 1313 integra

129 1336 403 1392 rmunitate
453 1337 522 1390 ad
554 1337 645 1392 die
677 1347 940 1404 praesente
986 1339 1164 1391 valeat
1194 1338 1440 1392 resedere
1481 1340 1698 1408 quietus

127 1441 272 1497 atque
318 1443 566 1491 securus,
619 1437 672 1482 et
716 1430 809 1496 (ut
837 1428 1034 1482 dictum
1067 1430 1178 1487 εει)
1224 1430 1471 1498 quicquid
1506 1429 1699 1484 exinde

131 1523 333 1577 forsitan
367 1522 530 1574 fiscus
559 1532 750 1596 noster
779 1535 996 1589 sperare
1037 1531 1300 1589 potuerat,
1331 1519 1382 1574 in
1417 1511 1699 1574 Iuminarié

129 1612 216 1666 bus
251 1613 330 1666 vel
371 1612 423 1665 in
473 1611 757 1678 stipendiis
802 1625 896 1664 seu
934 1619 986 1666 et
1027 1612 1078 1665 in
1118 1612 1380 1666 elimonils
1411 1625 1697 1681 pauperum

130 1703 280 1771 ipsius
325 1703 642 1755 monasterii
689 1704 995 1772 perenniter
1025 1717 1120 1770 pro
1151 1704 1345 1758 nostris
1370 1705 1600 1758 oraculis
1630 1703 1695 1757 ad

132 1796 374 1862 integrum
408 1794 460 1847 itt
495 1794 678 1847 omnia
711 1803 766 1847 et
793 1809 854 1846 ex
887 1793 1134 1847 omnibus
1164 1795 1233 1849 sit
1274 1809 1585 1849 concessum
1616 1804 1699 1846 at-

1807 596 2013 666 iutegre
2041 597 2346 652 emunitatis
2395 598 2609 653 nomine
2657 597 2799 667 ipsas
2844 613 2929 653 res
2980 597 3152 651 valeat
3201 598 3380 653 domi-

1806 705 1954 746 nare.
1987 691 2340 761 Precipienles
2369 708 2496 765 ergo
2518 693 2768 763 jubemus
2791 736 2806 761 ,
2861 703 2918 748 ut
2947 709 3121 764 neque
3143 709 3256 758 vos,
3288 709 3383 749 ne-

1803 799 1905 852 que
1930 786 2188 851 iuniores,
2219 797 2310 840 aut
2333 801 2670 842 successores
2698 785 2878 852 vestri,
2911 802 3010 842 nec
3033 787 3133 841 ulla
3162 787 3378 856 publica

1799 875 2079 944 judiciaria
2113 887 2349 946 potestas
2371 895 2702 948 quocumque
2733 888 2974 947 tempore
3003 879 3054 933 in
3079 878 3237 934 villas
3263 879 3381 931 ubi-

1802 981 2034 1034 euntque
2065 965 2116 1020 in
2145 981 2310 1035 regno
2341 978 2547 1035 nostro,
2577 967 2676 1036 ipsi
2706 969 2934 1024 ecclesie
2978 976 3069 1021 aut
3098 967 3262 1037 regia,
3293 977 3384 1021 aut

1804 1057 2134 1123 privatorum
2184 1057 2265 1110 vel
2325 1056 2583 1110 bonorum
2644 1058 2916 1110 hominum
2971 1059 3213 1124 largitate
3265 1058 3378 1120 col-

1805 1148 1958 1214 latas,
1989 1149 2071 1203 vel
2097 1164 2198 1216 que
2220 1149 2433 1203 inautea
2465 1165 2560 1218 per
2586 1147 2748 1203 Deum
2773 1151 3020 1210 timentes
3052 1149 3248 1204 iuerint
3269 1153 3382 1204 col-

1801 1239 1924 1304 late,
1947 1241 2010 1292 ad
2038 1240 2330 1293 audiendas
2353 1239 2732 1294 altercationes
2762 1241 2986 1310 ingredi,
3007 1249 3108 1294 aut
3138 1239 3283 1293 l'reda
3307 1239 3376 1294 de

1799 1330 2028 1397 qualibet
2050 1343 2208 1384 causa
2238 1333 2470 1399 exigere,
2519 1345 2615 1384 nec
2646 1332 2970 1397 mansimes,
2997 1341 3088 1386 aut
3116 1343 3328 1399 paratas
3354 1370 3372 1396 ,

1797 1421 1878 1474 vel
1947 1419 2282 1486 ﬁdeiussores
2339 1421 2525 1476 tollere
2578 1423 2930 1491 presumatis;
2977 1423 3071 1478 sed
3121 1422 3375 1490 quidquid

1799 1511 1991 1565 exinde
2018 1512 2461 1578 deservientibus,
2494 1513 2583 1582 qui
2615 1524 2738 1567 sunt
2793 1513 2927 1567 inira
2979 1527 3134 1582 agros
3164 1515 3248 1568 vel
3295 1515 3376 1566 vi-

1801 1615 1954 1666 neas,
1982 1617 2074 1656 seu
2106 1617 2268 1668 super
2296 1613 2467 1658 terras
2492 1603 2733 1672 predicte
2760 1605 2988 1662 ecclesie
3015 1606 3074 1660 S.
3107 1605 3380 1661 Michaelis

1800 1703 2223 1759 commanentes.
2257 1695 2341 1751 vel
2375 1696 2463 1764 qui
2490 1698 2682 1752 alicubi
2705 1707 3079 1763 commanent;
3108 1709 3159 1752 et
3186 1697 3380 1751 ibidem

1807 1785 2046 1854 legitimo
2076 1788 2264 1843 ordine
2293 1791 2532 1858 aspicere
2563 1790 2829 1856 videntur,
2861 1781 3028 1846 fiscus.
3071 1800 3252 1846 noster
3293 1799 3387 1845 aut

131 1859 499 1956 queindultum
535 1900 552 1937 :
591 1893 644 1936 ut
671 1884 747 1938 eis
776 1886 965 1937 melius
1006 1884 1236 1937 delectet
1273 1899 1368 1953 pro
1407 1884 1698 1938 stabilitate
1736 1859 1778 1918 Β
1805 1875 1869 1928 de
1900 1874 2068 1941 "eda.
2099 1887 2190 1932 MN
2236 1880 2590 1950 undicumqtle
2619 1882 2813 1951 Ροιετίι
2863 1897 3080 1948 sperare
3108 1897 3172 1937 οι
3205 1893 3382 1938 "05'ra

132 1977 264 2045 regni
295 1977 457 2030 nostri
499 1975 584 2029 vel
629 1989 726 2044 pro
755 1978 972 2042 quietim
1018 1977 1347 2043 quibuslibet
1378 1976 1556 2031 Liudis
1600 1993 1696 2030 no-

134 2068 242 2121 suis
267 2065 471 2119 Domini
514 2065 940 2120 misericordiam
980 2069 1255 2122 adtencius
1298 2068 1604 2136 deprecare.
1638 2068 1704 2123 Et

134 2167 182 2211 ut
207 2158 310 2211 haec
338 2155 633 2210 auctoritas
665 2157 862 2209 nostris
894 2165 949 2210 et
981 2157 1172 2211 futuris
1206 2159 1533 2227 temporibus
1559 2160 1700 2214 circa

136 2248 239 2315 ipso
277 2255 458 2300 sancto
499 2246 623 2299 loco
667 2248 976 2314 perenniter
1014 2249 1165 2301 lirnta
1201 2257 1256 2301 ct
1294 2249 1539 2303 inviolata
1585 2266 1703 2318 per-

142 2351 335 2396 maneat
382 2341 467 2396 vel
523 2355 618 2410 per
655 2353 893 2406 tempora
943 2341 1126 2394 inhesa
1178 2343 1506 2396 CllSlOtIInllll‘
1546 2354 1703 2410 atque

142 2441 482 2496 conservetur,
514 2444 565 2486 et
593 2432 659 2484 ab
706 2433 952 2484 erunibus
976 2430 1174 2500 jutlicis
1205 2432 1395 2485 melius
1423 2434 1700 2499 credatur;

149 2527 334 2594 propria
361 2537 521 2578 manu
554 2524 899 2576 annotatione
926 2524 1224 2577 studuimus
1254 2525 1591 2580 adumbrare.

210 2610 416 2686 Signum
444 2615 620 2669 Caroli
651 2614 1019 2683 gloriosis~imi
1054 2616 1212 2684 regis.

204 2709 487 2765 Ciltbertus
536 2709 601 2763 ad
652 2711 821 2762 vit-em
874 2707 1105 2760 Radunis
1139 2709 1420 2777 recognovi
1465 2719 1515 2764 et
1573 2711 1701 2764 sub-

143 2802 243 2856 scri
253 2803 346 2868 psi.

213 2891 336 2947 Data
367 2890 416 2945 in
447 2905 622 2948 mense
645 2892 835 2948 Octub.
866 2908 1006 2946 anno
1040 2907 1092 2945 χι
1125 2902 1179 2946 ct
1210 2892 1393 2960 quinto
1425 2893 1573 2963 regni
1609 2907 1705 2948 n0-

145 2983 264 3038 stri.

215 3079 398 3129 Actum
423 3073 687 3144 Goddinga
709 3075 829 3128 villa
863 3073 912 3126 iu
944 3073 1034 3127 Dei
1062 3073 1278 3129 nomine
1303 3071 1552 3129 feliciter.

767 3164 1054 3220 XXXVIII.

1801 1969 2126 2037 Indulgentia
2162 1988 2258 2040 pro
2288 1974 2459 2027 futura
2501 1977 2677 2030 salute
2731 1976 2782 2029 in
2825 1976 3172 2030 Iuminaribus
3221 1977 3386 2046 ips-ius

1801 2062 2027 2115 ecclesia
2059 2079 2152 2128 per
2175 2079 2387 2118 manum
2419 2066 2688 2136 agentium
2718 2081 2904 2122 eorum
2926 2068 2990 2120 ad
3023 2068 3191 2136 ipsam
3215 2069 3385 2124 eccle-

1802 2151 1931 2204 siam
1961 2155 2200 2222 prolicipt
2231 2155 2280 2208 in
2339 2167 2681 2224 pzerp'tuum;
2731 2168 2783 2211 et
2812 2159 2951 2227 quod
3008 2173 3104 2213 nos
3162 2144 3383 2229 propter

1803 2257 1998 2298 nomen
2026 2244 2233 2299 Domini
2263 2256 2318 2300 et
2349 2248 2525 2302 anime
2553 2258 2734 2302 nostre
2759 2249 3050 2303 remedium
3075 2287 3091 2314 ,
3145 2265 3240 2304 seu
3292 2265 3390 2304 no-

1803 2344 1968 2388 8tram
1999 2335 2410 2404 subsequentem
2459 2340 2762 2407 progeniem
2795 2341 2946 2408 plena
2991 2339 3273 2396 devotione
3305 2343 3384 2396 in.

1803 2423 2084 2491 dulsimus,
2111 2443 2207 2482 nec
2251 2429 2444 2498 regalis
2473 2432 2769 2484 sublimitas
2803 2468 2820 2496 ,
2877 2447 2975 2486 nec
3025 2435 3387 2502 quorumlibet

1798 2515 2037 2585 judicutn
2081 2535 2199 2573 sera
2231 2521 2493 2586 cupiditas
2546 2522 2814 2593 refragare
2845 2533 3085 2594 tt-mptet.
3115 2527 3178 2581 Et
3209 2538 3262 2580 ut
3285 2527 3385 2582 bec

1804 2609 2096 2664 auctoritas
2129 2611 2333 2666 ﬁrmior
2377 2611 2655 2678 habeatur,
2685 2616 2764 2670 vel
2791 2630 2884 2684 pt'r
2916 2626 3154 2684 tempora
3199 2619 3388 2672 melius

1805 2711 2174 2766 conservetur,
2205 2717 2362 2755 manu
2405 2705 2618 2773 propria
2671 2705 2858 2760 subter
2905 2720 3021 2759 eam
3055 2707 3392 2762 decrevimus

1805 2791 2083 2858 roborare,
2113 2800 2168 2846 et
2195 2792 2260 2847 de
2285 2795 2444 2848 anulo
2491 2805 2674 2848 nostro
2696 2795 2952 2864 jnssimus
2982 2797 3237 2866 sigillare.

1879 2882 2105 2953 Signum
2134 2883 2308 2938 Caroli
2337 2886 2707 2954 gloriOsissimi
2733 2888 2893 2955 regis.

1881 2971 2302 3029 Erchambaldus
2333 2973 2400 3029 ad
2429 2975 2597 3032 vicem
2620 2975 2857 3034 Radunis
2887 2980 3167 3048 recognovi
3189 2988 3243 3035 et
3263 2979 3392 3033 sub-

1807 3063 2021 3132 scripsi.

1808 3141 1810 3144 ’
1883 3153 2069 3207 Datum
2099 3153 2148 3207 in
2185 3169 2368 3208 mense
2394 3153 2668 3220 Januario,
2700 3171 2840 3212 anno
2870 3155 3075 3211 decimo
3105 3157 3253 3229 regni
3296 3175 3392 3213 no-

151 3268 176 3298 ι
208 3255 437 3336 Βὶρζοηια
465 3255 634 3310 Caroli
664 3255 886 3336 Magni,
928 3272 1025 3323 quo
1047 3255 1320 3336 conﬁrmat
1362 3257 1492 3336 bona
1517 3267 1564 3310 et
1587 3274 1701 3323 pos-

1811 3241 1924 3299 stri.
1961 3249 2145 3299 Actum
2179 3248 2207 3286 ι»
2232 3247 2502 3302 Ανὶειυιιίο
2534 3289 2549 3314 ,
2605 3249 2798 3320 palatio
2827 3251 3058 3322 publico,
3091 3251 3142 3307 in
3173 3252 3267 3309 Dei
3291 3270 3389 3309 uo-

210 3325 443 3451 ;esaiones
485 3328 779 3381 uiouusterii
814 3325 1190 3398 llonaugienst's
1223 3329 1332 3398 (nu.
1362 3328 1465 3383 778
1490 3372 1503 3395 ,
1539 3344 1705 3381 mense

247 3400 492 3451 anuario.)

247 3400 492 3468 anuart'o.)

263 3489 347 3543 (le
370 3491 676 3549 tiraudidler,
709 3486 840 3538 "ist.
863 3488 923 3536 de
943 3486 1142 3548 l‘Eglise
1163 3487 1224 3536 de
1246 3485 1584 3551 δτι-(κώθωνα.)

222 3569 415 3626 Carolus
463 3573 634 3642 gratia
670 3573 759 3624 Dei
819 3585 906 3624 rex
943 3571 1266 3624 Francorum
1317 3581 1369 3624 et
1401 3568 1708 3639 Longobar—

160 3661 344 3728 dorum,
371 3678 430 3718 ac
458 3663 714 3732 patricius
749 3663 1105 3714 Ilomanormn
1133 3699 1149 3725 ,
1206 3661 1450 3714 omnibus
1498 3662 1708 3728 episco-

154 3754 245 3819 pis,
265 3753 555 3819 abbatibus,
593 3754 842 3816 ducibus,
889 3751 1170 3805 comitibus
1201 3791 1217 3815 ,
1269 3738 1597 3815 domesticis,
1631 3750 1708 3803 vi-

147 3845 308 3910 cariis,
337 3846 674 3911 centenariis,
698 3846 778 3899 vel
803 3846 1050 3897 omnibus
1073 3845 1246 3897 missis
1269 3844 1466 3898 nostris
1493 3844 1705 3896 discur-

145 3939 364 3990 rentibus
406 3937 746 4007 presentibus
798 3936 1002 3990 scilicet
1056 3945 1108 3989 et
1155 3935 1370 3988 futuris.
1419 3934 1705 3989 Maximum

142 4029 276 4095 regni
302 4030 464 4082 nostri
497 4027 550 4082 in
581 4031 680 4082 hoc
702 4042 901 4096 augere
926 4027 1200 4082 credimus
1230 4025 1642 4094 munimentum,
1661 4028 1706 4082 si

141 4117 376 4172 beneilcia
405 4129 707 4189 Opportuna
740 4120 870 4172 locis
919 4119 1268 4173 ecclesiarum
1299 4119 1540 4176 benivola
1569 4121 1706 4175 deli-

144 4211 402 4268 beratione
427 4213 796 4278 concedimus,
826 4228 888 4266 ac
912 4211 1136 4266 Domino
1167 4223 1474 4282 prmegcute
1504 4215 1706 4268 stabili-

139 4312 212 4357 ter
237 4308 522 4374 perdurare
551 4306 886 4360 conlidimus.
936 4306 1098 4376 Igitur
1121 4307 1330 4359 noverit
1360 4307 1579 4360 solertia
1615 4321 1702 4361 ve-

134 4405 254 4459 stra,
279 4398 404 4467 quia
438 4413 534 4452 nos
562 4397 628 4452 ad
689 4398 1000 4466 petitionem
1057 4395 1375 4451 venerabilis
1407 4396 1509 4451 viri
1563 4398 1707 4453 Beati

133 4489 325 4544 abbatis
352 4493 463 4544 tale
493 4505 588 4558 pro
617 4500 802 4546 eterna
854 4490 1206 4544 retributione
1245 4488 1559 4544 beneﬁcium
1607 4489 1707 4545 visi

1805 3339 1945 3390 mine
1976 3334 2085 3390 feli.
2108 3336 2227 3393 iter.
2264 3339 2452 3392 Amen.

1807 3509 2132 3582 Prwcrptum
2182 3511 2357 3566 Caroli
2402 3422 3024 3584 λῖαξῇἴιιὲι.ὶνὶιιι[γίάῑο
3072 3515 3254 3574 abbate
3283 3537 3390 3575 mo-

2162 3585 2371 3636 nasterii
2395 3585 2682 3638 Crusseuais
2713 3588 2861 3651 (anu.
2891 3587 3033 3656 779).

2115 3673 2206 3736 (lix
2237 3672 2294 3721 D.
2324 3675 2570 3737 Bouquet,
2610 3673 2804 3725 Recueil
2824 3677 2909 3727 des
2934 3677 3084 3742 Hist.)

1877 3754 2102 3808 Carolus
2129 3758 2298 3824 gratia
2331 3757 2425 3810 Dei
2484 3774 2573 3811 rex
2629 3758 2953 3814 Francorum
2987 3770 3041 3816 et
3091 3763 3395 3833 Langobar-

1807 3847 2021 3915 dorum,
2052 3864 2112 3902 ac
2141 3849 2393 3916 patricius
2433 3851 2816 3905 Romanorum.
2871 3856 3130 3910 Oinnibus
3176 3859 3392 3926 episco-

1809 3943 1890 4010 pis
1910 3979 1924 4005 ,
1964 3942 2262 4008 abbatibus,
2289 3942 2534 4007 ducibus,
2565 3943 2874 4007 caruitibus,
2907 3946 3117 4000 vicrlriis
3145 3989 3160 4014 ,
3213 3961 3394 4002 cente-

1809 4032 1998 4096 nariis,
2028 4041 2080 4086 et
2110 4033 2379 4086 universis
2417 4033 2662 4086 lidelibus
2696 4042 2892 4088 sanctae
2923 4034 3017 4089 Dei
3044 4038 3290 4092 ecclesia:
3336 4050 3392 4092 et

1809 4123 2026 4188 nostris,
2062 4123 2412 4190 prmsentibus
2441 4132 2497 4177 et
2525 4123 2758 4189 tuturis,
2815 4138 2998 4179 notum
3042 4129 3114 4180 sit
3162 4129 3392 4195 qualiter

1806 4215 1888 4268 vir
1917 4213 2241 4267 venerabilis
2297 4213 2614 4268 Nimhidius
2659 4213 2821 4268 abbas
2868 4216 3142 4269 serenitati
3193 4229 3392 4272 nostra:

1808 4304 2072 4373 suggessit
2101 4318 2167 4357 eo
2192 4303 2331 4370 quod
2362 4285 2500 4371 ipse~
2525 4316 2628 4356 una
2655 4317 2784 4358 cum
2807 4305 3082 4359 monachis
3113 4306 3224 4362 suis
3251 4307 3395 4364 intra

1810 4411 2048 4451 eremum
2079 4395 2130 4450 in
2157 4395 2426 4450 territorio
2452 4394 2786 4450 uarbonense
2813 4399 2973 4464 super
3001 4396 3220 4453 ﬂuvium
3249 4401 3389 4455 Uro-

1811 4487 2047 4554 bionem,
2083 4487 2136 4542 in
2178 4487 2298 4542 loco
2349 4497 2686 4557 nunrupante
2713 4487 2980 4555 Novatias,
3013 4493 3393 4548 monasterium

133 4592 306 4634 sumus
335 4583 649 4648 indulsisse,
672 4591 728 4636 ut
751 4583 804 4636 in
835 4581 984 4635 villas
1007 4581 1088 4636 vel
1124 4595 1210 4636 res
1259 4580 1490 4636 ecclesie
1538 4582 1706 4636 sancti
1741 4595 1790 4657 ο
1813 4581 1863 4634 in
1895 4582 2100 4635 honore
2146 4588 2346 4634 sanctae
2376 4577 2472 4634 Dei
2498 4580 2772 4647 genitricis
2802 4595 3122 4651 semperque
3175 4584 3396 4653 virginis

134 4669 435 4728 Michahelis
465 4673 768 4742 archangeli
799 4675 868 4729 de
914 4675 1238 4728 monasterio
1268 4673 1406 4742 quod
1451 4682 1535 4727 est
1579 4689 1704 4728 con-

134 4775 387 4821 structum
421 4769 472 4820 in
503 4768 671 4821 insula
719 4767 892 4821 Rheni
922 4783 1026 4835 que
1065 4777 1285 4821 vocatur
1335 4766 1673 4836 Ilohenaugia
1697 4778 1738 4833 ,°

135 4871 258 4925 quas
285 4859 521 4925 presenti
556 4867 796 4927 tempore
822 4899 836 4923 ,
892 4867 981 4910 aut
1013 4867 1196 4910 nostro
1218 4897 1234 4922 ,
1292 4867 1381 4910 aut
1435 4858 1716 4926 cujuslibet

137 4964 352 5005 munere
397 4950 596 5005 habere
625 4953 852 5016 videtur,
883 4951 962 5005 vel
1012 4964 1143 5015 quas
1195 4950 1444 5017 deinceps
1496 4950 1548 5002 in
1595 4949 1717 5018 jure

134 5040 298 5109 ipsius
325 5042 499 5096 sancti
531 5043 629 5096 loci
681 5042 906 5097 volnerit
958 5042 1138 5095 divina
1191 5042 1357 5108 pietas
1411 5041 1712 5109 ampliare,

135 5135 308 5189 nullus
365 5134 525 5204 iudex
583 5135 821 5203 publicus
871 5133 937 5188 ad
990 5147 1178 5188 causas
1223 5133 1582 5197 audiendum,
1633 5133 1717 5188 vel

137 5224 280 5280 ireda
311 5227 546 5295 undique
576 5225 896 5294 exigendum
927 5238 1140 5293 quoque
1190 5232 1430 5291 tempore
1458 5238 1561 5276 non
1590 5237 1715 5293 pre-

136 5328 304 5402 sumat
329 5316 534 5386 ingredi
567 5333 581 5369 :
611 5317 703 5371 sed
729 5315 996 5385 predietus
1029 5315 1241 5380 Beatus,
1269 5315 1350 5368 vel
1370 5329 1716 5370 successores

208 5462 233 5491 ⁸
261 5457 515 5510 Chartam
548 5457 684 5510 hanc
704 5458 808 5521 jam
841 5454 1124 5509 ediderunt
1151 5454 1421 5514 Mabillou,
1449 5456 1499 5506 in
1531 5456 1714 5508 Anna-

138 5522 274 5578 libus
302 5528 420 5579 ord.
453 5531 622 5580 saneti
645 5525 912 5580 Benedicti
938 5565 952 5587 ,
1008 5533 1140 5581 tom.
1191 5527 1250 5581 ll.
1279 5541 1394 5593 pag.
1421 5522 1526 5578 699
1552 5565 1565 5587 ,
1621 5523 1714 5578 Bc-

139 5600 284 5657 card,
309 5595 513 5665 Origin.
542 5596 839 5665 Ilabsburg.
863 5597 1142 5665 iAustriac.
1177 5609 1298 5665 pag.
1323 5596 1444 5658 11:5,
1475 5597 1714 5665 uotique-

140 5674 244 5735 tus,
266 5667 318 5718 in
350 5663 668 5735 Sdriptorib.
705 5663 813 5721 rcr.
843 5664 1056 5730 Franc.,
1095 5675 1222 5720 tom.
1265 5663 1324 5726 V,
1355 5675 1477 5735 pag.
1503 5663 1628 5727 759,
1661 5675 1714 5718 et

139 5733 516 5804 Sclttnpilinus,
550 5737 715 5790 Alsat.
745 5735 962 5805 diplom.
1011 5746 1139 5789 tom.
1175 5735 1213 5800 ι,
1246 5746 1364 5802 pag.
1400 5733 1488 5800 50,
1513 5736 1604 5788 sed
1631 5737 1714 5788 itt-

140 5816 398 5859 correcte.

213 5871 240 5912 δ
273 5875 434 5931 llodic
466 5875 672 5932 llerstal
730 5873 795 5929 ad
837 5874 1032 5929 Mosam
1086 5890 1246 5945 prope
1295 5873 1547 5929 Lcodlum
1577 5915 1589 5938 ,
1649 5874 1714 5928 de

1815 4673 1995 4728 Maria:
2025 4687 2166 4728 novo
2203 4685 2368 4744 opere
2395 4674 2813 4738 construxisset,
2848 4674 3024 4743 ibique
3059 4677 3270 4741 domos,
3298 4691 3394 4733 ec-

1812 4765 2005 4819 clesias
2033 4773 2088 4820 et
2115 4765 2244 4819 alias
2293 4763 2646 4819 habitationes
2694 4765 3048 4832 mdillcasset,
3104 4777 3158 4823 et
3203 4769 3392 4825 vineas

1815 4861 2128 4930 plantasset,
2158 4869 2212 4915 et
2240 4875 2459 4929 campos
2488 4861 2552 4914 ad
2585 4860 2957 4925 laborandum,
2992 4872 3014 4900 ο
3074 4873 3125 4916 et
3151 4874 3299 4932 prata
3327 4865 3395 4918 de

1814 4967 1980 5009 censu
2011 4964 2312 5008 nostrorum
2363 4953 2617 5019 tldelium,
2641 4962 2746 5007 etc.
2781 4991 2798 5005 .
2834 4991 2848 5006 .
2883 4992 2896 5006 .
2931 4993 2946 5009 .
2981 4953 3254 5009 hominum
3302 4971 3395 5012 ac-

1815 5045 2066 5113 cepisset.
2093 5044 2245 5111 Quod
2281 5060 2449 5112 nsqne
2479 5060 2639 5108 nunc,
2670 5046 2806 5098 sicut
2838 5046 3052 5110 asserit,
3080 5061 3199 5100 cum
3225 5047 3394 5116 arqui-

1817 5134 1937 5188 tatis
1967 5134 2154 5187 ordine
2180 5132 2383 5200 absque
2437 5133 2600 5187 ullius
2625 5133 3006 5189 contrarietate
3030 5149 3087 5188 se
3117 5135 3312 5190 habere
3340 5147 3396 5192 et

1819 5225 2088 5294 possidere
2144 5225 2440 5294 proﬁtetur.
2485 5225 2714 5294 Ideoque
2763 5226 2912 5294 petiit
2967 5225 3267 5282 celsitudini
3295 5241 3396 5282 no.

1817 5329 1941 5370 smn
1969 5326 2026 5370 ut
2053 5331 2150 5371 nos
2178 5317 2227 5372 ei
2267 5325 2319 5371 et
2343 5316 2616 5370 monachis
2645 5316 2754 5370 suis
2804 5318 3162 5387 supradictum
3197 5319 3392 5381 locum.

1815 5469 1923 5515 quo
1953 5452 2115 5504 multa
2159 5449 2494 5517 protulerunt
2525 5447 2819 5511 Germanus
2848 5449 2984 5517 apud
3018 5449 3350 5503 Mabillonrtu
3373 5496 3389 5514 ,

1819 5525 1885 5577 de
1910 5521 1987 5575 Re
2014 5521 2375 5590 diplotuatica,
2407 5520 2608 5590 lib.At_v,
2639 5533 2756 5590 pag.
2781 5520 2921 5587 2280‘,
2969 5529 3023 5574 et
3052 5521 3295 5586 l’aulliui,
3325 5524 3393 5576 de

1816 5591 1971 5659 Pngis
2001 5587 2315 5652 Germanias,
2351 5606 2463 5659 pag.
2497 5587 2587 5643 84.

1891 5658 1911 5701 ε
1948 5662 2276 5716 Μιιιιιιιοιιὶιιε
2308 5661 2398 5714 lib.
2424 5658 2557 5714 ’xxtv
2590 5659 2781 5712 Annal.
2835 5659 3056 5723 Bene.th
3090 5676 3142 5713 ιι.
3177 5658 3268 5723 86,
3304 5661 3385 5718 It:-

1816 5733 1925 5803 git,
1981 5744 2136 5798 atque
2193 5741 2339 5800 prata
2371 5746 2400 5785 a
2453 5730 2721 5787 liscalibus
2768 5739 2822 5786 ct
2872 5731 3102 5786 dominis
3151 5731 3387 5786 locorum

1820 5803 2134 5874 at'Crpisset.
