3964 6344
591 321 704 381 958

1521 328 1577 384 Β.
1618 328 1867 385 CAIlOLI
1906 327 2120 385 MAGNI
2157 323 2308 381 UPP.
2343 322 2522 381 PARS
2561 324 2602 389 Ι,
2643 321 2886 380 SESTIO
2923 323 2988 378 ΙΙ.

3753 329 3846 383 9ῧο

587 435 700 490 latii
746 437 934 503 nostri,
973 446 1025 492 et
1066 436 1198 490 abba
1248 438 1417 492 sancti
1468 440 1736 510 Dionysii;
1788 441 1943 495 nobis
1991 439 2166 496 retulit
2196 439 2243 496 A
2273 450 2388 487 rum
2411 449 2473 489 ac
2491 433 2741 504 patricius
2766 435 3147 490 Romanorum.
3174 434 3490 505 [incipientia
3518 438 3672 506 regni
3697 446 3836 496 nostri

590 525 919 595 privilegium
958 544 988 582 a
1032 529 1271 595 patribus
1309 533 1476 585 sancti
1518 532 1788 603 Dionysii,
1819 548 1974 602 quam
2015 548 2172 588 seno-

587 616 722 680 dalis
749 619 1169 684 consiliusauno
1203 635 1344 674 nono
1372 621 1438 674 ad
1480 621 1652 676 Patris
1695 625 1902 676 Bruuna
1941 639 2006 678 ex
2049 638 2170 689 pro-

587 709 751 762 misso
795 709 1157 778 Augelramno
1198 711 1454 779 episcopo
1502 721 1557 766 et
1602 713 1861 768 Wilbsrio
1905 713 2169 782 archiepi-

584 811 750 865 scopo
778 801 1166 852 constituerunt
1197 799 1264 854 de
1295 814 1380 854 res
1421 803 1759 870 proprietatis
1797 817 1938 868 sua),
1971 802 2021 854 in
2053 802 2169 856 loco

585 887 673 955 qui
718 889 913 944 dicitur
952 890 1172 954 Salona,
1221 907 1341 960 qua:
1378 903 1461 948 est
1498 901 1834 947 constructus
1877 893 1926 949 in
1967 894 2168 950 honore

584 991 782 1034 sancite
833 982 922 1040 Dei
970 982 1279 1049 Geuitricis,
1322 994 1377 1040 et
1423 987 1698 1041 beatorum
1750 997 2062 1058 martyrum,
2113 998 2167 1044 et

585 1071 958 1128 confessorum
999 1089 1051 1128 et
1084 1076 1395 1144 virginum:
1430 1078 1516 1131 ubi
1557 1089 1770 1132 sanctus
1810 1078 2071 1145 Privatus,
2112 1089 2169 1135 et

583 1173 799 1217 sanctus
840 1164 1046 1240 lllarins
1085 1166 1364 1222 confessor
1404 1169 1736 1236 requiescere
1773 1168 2020 1224 videmur
2059 1187 2072 1223 :
2115 1178 2168 1224 et

583 1269 704 1307 meo
731 1253 784 1308 in
815 1257 1090 1324 privilegio
1117 1257 1377 1312 insertum
1411 1258 1739 1325 invenimus,
1771 1268 1830 1314 ut
1859 1275 2028 1330 neque
2061 1264 2167 1314 Au-

514 1369 518 1385 »
581 1343 890 1410 gelramuns
918 1345 1220 1414 episcopus,
1257 1362 1432 1416 neque
1470 1363 1809 1404 successores
1847 1350 1952 1412 sui,
1993 1366 2162 1419 neque

581 1435 1010 1500 archidiaconus.
1064 1453 1235 1507 neque
1282 1440 1474 1492 missus
1521 1441 1767 1495 ecclesia:
1814 1458 1924 1497 sua:
1967 1443 2165 1497 Medio-

581 1531 858 1590 matricos,
890 1529 960 1582 ibi
989 1529 1039 1583 in
1073 1529 1188 1598 ipso
1213 1531 1460 1584 coenobio
1483 1532 1810 1597 pontificium:
1837 1532 2034 1588 habere
2061 1549 2164 1586 non

580 1617 832 1685 debeant,
867 1621 965 1673 nisi
995 1621 1040 1676 si
1069 1622 1239 1676 abbas
1265 1624 1433 1677 sancti
1469 1623 1700 1694 Dionysii
1733 1625 2043 1693 expetierit,
2073 1639 2165 1680 or-

580 1709 883 1762 dinationes
914 1710 1161 1776 faciendi,
1193 1713 1596 1778 cltristtteutttdi,
1627 1725 1677 1770 et
1713 1716 1914 1769 tabulas
1946 1716 2165 1770 benedi-

579 1799 759 1856 cendi.
804 1801 1251 1869 lnterrogavimus
1281 1806 1693 1870 Angelramuum
1732 1807 2074 1874 episcopum,
2115 1808 2157 1860 si

580 1889 754 1960 ipsum
785 1893 1117 1961 privilegium
1140 1899 1444 1952 consentire
1467 1897 1735 1953 debuisset
1759 1900 1780 1952 ?
1809 1900 1870 1953 Et
1899 1901 2012 1968 ipse
2045 1902 2160 1954 nul-

579 1982 788 2036 latenus
814 1985 1115 2056 denegavit,
1141 1990 1240 2044 nisi
1271 1990 1406 2044 sicut
1428 2001 1480 2046 et
1501 1993 1835 2050 cltnenodale
1857 1994 2158 2068 [synodale]

578 2074 802 2128 Consilio
827 2079 1228 2146 coostituerunt
1245 2082 1541 2147 coepisc0pi
1574 2083 1650 2136 sui
1673 2101 1687 2147 ;
1721 2082 1798 2139 sic
1819 2086 2157 2155 eonsetttivit,

577 2163 717 2219 sicut
747 2165 861 2233 ipse
903 2168 1204 2237 privilegins
1231 2171 1444 2226 clas-iter
1477 2174 1729 2228 innotuit.
1759 2174 2046 2243 Proiiterea
2078 2187 2159 2230 ta-

575 2254 680 2310 lem
723 2267 1046 2328 praeceptum
1076 2268 1131 2314 et
1159 2262 1624 2328 conﬁrmationem
1667 2281 1978 2332 permanere
2019 2284 2158 2336 pra:-

573 2348 799 2415 cipintus
839 2349 902 2402 ad
953 2351 1191 2419 partibus
1231 2354 1402 2408 sancti
1449 2354 1708 2424 Dionysii,
1759 2367 1813 2410 ut
1863 2369 1978 2423 post
2019 2359 2159 2414 hunc

574 2439 717 2492 diem
777 2441 952 2495 nullus
999 2442 1256 2510 quislibet
1291 2445 1699 2514 episcoporum.
1746 2463 1918 2516 neque
1967 2451 2162 2518 Augei-

573 2541 818 2593 ramnus,
849 2537 943 2582 aut
969 2544 1308 2587 successores
1335 2535 1438 2597 sui,
1471 2533 1588 2602 ipso
1617 2538 1861 2590 coenobio
1891 2554 1995 2595 nun
2024 2556 2159 2594 con-

574 2619 777 2688 tingat,
826 2619 928 2674 nisi
976 2622 1045 2676 sit
1092 2624 1190 2677 sub
1237 2627 1525 2680 emunitate
1567 2635 1620 2682 et
1668 2629 1940 2700 privilegio
1988 2633 2156 2687 sancti

574 2711 834 2779 Dionysii,
875 2713 1013 2766 sicut
1041 2723 1266 2770 ca-teras
1294 2718 1568 2782 ecclesias,
1609 2735 1740 2787 quas
1777 2721 1844 2774 de
1884 2722 1993 2789 ipsa
2032 2739 2161 2777 casa.

572 2804 744 2856 saneti
785 2803 1021 2873 Dienysii
1061 2804 1301 2870 aSpicere
1339 2807 1608 2863 videntur.
1664 2810 1724 2864 Et
1767 2812 1989 2866 terrolas
2026 2829 2157 2881 quas

575 2897 963 2962 Angelramous
992 2908 1045 2952 et
1079 2897 1336 2953 Folradus
1381 2900 1514 2954 infra
1559 2902 1675 2969 ipSo
1707 2918 1834 2972 agro
1877 2905 2072 2958 Salona
2104 2915 2159 2960 et

574 2987 682 3042 ﬁne
727 2997 1306 3046 commutaverunt.....
1360 2990 1546 3048 Simile
1596 2993 1753 3047 ruodo
1799 3010 1862 3048 ex
1914 3004 2156 3052 uostrmu

571 3082 894 3150 permissum
935 3089 990 3136 et
1027 3083 1490 3137 conﬁrmationem
1539 3083 1738 3152 absque
1781 3086 2154 3154 episcoporum

571 3173 823 3228 Metensis
868 3174 1121 3228 Ecclesia:
1164 3175 1626 3242 impedimentum,
1674 3191 1793 3244 pars
1825 3176 1881 3231 S.
1919 3177 2156 3249 Dionysii

571 3283 673 3322 una
705 3283 826 3322 eum
855 3269 971 3334 ipso
991 3268 1237 3322 cmuobie
1261 3267 1459 3322 Salona
1490 3267 1588 3321 sub
1619 3279 1850 3322 nostram
1877 3269 2155 3324 tuitioneut

571 3371 628 3414 et
657 3360 1035 3416 deﬂensionem
1060 3401 1074 3426 ,
1120 3375 1506 3429 procerumque
1535 3371 1877 3422 nostrorum,
1921 3362 2158 3430 partibus

570 3453 742 3506 sancti
789 3452 1028 3521 Dionysii
1073 3452 1300 3506 debeant
1343 3453 1633 3519 respicere.
1673 3460 1728 3506 et
1767 3452 2012 3521 quicquid
2067 3470 2159 3520 per

572 3544 1020 3596 commutationes
1051 3557 1266 3608 regum,
1307 3553 1398 3594 aut
1427 3543 1802 3606 donationem,
1843 3552 1934 3594 aut
1965 3545 2159 3599 collata

573 3635 772 3688 ibidem
817 3632 993 3699 pepuli
1029 3633 1296 3696 additum,
1329 3641 1417 3683 aut
1455 3640 1765 3700 censatum,
1807 3643 1858 3685 et
1899 3633 2156 3689 Folradus

571 3723 641 3777 de
685 3736 779 3774 sua
823 3735 908 3785 res
954 3722 1069 3788 ipso
1099 3722 1341 3775 rmuubio
1381 3721 1588 3786 ditavit,
1636 3721 1735 3774 sub
1773 3723 2062 3778 emunitate
2103 3735 2157 3780 et

571 3808 902 3864 deﬂensione
939 3810 1109 3864 sancti
1154 3810 1420 3880 Dionysii,
1452 3812 1708 3879 omnique
1747 3822 1988 3879 tempore
2030 3829 2147 3882 per-

572 3915 624 3954 m
644 3912 790 3952 mere
818 3898 1063 3962 debeant,
1087 3912 1150 3952 ex
1184 3912 1360 3953 nostra
1388 3901 1708 3954 authoritate
1731 3900 2101 3956 conﬁrmatum
2135 3921 2148 3956 :

571 3999 629 4043 ut
656 3989 844 4042 melius
875 3989 1100 4044 delectet
1134 3990 1301 4058 ipsam
1327 3994 1786 4060 congregationem
1815 3996 1986 4047 sancti
2021 3995 2148 4049 Dio-

570 4083 709 4151 nysii
742 4093 793 4136 et
825 4083 990 4136 sancti
1027 4084 1331 4148 l’rivati,.et
1359 4085 1526 4138 sancti
1562 4085 1754 4149 lllarii,
1797 4101 1892 4154 pro
1923 4087 2073 4142 nobis
2099 4098 2152 4142 et

572 4188 670 4242 pro
694 4173 794 4237 eis,
824 4188 1095 4239 uxoreque
1135 4184 1333 4238 nostra,
1369 4174 1576 4228 Domini
1620 4174 2036 4230 mi~ericurdiam
2071 4188 2152 4232 at-

570 4262 766 4315 tentius
794 4261 1106 4329 deprecare.
1141 4264 1204 4315 Et
1243 4274 1295 4315 ιιι
1339 4263 1450 4316 haec
1489 4265 1781 4318 autltoritas
1815 4266 2014 4320 ﬁrmior
2054 4269 2149 4322 Ita-

570 4351 778 4416 bvtatur,
819 4353 898 4404 vel
941 4367 1035 4420 per
1074 4364 1307 4420 tempora
1352 4356 1538 4408 melius
1578 4365 1943 4423 conservetur,
1987 4373 2148 4412 manu

571 4452 752 4495 nostra
789 4442 999 4510 propria
1031 4445 1210 4496 subter
1248 4459 1362 4496 eam
1397 4445 1744 4510 ﬁrmavimus,
1777 4455 1833 4500 et
1859 4445 1924 4500 de
1951 4446 2148 4501 annulo

569 4545 755 4587 ttostro
786 4535 1152 4603 sigillavimus.

647 4626 864 4692 Signum
895 4625 1068 4679 Caroli
1100 4625 1461 4695 gloriosi~simi
1493 4625 1654 4694 regis.

645 4717 842 4771 Nomen
874 4729 919 4770 el
950 4719 1151 4788 signum
1181 4717 1474 4770 cancellarii
1503 4718 1762 4771 omissum.

644 4809 828 4863 [ὶιῑιιιιι
856 4809 996 4878 quod
1029 4808 1149 4861 iecit
1179 4807 1479 4862 Decembris
1507 4808 1737 4864 dies.....
1781 4823 1920 4861 anno
1951 4825 2001 4862 x.
2048 4809 2149 4864 lle-

568 4904 762 4971 guaute
789 4901 984 4953 domno
1017 4906 1198 4952 nostro
1229 4899 1418 4952 Carolo
1455 4914 1601 4966 rege.
1644 4901 1832 4953 Actum
1865 4901 2029 4969 Aquis
2060 4917 2149 4971 pa-

571 4994 696 5047 latio
722 4992 948 5064 publicb',
973 4993 1028 5046 in
1061 4990 1152 5046 Dei
1182 4991 1392 5044 nomine
1421 4990 1662 5046 fe'iciter.
1695 4993 1886 5046 Amen.

565 5073 577 5091 ’
1224 5079 1486 5135 XXXVII.

571 5189 595 5216 ί¹
629 5175 798 5232 Caroli
824 5175 1004 5243 Magni
1030 5185 1358 5242 prmreptum,
1389 5191 1488 5238 quo
1516 5190 1687 5228 omnes
1716 5172 2018 5241 Dionyrirmt'
2041 5188 2150 5226 mo-

744 5249 947 5300 nasterii
979 5248 1318 5298 immunitascs
1346 5247 1610 5314 conﬁrmat
1642 5249 1797 5312 (anno
1825 5245 1972 5312 τῖε).

928 5336 1020 5396 (lix
1045 5336 1243 5398 Mabill.,
1262 5336 1324 5384 de
1343 5333 1412 5384 Ile
1448 5332 1790 5398 diplomatica.)

642 5422 864 5475 Carolus
892 5421 1058 5492 gratia
1092 5422 1182 5476 Dei
1212 5437 1303 5476 rex
1335 5420 1664 5475 Francorum
1690 5427 1745 5474 et
1769 5417 2151 5486 Longobardo-

647 5588 672 5614 ει
701 5575 932 5631 Observa
965 5579 1014 5630 in
1066 5577 1166 5632 hoc
1217 5577 1503 5644 diplomate
1543 5573 1848 5628 conﬁrmari
1886 5588 1923 5644 a7
1957 5572 2149 5625 Carolo

572 5646 760 5712 Magno
789 5651 1100 5702 donationes
1147 5643 1328 5701 eorum
1358 5648 1444 5714 qui
1481 5647 1561 5698 vel
1593 5661 1650 5699 se
1682 5659 1864 5698 servos
1899 5643 2150 5696 Ecclesia:

573 5717 857 5783 vovebant,
887 5720 968 5770 vel
998 5720 1083 5785 qui
1123 5720 1185 5770 ad
1245 5719 1591 5770 monasticum
1627 5717 1922 5770 institutum
1953 5728 2151 5765 Convo-

571 5787 762 5853 lanios,
799 5805 854 5840 se
887 5803 1082 5858 suaque
1116 5790 1290 5842 omnia
1323 5785 1661 5840 conferebant
1693 5804 1706 5852 ;
1747 5788 1885 5839 unde
1919 5787 2148 5839 tttaxitue

2271 534 2515 595 alIectum
2531 533 2599 588 de
2616 544 2795 590 nostra
2816 538 3087 592 erectione
3105 538 3310 606 integro
3324 539 3625 595 auxiliante
3640 537 3839 596 Domino

2271 642 2504 711 vigilavi,
2527 651 2578 697 et
2611 659 2705 710 pro
2733 644 2844 714 ipsa
2877 644 3014 698 bona
3043 660 3205 714 opera
3256 653 3469 700 auctum
3503 662 3632 701 cum
3682 653 3840 702 censi.

2271 741 2400 796 lium
2432 742 2752 810 ponteﬁcum
2787 743 2867 797 vel
2897 745 3167 799 seniorum
3199 746 3519 812 optimatum
3556 755 3832 802 noscorutn

2269 846 2563 898 emunitate
2587 859 2681 912 pro
2711 856 2895 898 nostro
2917 844 3340 899 conﬁrmandum
3368 861 3602 914 regnum
3633 857 3688 901 et
3712 863 3831 901 mer-

2269 931 2400 989 cede
2421 937 2502 988 vel
2534 935 2934 1003 inepiscendum
2966 936 3129 989 vitam
3160 949 3411 990 aeternam
3446 953 3711 992 renovare
3729 939 3832 992 deli-

2275 1024 2548 1091 beremus,
2575 1025 2712 1090 quod
2737 1027 2806 1078 ita
2831 1036 2884 1080 et
2906 1026 3145 1080 fecimus.
3169 1028 3305 1095 Ergo
3327 1036 3545 1095 oportet
3566 1027 3830 1084 clementi:

2272 1116 2560 1184 principale
2578 1116 2713 1170 inter
2727 1127 2934 1172 ceteras
2951 1119 3233 1185 petitiones
3257 1120 3380 1172 illud
3399 1119 3552 1188 quod
3579 1134 3672 1188 pro
3691 1123 3831 1177 salute

2268 1206 2611 1271 adscribitur,
2643 1215 2696 1260 ct
2727 1224 2820 1275 pro
2850 1209 3035 1263 divino
3082 1211 3295 1264 nomine
3326 1213 3656 1278 postulatur.
3690 1216 3830 1280 placa-

2269 1297 2372 1352 bile
2399 1298 2636 1353 auditum
2662 1314 2972 1368 suscepere,
2995 1311 3047 1356 et
3074 1303 3251 1369 procul
3275 1301 3500 1356 dubium
3526 1305 3592 1355 ad
3617 1303 3829 1357 eﬂectutn

2269 1390 2560 1464 perducere
2582 1408 2595 1444 :
2617 1401 2879 1460 quatenus
2910 1393 2978 1447 de
3007 1394 3221 1448 caducis
3261 1395 3417 1449 rebus
3456 1398 3727 1461 praesimus
3752 1413 3828 1451 sre-

2266 1479 2371 1534 culi
2410 1495 2607 1536 mterna
2638 1484 2966 1552 conquiritur
2998 1483 3147 1550 juxta
3188 1495 3519 1552 prmceptum
3548 1485 3742 1539 Domini
3767 1488 3828 1538 di-

2268 1581 2452 1626 centes
2487 1589 2497 1623 :
2532 1569 2713 1625 Fat-ite
2745 1575 2894 1625 vobis
2923 1575 3126 1627 amicus
3158 1575 3224 1627 de
3257 1590 3514 1628 mamona
3549 1575 3822 1641 iniquitatis.

2271 1645 2406 1730 Ergo
2431 1662 2496 1715 de
2521 1679 2770 1717 mamone
2800 1664 3092 1734 iniquitatis
3119 1666 3269 1733 juxta
3318 1666 3495 1732 ipsius
3537 1667 3724 1724 dictum
3751 1683 3822 1720 nos

2194 1784 2240 1842 Β
2268 1763 2478 1820 oportet
2507 1770 2744 1809 mercare
2785 1765 2981 1808 mterua
3011 1758 3242 1810 ea-lestia
3274 1775 3289 1808 :
3321 1758 3490 1811 udutn
3525 1759 3820 1813 Sacerdotem

2275 1859 2566 1912 congruum
2587 1848 2918 1912 impertimus
2937 1847 3212 1911 beneﬁcia,
3233 1849 3616 1902 retributorem
3635 1850 3821 1904 Domino

2269 1951 2336 1990 ex
2359 1938 2458 1990 boc
2484 1937 2680 1991 habere
2701 1953 3001 1992 mereamur
3026 1938 3076 1991 itt
3099 1948 3297 1992 aeterna
3317 1941 3677 1995 tabernacu'a.
3696 1943 3820 2010 Igitur

2268 2031 2586 2084 venerabilis
2622 2029 2700 2084 vir
2741 2030 3000 2086 Folradus
3037 2031 3172 2088 abba
3202 2035 3267 2086 de
3307 2033 3530 2088 basilica
3574 2038 3819 2104 peculiaris

2268 2123 2476 2191 patrOni
2510 2126 2674 2176 nostri
2702 2122 2880 2182 domui
2914 2124 3129 2178 Dionisii
3154 2126 3466 2196 martbyris,
3484 2127 3573 2180 ubi
3593 2127 3699 2194 ipse
3717 2143 3815 2196 pre—

2264 2217 2440 2268 ciosus
2465 2213 2689 2267 domnus
2714 2212 2765 2266 in
2788 2229 3010 2282 corpore
3044 2218 3354 2284 requiescit,
3381 2219 3658 2271 clementia
3689 2219 3814 2286 regni

2264 2304 2432 2359 nostri
2454 2305 2872 2377 supplicavit,eo
2893 2306 3031 2376 quod
3063 2307 3128 2360 ab
3156 2311 3584 2364 antecessoribus
3612 2311 3801 2380 regibus

2262 2410 2290 2449 a
2326 2399 2482 2465 longo
2513 2405 2752 2465 tempore
2797 2399 2970 2452 omnis
3001 2401 3265 2453 emunitas
3317 2401 3386 2454 de
3429 2402 3576 2456 villas
3604 2404 3809 2470 praefata.-

2260 2497 2456 2542 sancta:
2489 2485 2720 2540 basilica:
2761 2486 2860 2540 fuit
2883 2502 3224 2547 concessum.
3263 2489 3412 2544 Unde
3437 2500 3489 2546 et
3530 2493 3657 2559 ipsas
3683 2507 3809 2558 pra:-

2262 2580 2539 2646 ceptiones
2567 2595 2757 2634 manus
2805 2583 3083 2636 roboratas
3113 2592 3168 2636 et
3201 2583 3350 2637 bona:
3377 2586 3620 2638 memoria:
3651 2600 3797 2653 gene-

2263 2679 2380 2723 tore
2414 2684 2534 2723 meo
2565 2670 2772 2738 Pippini
2819 2672 3046 2726 condam
3091 2673 3232 2740 regis
3263 2688 3313 2726 se
3341 2688 3434 2739 pra:
3461 2674 3684 2726 manibus
3707 2671 3794 2724 lia-

2261 2759 2390 2816 bere
2414 2761 2690 2828 adﬁrmat,
2710 2770 2764 2816 et
2791 2765 2889 2815 boc
2917 2777 3081 2832 usque
3109 2777 3250 2818 nunc
3272 2764 3611 2819 inviolabiliter
3633 2764 3806 2818 asserit

2262 2867 2384 2905 esse
2425 2861 2823 2907 conservatum.
2861 2851 3011 2909 Unde
3066 2855 3216 2923 petiit
3259 2867 3314 2909 ut
3361 2855 3457 2910 hoc
3487 2871 3575 2923 per
3603 2866 3805 2910 nostram

2261 2944 2635 2998 auctoritatem
2667 2944 2841 2998 denuo
2870 2960 2964 3012 pro
2993 2961 3049 3000 re
3076 2947 3326 3001 ﬁrmitate
3353 2947 3494 3000 circa
3523 2947 3630 3016 ipso
3656 2955 3806 3000 sancto

2263 3035 2399 3100 loco,
2445 3038 2524 3091 vel
2574 3039 2812 3093 homines
2851 3038 3023 3107 quise
3063 3054 3182 3094 cum
3231 3040 3534 3094 substantia
3573 3056 3731 3096 eorum
3755 3039 3803 3091 ad

2184 3129 2229 3190 ς
2264 3129 2378 3196 ipsa
2410 3129 2623 3182 basilica
2658 3132 2871 3183 tradunt
2899 3132 2977 3206 vel
3004 3132 3324 3193 continuant.
3352 3133 3510 3202 juxta
3542 3134 3671 3203 quod
3692 3143 3799 3196 ante.

2265 3217 2422 3272 rioris
2449 3219 2589 3287 regis
2623 3237 2714 3288 per
2760 3237 2942 3275 eorum
2977 3226 3322 3278 auctoritates
3370 3225 3437 3278 ad
3485 3227 3602 3294 ipsa
3641 3226 3793 3279 basiiita

2264 3308 2365 3363 hoc
2395 3312 2760 3374 praestiterunt
2801 3320 2856 3365 et
2891 3312 3295 3379 conﬁrmarunt,
3344 3316 3448 3370 hoc
3486 3317 3677 3370 iteratis
3693 3318 3780 3368 circa

2265 3398 2378 3465 ipso
2435 3398 2624 3452 abbate
2681 3399 2977 3455 concedere
3028 3412 3080 3455 et
3137 3400 3459 3458 conﬁrmare
3524 3407 3770 3461 debonis.

2263 3487 2385 3542 ldeo
2416 3500 2701 3559 cognuscat
2751 3492 3072 3560 maguetudo
3118 3507 3208 3546 seu
3253 3494 3454 3548 utilitas
3490 3487 3675 3560 vestra,
3694 3493 3780 3564 qua

2262 3594 2357 3631 nos
2390 3594 2485 3648 pro
2516 3580 2811 3634 reverentia
2845 3582 3012 3651 ipsius
3039 3585 3204 3637 Sancti
3235 3583 3334 3639 loci
3370 3585 3455 3639 vel
3505 3603 3604 3656 pro
3638 3586 3791 3654 quietis

2260 3668 2478 3723 douiuo
2529 3670 2889 3724 fatriulautium
2937 3674 3352 3741 prumtissimam
3400 3675 3798 3731 voluntatetude-

2261 3777 2365 3814 nuo
2409 3764 2739 3815 concessisse
2788 3773 2843 3817 et
2897 3764 2949 3817 in
2979 3765 3222 3820 omnibus
3269 3767 3628 3824 conﬁrmasse
3674 3776 3800 3822 vestra

2261 3862 2552 3922 cognoscat
2589 3853 2827 3907 solertia.
2867 3855 3200 3924 Quapropter
3230 3873 3322 3926 per
3356 3859 3498 3912 bane
3539 3870 3801 3929 pratceptus,

2261 3944 2397 4012 quod
2428 3943 2709 4012 specialius
2731 3947 3066 4000 decernimus
3096 3958 3148 3999 et
3175 3949 3227 4005 in
3259 3959 3581 4017 perpetuum
3613 3952 3804 4004 volumus

2257 4051 2374 4091 esse
2421 4052 2749 4106 mansurum,
2802 4036 3077 4109 jubemus,
3111 4049 3164 4092 nt
3197 4056 3367 4108 neque
3397 4056 3521 4108 viis,
3569 4057 3727 4112 neque
3747 4042 3808 4110 jac

2255 4131 2458 4193 niores,
2489 4142 2582 4180 seu
2616 4141 2956 4182 SUCCCaSOI‘eS
2985 4130 3170 4194 vestri,
3204 4146 3299 4184 nec
3328 4130 3586 4200 quislibet
3615 4134 3679 4186 de
3707 4131 3810 4200 judi-

2254 4221 2396 4272 caria
2425 4231 2687 4294 potestate
2715 4223 3002 4287 accinctus,
3039 4221 3090 4274 in
3132 4223 3295 4276 curtis
3337 4225 3579 4290 praefata:
3623 4227 3811 4280 basiliea

2253 4307 2434 4363 donmi
2467 4311 2690 4365 Dionisii
2738 4311 2823 4365 ubi
2867 4320 2920 4366 et
2969 4311 3080 4378 ubi,
3127 4313 3180 4367 in
3217 4327 3586 4385 quascumque
3611 4315 3814 4386 pagositt

2261 4417 2424 4470 regno
2469 4404 2574 4455 Deo
2615 4402 2842 4472 propitio
2886 4411 3089 4470 nostro,
3131 4406 3270 4472 quod
3301 4404 3365 4458 ad
3393 4406 3481 4460 die
3527 4423 3657 4476 pars
3688 4408 3815 4476 ipsius

2175 4495 2230 4557 Ι)
2267 4496 2570 4548 monasterii
2602 4496 2890 4563 possedere
2913 4494 2994 4548 vel
3019 4494 3297 4548 dominare
3325 4497 3556 4565 videtur,
3595 4503 3678 4554 vel
3708 4497 3815 4567 quoi

2250 4600 2280 4639 a
2312 4584 2420 4639 Deo
2443 4585 2753 4638 timentibus
2777 4583 3084 4640 hominibus
3112 4599 3205 4654 per
3234 4586 3465 4653 legitima
3494 4588 3818 4640 instrumenta

2253 4675 2448 4730 ibidem
2496 4675 2590 4728 fuit
2641 4690 2977 4739 concessum,
3019 4685 3110 4729 aut
3149 4677 3355 4729 inautea
3392 4677 3552 4732 fuerit
3585 4679 3822 4740 additum,

2249 4775 2406 4834 atque
2434 4750 2756 4835 delegatum,
2789 4781 2887 4820 nec
2918 4766 2984 4821 ad
3020 4781 3208 4821 causas
3253 4768 3607 4832 audiendum,
3645 4785 3737 4823 nec
3771 4767 3824 4820 ad

2250 4858 2580 4925 ﬁdi-jusseris
2620 4857 2940 4925 tollendum,
2987 4874 3083 4913 nec
3123 4858 3188 4913 ad
3230 4859 3375 4912 {reda
3405 4861 3720 4926 exiendum,
3745 4873 3820 4913 nec

2252 4948 2318 5001 ad
2353 4950 2643 5001 mansionis
2674 4948 2994 5013 i'aciemlum,
3022 4965 3118 5004 nec
3142 4958 3372 5020 paratas,
3407 4965 3507 5004 nec
3535 4953 3679 5006 ullas
3708 4951 3825 5007 redi-

2249 5037 2478 5093 bitioues
2526 5041 2904 5108 requirendum
2959 5041 3158 5110 ingredi
3203 5057 3301 5096 nec
3367 5041 3587 5111 exigere
3635 5054 3824 5113 quoque

2258 5139 2496 5198 teinpore
2525 5135 2733 5196 penitus
2758 5145 2859 5182 non
2885 5138 3254 5198 prmsumatur,
3277 5132 3376 5184 nisi
3404 5133 3661 5200 quicquid
3687 5138 3826 5186 ﬁscus

2251 5231 2431 5275 noster
2461 5221 2654 5275 exinde
2688 5223 2918 5288 poturrit
2949 5235 3187 5288 sperare,
3217 5222 3396 5274 omnia
3425 5232 3477 5274 et
3512 5225 3562 5274 iu
3595 5224 3826 5276 omnibus

2251 5328 2348 5383 pro
2371 5313 2629 5366 mercedis
2659 5321 2853 5366 nostra:
2900 5313 3248 5378 conpendium
3275 5326 3395 5366 cum
3433 5312 3614 5366 omnis
3664 5313 3827 5367 fredus

2250 5404 2316 5460 ad
2339 5406 2600 5474 integrum
2625 5405 2836 5459 sibimet
2858 5418 3145 5460 concessus
3174 5406 3251 5475 (ut
3274 5404 3472 5458 dictum
3496 5407 3603 5477 est)
3634 5408 3826 5476 inspec-

2253 5563 2696 5619 tnonasteriorum
2753 5562 3028 5616 facultates
3077 5571 3440 5615 accreverunt.
3492 5560 3630 5615 Nota
3680 5564 3825 5615 etiam

2253 5653 2438 5689 vocem
2468 5637 2691 5704 genitore
2717 5649 2845 5686 meo.
2867 5650 2967 5699 qua
2999 5633 3222 5685 Carolus
3247 5635 3430 5704 utitur,
3457 5644 3510 5684 ut
3544 5633 3596 5686 in
3622 5633 3733 5704 alio
3757 5633 3827 5681 di-

2256 5703 2484 5775 plomate
2512 5716 2667 5772 eruto
2705 5721 2766 5756 ex
2801 5705 3018 5756 arebivu
3041 5704 3206 5755 sant-ti
3240 5703 3510 5757 Michaelis
3525 5704 3588 5756 ad
3616 5703 3827 5767 Musam,

2255 5778 2458 5832 tametsi
2493 5776 2675 5842 plurali
2706 5775 2860 5828 modo
2901 5775 2948 5828 itt
2981 5783 3122 5828 textu
3153 5775 3402 5842 loquitur.
