3964 6344
594 345 700 407 9t'.3

1498 338 1554 397 ιι.
1594 340 1839 396 cauom
1882 340 2098 396 lllAGNl'
2129 339 2279 394 ore.
2324 339 2495 397 rans
2539 343 2580 397 ι.
2623 315 2862 397 scorto
2902 339 2962 395 ιι.
3763 345 3842 400 eet

592 479 714 518 eum
742 463 885 519 omni
911 445 1203 530 adjacentia
1249 473 1342 512 seu
1376 454 1692 524 pertinentia
1724 496 1739 518 ,
1799 454 2168 520 undecumque
2197 456 2244 516 Α
2273 453 2632 520 decernimus,
2659 458 2798 524 quod
2831 454 3205 524 perpctttabter
3253 463 3576 512 mansurum
3621 471 3742 514 esse
3776 463 3842 528 ju-

595 555 710 622 ipsc
737 562 791 606 ct
817 551 1058 605 monachi
1088 550 1164 603 sui
1192 549 1256 601 ad
1282 562 1512 616 pra-scus
1531 545 1673 614 juste
1701 540 1748 599 et
1783 545 1881 598 rati
1906 543 2166 598 utabilitcr

594 643 769 697 vestiti
801 657 919 696 esse
948 649 1259 704 noscitutur,
1290 639 1535 706 deinceps
1565 636 1884 703 indulgentia
1908 645 2088 688 nostra
2113 635 2164 689 in

592 733 929 802 elcemosyna
956 736 1132 785 nostra
1163 729 1456 783 concedere
1494 737 1548 782 et
1587 725 1904 781 conﬁrmare
1934 726 2166 780 debere-

593 836 730 875 mus.
761 821 921 890 Cujus
947 822 1256 889 petitionctn
1305 819 1563 886 denegare
1611 816 1909 879 noluimus;
1947 814 2038 869 sed
2071 830 2164 880 pro

591 911 853 968 mercedis
916 923 1112 966 nostra:
1165 921 1447 981 augmento
1498 909 1566 961 ita
1611 907 1980 969 concessisse,
2031 905 2162 960 etin

591 1004 836 1060 omnibus
854 1007 1199 1060 conlirmasSe
1254 1001 1577 1067 COgttoscilc.
1639 999 2008 1066 Prtecipientes
2037 1011 2164 1064 ergo

590 1096 852 1164 iubemus,
879 1109 932 1149 ut
955 1111 1127 1166 neque
1149 1111 1263 1158 vos,
1295 1094 1465 1161 neque
1493 1093 1728 1161 juniores
1757 1106 1852 1145 seu
1882 1085 2164 1145 sucéessd-

591 1199 781 1256 resque
831 1188 991 1242 vestri
1047 1189 1344 1240 memorato
1386 1184 1499 1238 viro
1546 1182 1833 1236 venerabili
1884 1180 2165 1235 Nimfridio

591 1279 766 1334 abbati
798 1289 888 1332 aut
927 1277 1326 1332 successoribus
1375 1277 1487 1329 suis
1529 1274 1594 1328 de
1643 1273 1960 1341 supradictis
1991 1272 2120 1328 locis
2143 1310 2163 1340 ,

592 1369 731 1422 unde
757 1367 818 1421 ad
853 1381 1087 1436 praesens
1117 1367 1230 1434 ipse
1259 1376 1312 1420 et
1364 1363 1606 1418 monachi
1641 1365 1721 1417 sui
1752 1378 1871 1418 cum
1901 1364 2162 1432 aequitatis

591 1456 783 1512 ordine
813 1470 875 1510 ac
899 1456 1043 1526 juste
1086 1470 1148 1510 ac
1179 1454 1559 1508 rationabiliter
1589 1454 1758 1508 vestiti
1781 1468 1900 1509 esse
1929 1462 2164 1509 noscun-

593 1559 700 1613 tur,
747 1549 1086 1616 inquietatem
1124 1545 1328 1618 [Forte,
1381 1531 1696 1616 inquietare]
1726 1555 1816 1598 aut
1843 1545 2162 1601 calumniam

588 1651 865 1706 generare,
895 1653 994 1692 nec
1022 1636 1215 1706 aliquid
1238 1636 1430 1693 exinde
1455 1635 1587 1708 [per
1615 1635 1922 1705 iujustitiam
1955 1634 2016 1708 ⁸]
2039 1636 2164 1691 abs-

592 1727 804 1783 trahere
853 1737 940 1781 aut
969 1727 1208 1782 minuere
1236 1741 1448 1796 quoquo
1504 1735 1745 1793 tempore
1802 1727 2158 1792 praesumatis.

2271 543 2479 608 bemus,
2505 555 2562 598 ut
2593 561 2683 613 per
2711 545 2846 600 ullos
2877 555 3078 615 portus,
3112 562 3286 617 neque
3326 564 3422 616 per
3461 550 3719 605 civitates
3756 562 3838 609 tam

2269 634 2320 686 in
2351 635 2592 686 llodomo
2619 651 2775 703 quam
2821 647 2877 690 et
2907 636 2957 690 in
2993 635 3193 698 Wicns,
3228 653 3396 706 neque
3439 641 3501 694 in
3559 639 3837 708 Ambianis,

2269 739 2440 792 neque
2471 725 2522 779 in
2547 724 2812 794 Trejeeto,
2844 740 3016 796 neque
3065 727 3114 778 iu
3164 725 3442 784 Dorstadte
3470 771 3487 792 ,
3550 745 3726 800 neque
3767 747 3838 800 per

2270 822 2456 868 omnes
2483 826 2690 882 portus,
2713 831 2776 870 ac
2796 827 3033 870 sanctam
3058 817 3400 884 hlaxantiam,
3437 834 3629 890 neque
3652 823 3834 884 alicubi,

2269 921 2440 976 neque
2481 908 2532 960 in
2565 907 2864 971 I’arisiaco,
2923 923 3094 978 neque
3124 911 3174 963 in
3209 913 3494 967 Ambianis
3522 952 3540 977 ,
3597 928 3764 984 neque
3796 918 3835 971 iu

2269 998 2598 1069 Burgundio,
2638 1000 2690 1054 iu
2737 1014 2870 1070 pago
2905 1000 3201 1069 Trigasiuo,
3235 1018 3409 1073 neque
3439 1004 3497 1059 in
3556 1005 3834 1073 Senonico,

2267 1090 2361 1158 p'er
2406 1105 2592 1144 onmes
2634 1091 2876 1146 civitates
2919 1092 3182 1156 similiter,
3215 1095 3550 1162 ubicumque
3600 1096 3653 1148 in
3682 1110 3832 1166 regna,

2266 1180 2496 1248 propitio
2523 1180 2769 1245 Christo,
2816 1190 3032 1248 nostra,
3089 1195 3182 1236 aut
3235 1184 3379 1252 pagis
3421 1185 3515 1239 vel
3577 1188 3833 1242 territuriis

2265 1267 2566 1323 Tlteloneus
2593 1269 2854 1339 exigatur,
2883 1285 2980 1326 nec
3018 1272 3087 1327 de
3125 1274 3337 1340 navale,
3362 1287 3469 1328 nec
3499 1275 3571 1330 de
3622 1279 3830 1342 carrale,

2266 1373 2440 1428 neque
2463 1359 2529 1413 de
2557 1373 2788 1424 satunas,
2823 1375 2994 1429 neque
3015 1360 3081 1416 de
3126 1371 3272 1416 trava
3299 1364 3623 1429 evectione,
3651 1381 3741 1420 nec
3765 1383 3830 1422 ro-

2266 1448 2447 1516 tatico,
2481 1464 2580 1503 nec
2629 1451 2919 1519 poutatico,
2955 1466 3052 1504 nec
3087 1453 3415 1519 pulveratico
3444 1494 3462 1518 ,
3515 1470 3618 1509 nec
3667 1457 3830 1509 saluta

2269 1539 2397 1606 tieo,
2432 1555 2529 1596 nec
2557 1539 2887 1610 cespitatico,
2923 1556 3022 1598 nec
3059 1543 3163 1596 ulla
3193 1543 3526 1600 redibitione
3549 1583 3568 1611 ,
3625 1547 3752 1616 quod
3777 1548 3824 1601 li-

2266 1645 2388 1685 scus
2418 1639 2598 1686 noster
2620 1631 2816 1686 exinde
2847 1640 3053 1698 poterat
3083 1647 3322 1702 sperare,
3354 1649 3463 1690 nec
3497 1650 3611 1699 vos,
3639 1652 3729 1692 nec
3759 1639 3824 1706 juo

2267 1722 2448 1778 niores
2495 1736 2943 1794 successoresque
2973 1724 3132 1779 vestri
3164 1725 3369 1782 eisdem
3398 1743 3516 1782 non
3575 1730 3820 1800 requirant

590 1818 694 1873 Sed
715 1834 805 1887 per
828 1820 963 1873 hanc
977 1829 1210 1873 nostram
1235 1818 1609 1873 autltoritatem
1631 1829 1684 1873 et
1703 1818 2160 1873 continuationem
2195 1806 2238 1867 Β
2268 1829 2368 1870 nec
2388 1817 2673 1881 eoactetis;
2701 1815 2793 1871 sed
2817 1819 2992 1870 omnia
3017 1816 3069 1872 in‘
3098 1818 3348 1874 omnibus
3399 1830 3630 1892 propter
3656 1837 3819 1877 nomen

591 1910 822 1964 habeant
842 1909 893 1963 in
933 1909 1252 1964 eleemosina
1283 1919 1459 1963 nostra
1487 1910 1736 1977 omnique
1765 1919 2002 1978 tempore
2024 1924 2165 1964 con-

589 2017 799 2056 cessum
826 2017 840 2066 ;
876 2001 942 2055 ita
973 2010 1027 2056 nl
1059 2002 1249 2054 melius
1272 2002 1350 2056 eis
1375 2001 1605 2056 delectet
1634 2017 1730 2069 pro
1768 2002 1919 2056 nobis
1940 2013 1992 2056 et
2043 2002 2165 2058 (iliis

589 2101 648 2148 et
675 2091 880 2147 liliabus
910 2093 1148 2155 nostris,
1209 2107 1304 2146 seu
1349 2103 1535 2146 concta
1586 2090 1781 2146 familia
1826 2091 2018 2147 domus
2072 2108 2167 2148 no-

588 2194 736 2240 stne.
770 2225 784 2238 .
821 2225 835 2239 .
870 2223 885 2238 .
918 2224 931 2236 .
968 2183 1171 2238 Domini
1223 2183 1642 2238 miscricordiam
1671 2183 1939 2238 adtentius
1967 2186 2165 2252 depre-

594 2290 738 2332 care.
783 2275 849 2330 Et
877 2275 980 2331 huc
1009 2275 1121 2330 haec
1145 2278 1433 2330 auctoritas
1459 2274 1657 2332 lirmior
1683 2276 1956 2343 habeatur,
1975 2287 2026 2332 et
2048 2277 2167 2349 [per

589 2366 849 2440 tempora]
876 2368 1065 2423 melius
1092 2377 1469 2435 conservetur,
1520 2382 1707 2423 manus
1736 2379 1934 2424 nostra:
1984 2371 2166 2438 signa-

587 2463 723 2518 θυι-ε
744 2463 927 2518 subter
947 2478 1064 2518 eam
1099 2461 1350 2518 roborar'e
1394 2461 1747 2529 decrevimus,
1771 2471 1827 2519 et
1854 2463 1921 2519 de
1969 2463 2168 2520 annulo

591 2566 773 2612 nostro
802 2554 1034 2626 sigillare
1055 2555 1312 2624 jussimus
1343 2552 1391 2607 δ.

1328 2663 1439 2719 XL.

594 2776 915 2849 Prwceptttm
942 2776 1113 2833 Caroh'
1157 2776 1335 2849 Magni
1365 2794 1458 2842 pro
1486 2778 1795 2833 monasterio
1827 2776 1891 2834 S.
1923 2777 2166 2833 Germani

1079 2865 1112 2901 a
1145 2847 1316 2903 Pralis
1348 2851 1491 2919 (ann.
1517 2848 1667 2919 779).

1063 2957 1159 3020 (Ex
1186 2959 1246 3007 D.
1271 2958 1518 3021 Bouquet,
1545 2957 1686 3021 ibid.)

663 3063 884 3118 Carolus
915 3063 1076 3134 gratia
1110 3062 1200 3117 Dei
1233 3078 1322 3117 rex
1348 3060 1669 3117 Francorum
1702 3073 1754 3117 et
1784 3061 2164 3134 Langobardo-

549 3199 556 3208 .
589 3168 728 3221 rum,
759 3166 916 3226 atque
939 3155 1186 3222 patricius
1210 3154 1589 3220 Romanorum,
1612 3155 1857 3212 omnibus
1873 3155 2136 3224 episcOpis

590 3245 893 3309 abbatibus,
917 3246 1218 3310 comitibus,
1247 3262 1340 3301 seu
1363 3247 1663 3315 junioribus
1693 3249 1906 3302 uostris.
1929 3246 1987 3303 Si
2007 3263 2161 3316 opor-

593 3347 717 3390 tuna
736 3335 988 3391 beneﬁcia
1016 3338 1081 3391 ad
1103 3337 1221 3392 loca
1249 3348 1552 3392 sanctarum
1575 3339 1943 3406 ecclesiarum,
1963 3338 2046 3394 vel
2073 3354 2164 3394 sn-

588 3429 893 3493 cerdotibus
916 3439 1168 3498 praestare
1208 3445 1311 3484 non
1341 3429 1636 3486 desinimus
1658 3472 1673 3498 ,
1701 3431 1804 3486 hoc
1853 3446 1949 3486 nos
1983 3430 2164 3500 procul

588 3518 750 3572 dubio
777 3520 841 3572 ad
863 3529 1112 3571 aeternam
1161 3519 1540 3575 beatitudinem
1599 3522 1899 3576 retribuere
1943 3520 2164 3576 conlidi-

591 3621 730 3660 mtts.
759 3605 921 3675 Igitur
946 3617 1231 3674 cognoscat
1285 3607 1593 3677 magnitudo
1640 3623 1734 3664 seu
1766 3611 1960 3664 utilitas
1989 3620 2163 3664 vestra

587 3693 812 3764 qualiter
842 3695 1162 3750 venerabilis
1193 3697 1272 3750 vir
1320 3697 1615 3753 llrobertus
1646 3697 1812 3754 abbas
1840 3701 1906 3756 de
1937 3700 2158 3756 basilica

589 3788 758 3842 sancti
793 3787 1052 3843 Vincentii
1083 3789 1164 3844 vel
1199 3789 1382 3844 domui
1413 3789 1665 3845 Germani
1688 3828 1704 3855 ,
1760 3793 1846 3845 ubi
1898 3790 2013 3860 ipse
2043 3806 2162 3859 prc-

576 3881 760 3936 ,tiosus
787 3895 1012 3950 corpore
1066 3878 1386 3950 requiescit,
1440 3881 1734 3936 clementiae
1802 3883 1948 3951 regni
1997 3881 2162 3937 nostri

589 3971 876 4042 suggessit,
905 3982 958 4026 et
989 3973 1399 4041 praeceptionem
1428 3972 1606 4026 damni
1637 3984 1691 4028 et
1707 3973 1964 4042 genitoris
1993 3973 2162 4027 nostri

593 4065 744 4119 bonae
768 4063 1038 4120 meritoria:
1067 4061 1274 4132 l’ippini
1303 4062 1568 4132 quondam
1595 4065 1734 4133 regis
1755 4063 1906 4118 nobis
1927 4063 2162 4118 ostendit

591 4156 951 4224 relegendam,
981 4153 1071 4208 ubi
1102 4157 1430 4223 repperimus
1461 4155 1716 4209 insertum
1746 4155 1976 4223 qualiter
2007 4169 2162 4222 prop-

592 4256 674 4301 ter
701 4260 896 4300 nomen
930 4245 1134 4298 Domini
1166 4253 1220 4299 et
1240 4245 1356 4312 ejus
1385 4237 1572 4297 merita
1605 4243 2048 4312 compellentibus
2069 4243 2164 4298 be-

586 4335 841 4392 neficium
884 4336 1189 4405 praestitisse
1215 4336 1598 4405 cognoscitur,
1643 4347 1698 4390 ut
1743 4337 1898 4390 anuis
1939 4334 2164 4406 singulis

593 4424 911 4493 ubicumque
934 4425 986 4478 in
1017 4439 1180 4492 regno
1205 4435 1387 4479 nostro
1411 4426 1749 4493 negociantes
1799 4425 1964 4493 ipsius
1993 4422 2158 4479 sancti

2266 1903 2473 1961 Domini
2502 1907 2614 1974 ipse
2643 1905 2826 1973 abbas,
2859 1909 2940 1962 vel
2998 1924 3338 1966 successores
3369 1913 3482 1977 sui,
3507 1927 3600 1966 aut
3648 1929 3817 1968 meum.

2267 2007 2382 2052 rata
2413 1997 2638 2052 ecclesia
2669 1998 2838 2052 sancti
2865 1998 3125 2054 Vincentii
3156 2001 3238 2056 vel
3261 2001 3448 2057 domui
3480 2003 3722 2059 Germani
3747 2005 3817 2057 ha-

2267 2087 2426 2143 beant
2454 2087 2736 2153 indultum,
2771 2099 2826 2143 ut
2853 2089 2935 2145 vel
2956 2091 3021 2145 ad
3042 2091 3322 2148 luminaria
3355 2095 3531 2164 ipsius
3554 2098 3712 2152 sancti
3731 2097 3812 2151 loci

2269 2179 2510 2248 proliciat
2537 2180 2588 2235 iu
2613 2181 2930 2250 attgmentis.
2982 2182 3334 2253 Adjuugimus
3359 2186 3521 2242 etiam
3544 2189 3813 2242 tlteloneutn

2267 2269 2416 2326 illum
2466 2279 2624 2339 quem
2657 2267 2924 2326 Gerardus
2975 2273 3144 2328 comis
3189 2274 3257 2329 de
3305 2274 3458 2330 Villae
3492 2277 3644 2332 Nov-te
3683 2289 3814 2332 curto

2267 2361 2437 2415 sancti
2469 2361 2720 2416 Germani
2754 2363 2900 2416 visus
2931 2361 3028 2418 fuit
3050 2366 3336 2434 recepisse,
3361 2377 3421 2420 ut
3446 2367 3680 2438 deinceps
3696 2383 3808 2438 pars

2265 2454 2434 2508 sancti
2463 2451 2711 2508 Germani
2746 2453 2860 2523 ipso
2914 2455 3160 2512 tbcloneo
3184 2473 3304 2512 cum
3349 2461 3488 2515 omni
3532 2462 3806 2529 integritate

2269 2549 2322 2602 ia
2368 2558 2549 2602 nostra
2604 2550 2893 2604 clemosina
2950 2549 3016 2604 ad
3063 2551 3340 2606 luminaria
3383 2555 3532 2621 ipsius
3573 2553 3793 2607 ecclesiae

2267 2641 2511 2710 recipere
2540 2641 2770 2696 debeant
2802 2641 3002 2712 absque
3029 2641 3258 2712 alicujus
3279 2644 3641 2708 contrarietate,
3660 2658 3782 2710 quae

2267 2745 2498 2801 cumque
2526 2734 2842 2788 auctoritate
2885 2733 3156 2802 perpetuis
3209 2734 3515 2805 temporibus
3557 2734 3797 2802 valitura,

2271 2838 2436 2880 manu
2463 2833 2641 2878 nostra
2670 2825 2878 2894 prapria
2917 2824 3254 2880 decrevimus
3274 2827 3542 2882 roborare.

2341 2916 2558 2987 Signum
2589 2917 2760 2971 Caroli
2792 2917 3164 2986 gloriosissimi
3190 2921 3350 2988 regis.

2335 3013 2558 3079 optatus
2581 3013 2646 3064 ad
2675 3011 2844 3066 vicem
2881 3010 3113 3067 Rationis
3143 3013 3457 3083 recognovi.

2338 3104 2465 3159 Data
2491 3120 2541 3158 vt
2572 3102 2685 3158 Cal.
2719 3104 2939 3174 Aprilis,
2971 3120 3113 3159 anno
3142 3121 3194 3159 ιι
3225 3115 3282 3160 et
3310 3123 3342 3160 ν
3375 3109 3530 3179 regni
3561 3105 3720 3188 nostri,

2143 3198 2157 3222 ’
2192 3173 2239 3238 (ἶ
2339 3199 2524 3253 Actum
2556 3173 2862 3252 llaristallio
2894 3197 3086 3266 palatio
3112 3198 3345 3266 publico.

2984 3307 3116 3399 Xbl.
3200 3320 3201 3323 ‘

2267 3425 2508 3497 Diploma
2551 3423 2721 3480 Caroli
2769 3421 2949 3494 Magni
2991 3439 3088 3497 pro
3123 3421 3450 3497 Cabiloénﬂensi
3515 3425 3584 3481 S.
3622 3421 3764 3478 lucelli

2718 3495 3030 3548 monasterio
3060 3495 3218 3564 (anno
3246 3493 3404 3564 779).

2756 3606 2850 3668 (Ex
2878 3606 2935 3656 D.
2960 3605 3202 3668 Bouquet,
3224 3605 3368 3668 ibid.)

2334 3711 2557 3768 Carolus
2609 3709 2704 3765 Dei
2752 3712 2920 3781 gratia
2969 3725 3061 3764 rex
3097 3709 3422 3764 Francorum
3454 3719 3518 3763 et
3548 3705 3790 3775 Langobar-

2269 3805 2478 3870 dorum,
2513 3817 2578 3858 ac
2607 3803 2858 3872 patricius
2889 3802 3264 3866 Romanorum,
3297 3801 3564 3856 omnibus
3609 3798 3793 3871 gentibus

2268 3893 2484 3966 “forte,
2533 3893 2830 3964 agentibus]
2884 3893 3080 3947 nostris
3123 3902 3228 3946 tam
3280 3894 3641 3961 pra-sentibus
3683 3902 3794 3960 quan

2269 3987 2480 4042 l‘uturis.
2527 3987 2754 4041 .Iuvante
2799 3985 3046 4050 Domino,
3091 3984 3182 4053 qui
3231 3998 3329 4038 nos
3366 3983 3420 4037 in
3460 3986 3653 4038 solium
3694 3976 3797 4047 regni

2262 4077 2558 4140 constituit,
2591 4075 2878 4144 principale
2905 4074 3118 4144 quidem
3165 4072 3467 4128 clementia:
3512 4083 3697 4128 nostra
3727 4078 3800 4131 est.

2263 4174 2578 4222 Cunctorum
2633 4165 3039 4220 accommodare
3092 4178 3272 4218 aurem
3322 4163 3614 4232 benignam
3655 4159 3804 4214 utilita-

2267 4257 2430 4319 tibus,
2494 4256 2760 4323 praccipue
2812 4269 2932 4323 qua:
2971 4267 3066 4320 pro
3117 4251 3433 4319 compendio
3483 4253 3805 4305 antimarutla

2267 4345 2759 4417 prauiecessoribus
2800 4343 2998 4398 nostris
3028 4343 3241 4411 regibus
3267 4343 3332 4395 ad
3362 4343 3479 4395 loca
3505 4342 3804 4397 ecclesiarum

2269 4437 2558 4505 probamus
2585 4449 2708 4490 esse
2738 4433 2960 4496 indulta.
3003 4433 3194 4488 devota
3239 4441 3415 4488 mente
3442 4433 3703 4490 debemus
3723 4443 3808 4500 per-

594 4516 696 4572 loci
728 4530 950 4586 pergere
983 4515 1204 4582 vellent,
1231 4517 1369 4570 sicut
1409 4517 1520 4584 ipse
1549 4516 1841 4570 llrobertus
1861 4517 2020 4570 abbas
2052 4531 2162 4571 me—
2193 4529 2242 4588 ι)
2275 4526 2530 4595 pcttdere,
2564 4535 2620 4578 et
2643 4537 2873 4594 congrua
2899 4523 3176 4589 beneﬁcia,
3201 4533 3257 4579 ut
3281 4539 3592 4579 mereamur
3618 4526 3679 4580 ad
3705 4538 3808 4577 mer-

595 4624 748 4664 t-eare
768 4609 992 4676 videtur,
1021 4617 1126 4662 tam
1154 4609 1220 4662 ad
1249 4609 1528 4664 luminaria
1555 4612 1932 4678 Comparanda,
1965 4611 2047 4665 vel
2070 4624 2164 4678 pro

593 4699 795 4768 reliqua
857 4699 1173 4753 necessitate
1225 4699 1586 4755 discurrentes
1643 4708 1750 4754 tam
1801 4700 1937 4753 ultra
1979 4699 2165 4769 Ligere

596 4805 755 4860 quam
768 4794 894 4844 citra
919 4790 1123 4860 Ligere,
1148 4789 1232 4845 vel
1255 4791 1305 4845 in
1327 4792 1807 4861 llurgundia,etiam
1826 4792 1877 4844 in
1894 4790 2166 4846 Provincia

591 4881 680 4934 νει
703 4883 754 4934 in
789 4881 1032 4947 Francia,
1062 4897 1218 4950 quam
1265 4890 1320 4936 et
1351 4883 1400 4936 iu
1429 4881 1641 4936 Austria
1666 4923 1681 4945 .
1736 4883 2054 4951 ubicumque
2111 4881 2162 4936 in

596 4982 782 5038 regna,
807 4969 1018 5026 Christo
1044 4972 1291 5040 propitio,
1317 4983 1493 5026 nostra
1521 4987 1742 5042 pergere
1767 4973 1986 5037 vellent,
2015 4971 2163 5026 nullo

598 5063 868 5124 tltelonco.
900 5077 998 5117 nec
1042 5063 1110 5118 de
1139 5079 1370 5130 saumas,
1401 5079 1497 5118 nec
1518 5066 1586 5119 de
1624 5065 1888 5134 carrigine
1921 5104 1938 5130 ,
1995 5079 2166 5132 neque

596 5151 664 5206 de
693 5151 921 5221 navigio,
954 5167 1126 5221 neque
1155 5154 1221 5208 de
1248 5155 1481 5224 qualibet
1523 5154 1839 5210 redibitioue
1868 5154 2070 5208 exinde
2098 5154 2164 5208 ad

600 5250 802 5308 partem
829 5241 939 5296 Iisci
969 5245 1158 5308 nostri,
1193 5244 1339 5298 missi
1379 5244 1462 5298 sui
1491 5244 1849 5300 discurrentes
1877 5244 2167 5300 diSSUh’CI'B

511 5399 518 5411 ‘
599 5331 972 5387 nondcbeant.
1007 5333 1290 5403 Propterea
1337 5351 1430 5404 per
1476 5347 1792 5405 praesentem
1841 5346 2165 5406 princeptum

675 5519 700 5582 ft
724 5508 850 5582 Qum
879 5509 1086 5582 uncinis
1113 5509 1452 5565 includuntur
1485 5512 1584 5582 lcgi
1613 5528 1715 5565 non
1758 5523 2060 5580 potuerunt.

671 5579 703 5653 ᾗ»
732 5579 934 5653 Caetera
965 5579 1576 5653 deesseinautograpm
1609 5588 1718 5637 l‘ere
1761 5579 1924 5653 exeso
1948 5594 2168 5640 testatur

605 5649 805 5721 primus
851 5649 1039 5701 editor.
1075 5649 1404 5705 Mabillouius
1461 5649 1635 5706 tarncn
1685 5653 1800 5707 loco
1847 5652 1956 5721 jam
2007 5657 2168 5710 citato

603 5717 762 5793 tradit
794 5717 892 5793 hoc
916 5730 1232 5793 prteceptum
1265 5721 1443 5793 datum
1469 5723 1641 5793 luisse
1689 5725 1738 5775 iu
1787 5717 1978 5790 νηῙιιιι)
2027 5727 2169 5793 regio

603 5788 949 5856 (lontpc..'dio,
984 5803 1047 5840 xv
1081 5788 1340 5842 Kalendas
1391 5791 1682 5854 Februarii,
1709 5788 1849 5848 anno
1898 5799 2041 5861 regni
2065 5788 2166 5851 Ca-

2266 4617 2456 4673 cedem
2483 4631 2603 4672 esse
2627 4613 2932 4685 participes,
2957 4629 3060 4668 non
3090 4630 3304 4683 negare;
3331 4615 3423 4669 sed
3442 4616 3642 4670 robore
3662 4610 3807 4680 majori

2269 4722 2362 4775 pro
2409 4707 2608 4761 nostris
2660 4705 2890 4760 oraculis
2932 4705 3272 4760 conﬁrmare.
3328 4705 3491 4773 Igitur
3541 4705 3810 4774 magnitth

2266 4799 2564 4854 Huebet-tus
2604 4797 2885 4866 episc0pus
2912 4809 3191 4864 rectorque
3241 4796 3468 4849 basilica:
3500 4797 3670 4851 sancti
3697 4792 3807 4847 Mar-

2265 4889 2413 4953 celli,
2436 4903 2554 4958 quae
2585 4888 2796 4956 ponitur
2817 4886 2915 4941 sub
2943 4887 3192 4955 oppidum
3214 4874 3536 4940 Cabilonieze
3567 4890 3724 4948 urbis.
3742 4881 3809 4937 ubi

2267 4981 2382 5049 ipse
2414 4980 2684 5047 preciosus
2715 4979 2922 5033 Domini
2948 4988 3151 5049 martyr
3189 4978 3241 5032 in
3285 4993 3512 5046 corpore
3537 4979 3808 5050 requiescit,

2266 5084 2459 5126 nostra:
2489 5069 2789 5125 celsitudini
2811 5071 2981 5124 intulit
3006 5073 3414 5141 suggestionem,
3435 5087 3500 5126 eo
3527 5075 3671 5141 quod
3690 5084 3812 5126 ante—

2265 5177 2507 5216 Cessores
2543 5162 2710 5216 nostri
2733 5163 3028 5217 anteriores
3057 5178 3229 5232 reges,
3283 5166 3361 5219 vel
3385 5166 3541 5219 bona:
3573 5166 3812 5220 memoria

2265 5254 2489 5307 domnus
2515 5264 2567 5308 et
2594 5254 2801 5322 genitor
2833 5265 3014 5310 noster
3057 5256 3272 5324 Pipiuus
3313 5257 3580 5324 quondam
3611 5274 3718 5316 rex.
3741 5270 3812 5324 [cr

2266 5359 2446 5397 eorum
2475 5348 2859 5414 prmecptiones
2887 5348 3114 5416 integras
3144 5347 3504 5404 immunitates
3531 5351 3626 5418 ipsi
3653 5364 3811 5402 mona-

2267 5520 2366 5575 roli
2425 5521 2724 5574 undecimo.
2784 5522 2874 5577 lla:
2931 5532 3070 5578 nota:
3125 5526 3514 5593 cltrnnolngicm
3567 5521 3810 5583 conciliari

2268 5602 2531 5658 nequeunt
2574 5608 2692 5645 eum
2747 5593 2808 5646 iis
2836 5609 2955 5660 qu:c
2991 5605 3170 5648 narrat
3216 5596 3475 5649 annalist:
3537 5596 3812 5650 Lauresha-

2272 5662 2505 5714 mensis:
2537 5681 2554 5710 ι
2598 5663 2706 5714 Ile:
2731 5663 2794 5715 de
2827 5664 3146 5725 llaristullio,
3180 5667 3268 5718 ubi
3298 5667 3642 5728 hiemaverat,
3666 5677 3715 5720 et
3744 5663 3812 5715 ubi

2267 5731 2501 5784 Natalem
2553 5732 2757 5784 Domini
2809 5750 2868 5786 ac
2913 5746 3153 5788 sanctum
3192 5737 3392 5789 l’asclta
3433 5737 3811 5792 celebraverat,

2272 5802 2436 5871 prima
2471 5802 2609 5856 veris
2649 5805 2901 5874 temperie
2944 5821 3162 5860 movens
3197 5805 3577 5874 Cuntpcndiutn
3610 5806 3757 5868 venit.
3789 5821 3804 5850 ο
