3964 6344
564 332 669 395 967

1423 324 1478 378 Β.
1523 322 1770 378 CAROLI
1813 320 2026 376 MAGNI
2071 317 2226 375 Ol’P.
2273 317 2450 378 PAllS
2489 317 2529 387 I,
2569 315 2816 374 SECTIO
2861 316 2925 371 ll.

3759 317 3844 372 θω

562 453 724 509 radus
751 463 870 505 cum
896 441 1166 501 monachis
1185 441 1252 496 de
1283 439 1497 495 basilica
1525 438 1705 494 domui
1733 435 1964 507 Dionysii
1994 449 2136 490 mar-
2163 440 2212 496 Α
2239 432 2498 498 bucinae,
2525 432 2666 503 quod
2699 432 2863 507 ﬁseus
2898 439 3083 486 noster
3117 430 3316 486 exinde
3357 440 3509 501 pote.
3529 430 3573 483 it
3621 444 3843 497 sperare,

571 545 706 615 tyris
733 540 1102 603 sociontmqtte
1131 532 1246 601 ejus
1278 529 1475 584 Rustici
1505 540 1561 583 et
1601 529 1920 594 Eleutherii,
1951 527 2018 582 ad
2049 541 2146 582 nos

567 634 828 692 accedens
851 673 865 694 ,
897 627 1080 698 petivit
1106 637 1163 680 ut
1189 623 1430 679 ecclesiae
1460 622 1716 678 Lebraltat
1737 664 1751 687 ,
1781 637 1901 690 quae
1930 622 2030 674 sita
2066 629 2144 675 est

571 730 622 783 in
655 741 788 795 pago
817 720 1114 784 Alsacensi,
1148 716 1235 770 ubi
1263 717 1492 770 domnus
1519 725 1575 770 et
1601 723 1816 768 sanctus
1847 712 2150 768 Alexander

570 827 774 887 martyr
816 826 1040 881 corpore
1082 806 1396 876 requiescit,
1427 805 1510 859 cui
1551 805 1713 858 multa
1758 803 2013 858 beneﬁcia
2053 814 2150 870 pro

567 910 742 965 salute
779 907 970 959 animae
1013 911 1209 954 nostrae
1243 895 1594 962 contulimus,
1623 895 1862 948 omnium
1889 903 2150 946 terrarum

569 999 634 1054 ad
667 1001 832 1066 ipsam
871 993 1150 1050 ecclesiam
1195 988 1566 1058 pertinentium
1600 987 1834 1043 decimas
1862 985 1912 1040 ei
1952 999 2148 1040 coneev

567 1092 840 1146 deremus.
871 1087 1106 1153 Quorum
1151 1084 1250 1152 piae
1289 1080 1529 1148 petitioni
1566 1089 1899 1144 annuentes,
1939 1079 2080 1148 quod
2121 1092 2151 1131 a

571 1183 726 1239 nobis
765 1179 1028 1248 petierunt
1073 1178 1153 1231 eis
1199 1172 1592 1236 concessimus,
1643 1178 1937 1238 nostroque
1980 1168 2153 1236 sigillo

571 1276 830 1346 signatam
877 1268 1190 1324 tradidimus
1235 1266 1314 1319 eis
1358 1262 1598 1318 chartam
1645 1279 1660 1316 :
1701 1261 1786 1315 cui
1831 1259 2153 1328 quicumque

571 1367 936 1425 contradicere
966 1358 1404 1435 praesumpserit,
1439 1366 1694 1428 perpetuo
1720 1353 1998 1422 subjaeeat
2025 1366 2155 1406 ana-

575 1460 757 1516 tcmati

644 1551 861 1620 Signum
886 1544 1065 1602 Karoli
1097 1539 1462 1615 gloriosissimi
1495 1539 1653 1610 regis.

645 1647 833 1698 Actum
868 1639 1158 1694 Worinatia
1206 1634 1422 1688 civitate
1444 1673 1459 1698 ,
1493 1631 1544 1684 in
1573 1641 1713 1682 anno
1747 1625 1957 1681 decimo
1995 1623 2154 1680 tertio

572 1743 831 1806 regnante
878 1728 1076 1783 donum
1121 1733 1305 1780 nostro
1350 1721 1541 1778 Carolo
1589 1717 1979 1806 gloriosissimo
2028 1729 2153 1784 rege

2247 539 2347 580 nec
2377 538 2507 590 vos,
2537 538 2634 578 nee
2663 523 2938 593 iuniores,
2969 531 3062 576 aut
3089 536 3434 578 successores
3461 510 3642 576 v'istri
3669 521 3846 578 eisdem

2252 620 2543 687 requirere,
2562 631 2660 671 nec
2683 625 2934 672 eaactare
2951 616 3174 681 faciatis,
3195 615 3290 671 sed
3318 615 3510 672 omnia
3528 624 3593 669 et
3613 613 3668 667 in
3698 618 3847 669 oraui-

2250 708 2349 764 bus
2391 719 2612 783 propter
2649 722 2840 764 nomen
2890 707 3142 772 Domini,
3184 705 3268 760 vel
3313 704 3372 759 S.
3403 704 3746 759 Michahelis
3770 724 3839 757 ar-

2251 800 2492 870 changeli
2524 801 2635 866 ipse
2669 799 2866 853 Beatus
2907 799 3072 853 abbas
3112 799 3193 851 vel
3236 811 3536 852 successor
3567 811 3735 861 suus,
3772 810 3841 852 ant

2252 900 2605 948 memoratum
2648 893 3029 945 monasterium
3089 890 3317 944 habeant
3373 887 3664 963 indultum
3712 899 3844 956 atque

2251 997 2598 1050 concessum,
2638 995 2898 1053 quatenus
2944 984 2996 1036 in
3041 981 3401 1037 luminaribus
3455 981 3648 1049 ipsius
3694 985 3841 1036 sancti

2252 1076 2357 1132 loci
2389 1077 2630 1148 proﬁciat
2654 1075 2708 1130 in
2734 1087 3103 1146 augmentum.
3131 1075 3195 1128 Et
3221 1083 3279 1128 ut
3309 1074 3411 1129 hec
3442 1074 3750 1130 auctoritas
3775 1075 3843 1128 lir-

2253 1171 2391 1225 mior
2422 1169 2710 1237 habeatur,
2747 1170 2828 1222 vel
2861 1184 2888 1221 a
2927 1168 3172 1223 ﬁdelibus
3203 1168 3401 1220 nostris
3449 1165 3662 1220 melius
3686 1179 3840 1221 serve.

2253 1273 2357 1330 tur,
2387 1265 2454 1319 de
2481 1263 2678 1318 annulo
2705 1271 2890 1316 nostro
2919 1277 3037 1316 eam
3064 1261 3404 1316 decrevimus
3428 1263 3725 1314 roborarit.

2325 1356 2636 1428 Wigbaldus
2679 1357 2744 1411 ad
2784 1355 2959 1411 vicem
2999 1354 3240 1410 Badonis
3285 1355 3619 1422 recognovit
3653 1361 3707 1408 et
3740 1352 3842 1408 sub-

2259 1449 2494 1518 scripsit.

2326 1541 2456 1595 Data
2487 1556 2574 1594 xvi
2602 1538 2874 1594 Kalendas
2899 1537 3238 1601 Novembris,
3261 1548 3406 1590 anno
3429 1535 3659 1590 decimo
3679 1547 3838 1606 quam

2254 1634 2401 1704 regni
2421 1632 2620 1686 nostri.
2663 1635 2852 1687 Actum
2891 1628 2908 1668 ι
2941 1630 3179 1697 Cltpiaeo
3211 1628 3410 1698 palatio
3441 1627 3694 1698 publico.

2965 1739 3146 1798 XLVI.

575 1823 902 1882 Frallcomm
945 1829 1002 1876 θί
1040 1813 1545 1886 ιθηῧθδπὼτωηθ
1584 1824 1647 1865 ac
1684 1807 1908 1880 μητίείο
1955 1805 2149 1860 “0"”-
2181 1796 2227 1856 Β
2256 1836 2428 1892 Caroli
2448 1834 2625 1908 Magni
2650 1845 2956 1904 pt'tt'ceptum
2979 1851 3071 1902 pro
3094 1833 3486 1908 conﬁrmatione
3511 1835 3834 1888 cantmntclia-

576 1929 768 1973 norum
795 1911 845 1967 ι’.

1283 1973 1446 2031 XLV.

577 2109 600 2137 ε
641 2097 877 2166 Diploma
918 2091 1088 2149 Caroli
1129 2088 1343 2166 Magni,
1382 2102 1482 2156 quo
1521 2084 1890 2166 monasterium
1910 2079 2155 2166 ligurrit:

643 2151 814 2240 gie'aae
853 2167 1073 2220 immune
1115 2151 1342 2215 declarat
1391 2151 1424 2211 ὶι
1466 2157 1674 2212 telouet's
1711 2157 1872 2227 (anno
1910 2152 2052 2216 782).,
2091 2151 2154 2205 l7

648 2236 837 2308 Ν⁰”’)’
1065 2301 1160 2366 (Ex
1186 2297 1490 2358 Grandidier,
1515 2296 1657 2357 ibid.)

648 2410 869 2476 carolus
898 2408 991 2464 Dei
1022 2407 1189 2478 gratia
1221 2420 1313 2460 rex
1343 2402 1668 2458 Francorum
1699 2407 1753 2454 et
1780 2394 2158 2468 Longobardo-

574 2517 724 2566 rum,
755 2515 816 2555 ae
849 2498 1099 2568 patricius
1144 2496 1542 2559 Romanorum,
1588 2490 1836 2546 oumihus
1871 2489 2156 2558 episcopis,

576 2593 887 2657 abbatibus,
916 2590 1138 2646 ducibus
1157 2628 1172 2653 ,
1197 2583 1480 2641 comitibus
1499 2624 1515 2652 ,
1543 2581 1790 2653 vicariis,
1815 2579 2156 2648 centenariis,

581 2684 886 2740 teloneariis
907 2722 924 2748 ,
954 2681 1036 2734 vel
1076 2679 1323 2734 omnibus
1348 2692 1532 2731 curam
1567 2674 1827 2742 publicam
1859 2671 2158 2740 agentibus.

576 2776 636 2832 Si
665 2786 963 2844 opportuna
996 2770 1251 2826 beneﬁcia
1290 2767 1358 2822 ad
1397 2767 1514 2820 loca
1558 2773 1861 2819 sanctarum
1911 2761 2161 2817 ecclesia-

578 2882 734 2932 rum,
776 2865 858 2920 vel
899 2861 1201 2931 servisDei
1250 2864 1488 2929 prestare
1526 2871 1631 2911 non
1673 2855 2009 2918 desinemus,
2059 2852 2163 2908 hoc

578 2958 732 3014 nobis
758 2956 940 3027 procul
971 2955 1134 3010 dubio
1177 2952 1244 3008 ad
1286 2962 1528 3007 sternam
1578 2948 1958 3004 beatitudinem
2001 2945 2165 3024 perti-

576 3063 706 3105 nere
745 3046 1084 3102 conlidituus.
1128 3042 1293 3112 Igitur
1336 3051 1624 3110 cognoscat
1669 3037 1978 3108 magnitudo
2003 3077 2019 3101 ,
2066 3051 2163 3091 seu

2325 1909 2406 1962 nis
2442 1906 2780 1977 quorumdam
2813 1908 3122 1977 prmdiorntn
3163 1910 3214 1958 in
3250 1923 3386 1976 pago
3431 1906 3681 1977 Alsiensi,
3725 1907 3835 1958 intra

2325 1976 2460 2033 inter
2488 1976 2776 2031 Fult'adttm
2814 1976 3044 2030 abbatem
3082 1976 3458 2047 Dionysianum
3489 1986 3540 2030 et
3578 1976 3832 2047 [infertilem

2324 2050 2634 2102 abbatissam
2663 2048 2992 2117 part/tenent;
3018 2048 3182 2100 sancti
3219 2046 3357 2100 Petri
3387 2050 3444 2100 in
3488 2047 3615 2101 urbe
3651 2046 3834 2100 illatum

2329 2121 2489 2192 (anno
2520 2118 2680 2188 782).

2689 2209 2783 2271 (Ex
2811 2208 2970 2258 Manili
3003 2209 3066 2258 de
3091 2207 3164 2259 Re
3184 2208 3420 2270 diplom.)

2326 2313 2551 2368 Carolus
2598 2315 2766 2384 gratia
2808 2311 2900 2367 Dei
2948 2327 3042 2366 rex
3096 2301 3420 2367 Francorum
3467 2323 3518 2369 et
3558 2311 3832 2385 Langobar-

2257 2402 2444 2461 dorum
2475 2421 2537 2460 ac
2573 2405 2825 2474 patricius
2856 2405 3236 2458 llomauorum.
3268 2404 3456 2459 Notum
3499 2409 3566 2461 sit
3604 2405 3831 2458 ﬁdelibus

2261 2495 2462 2549 nostris
2495 2505 2599 2548 tam
2628 2497 2977 2565 praesentibus
3000 2509 3156 2563 quam
3187 2504 3241 2549 et
3265 2495 3470 2561 futuris;
3498 2497 3544 2549 si
3570 2496 3668 2548 hoc
3689 2496 3823 2565 quod

2262 2589 2400 2641 inter
2426 2601 2483 2640 se
2511 2586 2958 2641 Commutaveriut
2984 2590 3178 2641 noStris
3199 2590 3411 2643 oraculis
3429 2583 3807 2653 conﬁrmamus,

2262 2694 2444 2746 regunt
2476 2678 2913 2732 consuetudinem
2945 2692 3261 2733 exercemus
3282 2719 3294 2743 ,
3326 2688 3375 2732 et
3407 2677 3540 2734 idem
3577 2690 3808 2749 posuno-

2262 2772 2385 2828 dum
2413 2772 2532 2840 jure
2559 2771 2920 2824 ltrntissituum
2952 2787 3262 2824 mansurum
3289 2787 3401 2826 esse
3421 2772 3695 2826 credimus.
3718 2770 3818 2839 lgi-

2265 2873 2350 2921 tur
2379 2873 2711 2934 compertum
2755 2865 2821 2918 sit
2864 2856 3102 2918 omnium
3142 2872 3439 2918 vestierum
3479 2863 3816 2934 magnitudini,

2264 2955 2491 3026 qualiter
2521 2953 2836 3008 venerabilis
2870 2955 2954 3008 vir
2983 2953 3246 3009 Fulradus
3276 2956 3414 3008 abba
3433 2954 3500 3009 de
3527 2954 3817 3008 monasterio

2266 3049 2435 3101 Sancti
2479 3045 2716 3116 Dionysii
2766 3061 2860 3100 seu
2901 3045 3368 3118 archipresbyter,
3421 3056 3586 3117 atque
3632 3045 3812 3100 Euﬁiaia

578 3142 776 3196 utilitas
809 3148 982 3194 vestra
1008 3178 1022 3201 ,
1051 3123 1192 3206 quod
1239 3150 1337 3189 nos
1374 3133 1440 3188 ad
1491 3133 1798 3200 petitionem
1839 3128 2162 3186 venerabilis

2273 3137 2531 3192 abbatissa
2567 3139 2633 3192 de
2675 3139 2998 3193 monasterio
3036 3144 3316 3207 superiore
3355 3155 3466 3206 que
3493 3149 3579 3194 est
3612 3152 3807 3194 constru-

574 3235 674 3290 viri
708 3233 849 3290 Beati
878 3232 1106 3297 abbatis,
1139 3229 1228 3299 qui
1256 3239 1338 3282 est
1369 3236 1544 3282 rector
1576 3221 1885 3280 monasterii
1915 3222 2163 3276 Iloinau-

576 3334 662 3397 gie
683 3368 699 3392 ,
732 3325 870 3395 quod
903 3335 982 3378 est
1011 3324 1061 3377 in
1094 3321 1296 3375 honore
1338 3319 1395 3375 S.
1428 3318 1738 3373 Michahelis
1765 3327 2160 3381 constructum,

578 3423 684 3472 tale
717 3427 930 3483 propter
970 3427 1165 3468 nomen
1209 3409 1419 3464 Domini
1457 3402 1773 3463 beneficium
1808 3407 1924 3476 ejus
1956 3408 2161 3460 meritis

577 3505 1021 3576 compelleutibus
1060 3501 1356 3572 prestitisse
1398 3499 1695 3564 voluimus,
1742 3510 1800 3552 ut
1845 3497 2162 3565 ubicumque

577 3597 819 3651 homines
851 3596 1012 3663 ipsius
1044 3592 1353 3646 monasterii
1385 3588 1520 3644 infra
1558 3605 1780 3660 regnum
1822 3599 2062 3644 nostrum
2096 3587 2162 3642 ad

577 3686 951 3758 negotiandum
1011 3681 1391 3752 pervenerint,
1451 3683 1651 3736 nullum
1711 3681 2004 3745 telonium,
2065 3695 2163 3734 nec

577 3780 866 3853 quamlibet
907 3777 1370 3843 reddbuoionent,
1404 3790 1507 3846 que
1547 3775 1612 3829 ad
1659 3784 1860 3842 partem
1902 3773 2011 3828 ﬁsci
2061 3788 2161 3828 no-

575 3875 673 3930 etri
712 3883 954 3943 spei-tare
1000 3872 1238 3934 videtur,
1284 3869 1540 3937 solvere,
1596 3882 1695 3923 nec
1735 3867 1864 3922 dare
1912 3868 2158 3922 debeant.

577 3945 866 4035 Propterea
911 3979 1004 4032 per
1035 3972 1336 4034 presentem
1372 3961 1767 4029 preceptionem
1799 3957 2160 4038 decernimus,

574 4055 718 4127 quod
747 4055 1124 4124 perpetualtter
1153 4066 1460 4106 mansurum
1487 4063 1606 4105 esse
1634 4049 1899 4118 jubemns,
1933 4057 1989 4102 ut
2017 4047 2163 4102 nullo

575 4147 809 4212 telonio,
841 4159 939 4200 nec
965 4144 990 4183 ἀ
1025 4145 1296 4214 navigale,
1340 4159 1438 4197 nee
1470 4153 1492 4180 ε
1522 4143 1728 4196 cari-ale
1748 4183 1762 4206 ,
1794 4140 1813 4178 ί
1854 4142 2156 4205 evectione,

574 4255 677 4294 nec
717 4239 741 4278 ε
789 4237 1043 4300 rotatieo,
1093 4250 1190 4290 nec
1238 4235 1263 4274 ιι
1307 4235 1606 4302 pontatico,
1649 4248 1746 4286 nec
1791 4233 1805 4271 ἰ
1851 4232 2159 4297 salutatien,

577 4345 676 4385 nee
706 4327 718 4378 i
763 4329 1120 4395 pulveraticu,
1160 4342 1256 4382 nec
1285 4327 1312 4365 ι
1341 4326 1670 4396 cispitatieo,
1713 4338 1812 4379 nec
1843 4325 1946 4378 ulla
1986 4323 2162 4378 reddi-

577 4479 751 4551 Magni
791 4489 845 4533 et
888 4478 1140 4534 Ludovici
1187 4478 1262 4532 l'ii
1303 4479 1447 4551 aulis
1485 4478 1806 4546 comparuit.
1856 4478 1952 4533 Hic
1981 4478 2156 4534 Caroli

579 4527 751 4619 iiiﬁiii
795 4527 1145 4625 insignita;
1187 4527 2155 4625 ξρξιηῑεδ;’ῖμ.έιςίιεῑξξ-ίξίειῖδλῖγῇῑιίᾱιζ
2192 4527 2238 4587 ο

574 4624 664 4690 qui
695 4633 808 4675 erat
834 4623 974 4675 illius
995 4621 1252 4674 naturalis
1272 4621 1448 4674 Caroli
1473 4621 1700 4674 Martelli
1726 4630 1781 4675 et
1801 4625 1962 4676 frater
1983 4622 2153 4691 Pipini

575 4708 664 4748 I62
673 4709 735 4746 IS.

635 4709 880 4832 ι’Ξιηῖξιγιιις
907 4763 989 4816 hic
1016 4761 1214 4815 chartis
1234 4759 1613 4830 Carlovingieis
1636 4761 1790 4829 plane
1812 4771 1892 4817 est
1922 4764 2151 4829 Ignotus.

649 4832 677 4870 δ
705 4834 815 4887 Mos
842 4844 967 4887 tunc
991 4841 1106 4887 erat
1136 4842 1194 4885 ut
1232 4839 1310 4886 vel
1353 4835 1760 4902 archieapellnni
1785 4874 1801 4897 ,
1831 4833 1911 4888 vel
1947 4836 2158 4888 cancel-

575 4903 718 4967 larii,
741 4905 818 4957 vel
846 4907 932 4956 alii
953 4919 1047 4958 sua
1069 4904 1284 4956 nomina
1305 4907 1696 4958 subscriberent
1727 4921 1820 4970 pro
1840 4906 2156 4960 Stabilienda

574 4975 879 5042 tliplontatis
923 4975 1213 5041 ﬁrmitate,
1243 4977 1332 5043 qui
1385 4989 1500 5032 mos
1536 4978 1586 5026 in
1634 4975 1732 5030 hac
1760 4976 1934 5029 Caroli
1981 4978 2154 5046 Magni

574 5049 758 5098 charta
801 5061 906 5097 non
937 5055 1221 5112 usurpatos
1242 5085 1256 5106 ,
1291 5056 1481 5110 pra-ter
1509 5045 1607 5096 alia
1640 5047 2058 5115 interpolationis
2080 5045 2155 5100 Vsi-

575 5130 699 5181 gna,
733 5115 874 5169 illam
907 5117 1135 5168 maxime
1165 5125 1466 5180 sns‘pi-ctutu
1511 5116 1700 5179 reddit,
1733 5119 1871 5184 quod
1899 5133 1949 5169 et
1983 5118 2158 5176 lirmnt

576 5187 691 5251 ipse
723 5184 981 5249 Felihiisn,
1015 5186 1102 5252 qui
1131 5187 1374 5251 prtetensi
1407 5185 1562 5251 hujus
1587 5188 1894 5252 diplomatis
1923 5192 2157 5244 auctori-

577 5268 684 5309 tate
709 5259 759 5327 in
783 5257 1000 5308 historia
1022 5271 1117 5307 sua
1133 5267 1239 5308 ean
1274 5258 1589 5323 Dionysiaua
1615 5273 1942 5327 nequaquam
1969 5263 2040 5312 uti
2065 5277 2156 5313 vo-

577 5328 690 5379 luit.
712 5324 1024 5380 Ptscdietatu
1046 5328 1280 5378 chartam
1296 5328 1679 5393 supposititiam
1703 5324 1846 5382 sint
1861 5331 1989 5383 ideri
2011 5347 2158 5388 asse—

575 5401 644 5452 rit
661 5399 917 5461 Cointins,
952 5397 1143 5450 Annal.
1173 5400 1463 5452 ecclesiast.
1493 5407 1617 5450 tom.
1657 5400 1739 5464 Vl,
1770 5417 1884 5469 pag.
1917 5401 2043 5458 ΞΗ,

649 5477 670 5504 ε
704 5469 884 5522 Exstat
916 5470 1028 5520 lutet:
1052 5470 1236 5520 charta
1265 5471 1402 5531 apud
1432 5469 1788 5537 Mahil'onetn,
1815 5476 2002 5526 Annal.
2035 5474 2156 5528 ord.

573 5537 631 5610 δ.
664 5537 856 5610 Betted.
887 5549 1014 5590 tum.
1047 5538 1085 5590 ll
1105 5578 1120 5602 ,
1149 5553 1266 5604 pag.
1296 5539 1429 5610 699,
1465 5543 1784 5606 l'.t:t‘:ll‘tltllll,
1819 5545 1962 5610 Orig.
1993 5545 2159 5598 Ilabs-

577 5609 1025 5685 hurg.__Austriae.
1059 5623 1178 5685 pag.
1213 5609 1347 5685 illi,
1370 5610 1726 5685 _l_louqttetunt
1747 5655 1774 5685 ,ί
1805 5613 1856 5666 in
1902 5609 2152 5685 scriptor.

567 5693 684 5750 rer.
718 5678 906 5731 Frauc.
934 5689 1062 5733 tom.
1093 5679 1153 5743 ν,
1179 5695 1293 5747 pag.
1322 5679 1443 5736 745,
1478 5690 1532 5734 et
1555 5681 1955 5750 Schts-ptimum.
1984 5678 2154 5743 Klsat.

577 5749 796 5816 diplom.
830 5759 962 5804 tom.
993 5750 1042 5818 Ι,
1074 5765 1193 5819 pag.
1229 5750 1313 5815 5-2.,
1349 5753 1440 5804 sed
1471 5749 1727 5809 nonsatis
1753 5768 2010 5812 cori-cete.

2265 3241 2382 3284 ctus
2412 3231 2463 3284 in
2497 3231 2697 3284 lmuore
2724 3242 2763 3267 ω
2791 3229 2958 3284 sancti
2987 3230 3148 3295 Petri,
3179 3231 3311 3284 inl'ia
3348 3247 3510 3284 muro
3541 3232 3693 3285 llettis
3715 3229 3803 3283 tirio

2265 3329 2394 3385 tate,
2427 3334 2523 3390 pro
2551 3321 2914 3388 Oportunitate
2946 3321 3224 3375 amborum
3257 3320 3499 3389 partium
3546 3337 3630 3377 res
3655 3321 3792 3388 aliquas

2263 3411 2403 3468 inter
2433 3427 2492 3466 se
2532 3422 2912 3467 commutasse.
2957 3412 3108 3467 Unde
3137 3416 3190 3466 et
3231 3413 3374 3480 ipsas
3413 3414 3784 3468 commutationes

2266 3503 2525 3557 bonorum
2577 3503 2852 3557 hominum
2912 3503 3156 3558 manibus
3187 3501 3474 3559 roboratas
3525 3504 3582 3560 in
3619 3501 3796 3574 presenti

2265 3595 2673 3650 ostendiderunt
2715 3596 3031 3664 relegendus
3065 3614 3078 3648 :
3109 3595 3196 3649 ubi
3243 3596 3608 3665 cognovimus
3641 3593 3806 3664 qualiter

2269 3685 2416 3739 dedit
2447 3685 2671 3740 Euliniia
2702 3687 2968 3739 abbatissa
3003 3687 3069 3740 ad
3098 3698 3246 3758 parte
3273 3685 3516 3743 Folrado
3545 3688 3719 3743 abbate
3740 3697 3812 3739 una

2264 3793 2385 3833 eum
2424 3793 2688 3834 euttsensu
2725 3778 3035 3842 ancillarum
3081 3781 3170 3835 Dei
3217 3779 3415 3836 ibidem
3459 3783 3816 3838 consistentia:

2265 3869 2453 3924 locella
2493 3871 2599 3926 duo
2649 3871 2783 3926 inira
2825 3887 2961 3942 pago
3002 3873 3247 3930 Saluinse
3271 3916 3286 3944 ,
3325 3890 3498 3944 super
3528 3875 3728 3931 ﬂuvium
3751 3873 3819 3929 Sa-

2265 3959 2411 4029 loua,
2439 3962 2492 4016 itt
2518 3963 2850 4032 Conpendio,
2879 3965 2928 4019 id
2959 3974 3084 4018 sunt
3114 3957 3164 4019 in
3198 3947 3665 4034 Filieione-curte,
3691 3982 3766 4021 seu
3787 3969 3821 4017 ἰ

2271 4054 2770 4124 Victerueia-curte,
2799 4069 3287 4129 quantumcumque
3316 4050 3369 4114 in
3399 4061 3548 4129 ipsas
3577 4059 3825 4117 curtesluit

2264 4151 2399 4204 ratio
2437 4150 2602 4205 s'ancti
2635 4151 2777 4207 Petri
2808 4153 2858 4206 in
2885 4154 3190 4222 integritate
3211 4196 3226 4218 ,
3259 4165 3313 4210 et
3340 4155 3605 4225 quiequid
3645 4156 3706 4209 ad
3746 4155 3826 4222 ipsa

2264 4243 2378 4298 loca
2425 4245 2634 4311 aSpicit.
2688 4243 2876 4300 Simile
2915 4243 3076 4299 modo
3121 4227 3390 4302 Foliadus
3419 4248 3577 4306 dedit
3615 4250 3681 4305 ad
3717 4255 3829 4318 parte

2267 4335 2576 4392 Eulimiattte
2603 4336 2868 4392 abbatissa
2894 4348 2948 4393 et
2978 4337 3069 4393 illa
3112 4345 3534 4410 congregatione
3557 4344 3728 4398 sancti
3755 4341 3829 4395 Pe-

2329 4494 2355 4534 d
2387 4495 2479 4568 Est
2509 4495 2778 4550 teloncum
2812 4513 2906 4566 pro
2933 4497 3176 4561 navibus,
3209 4501 3450 4568 naulage.

2337 4577 2360 4604 θ
2387 4565 2680 4636 Telum-um
2715 4565 3026 4636 pro'carris,
3057 4569 3190 4621 droit
3224 4573 3284 4622 de
3308 4565 3537 4625 cﬁarroi.

2338 4636 2356 4675 ί
2390 4632 2686 4709 Teloueum
2717 4632 2814 4707 pro
2841 4632 3106 4708 equis'vel
3131 4641 3476 4709 equitatur-is.

2337 4709 2361 4779 β
2394 4706 2540 4779 [)t'oit
2569 4707 2632 4762 de
2664 4706 2876 4779 ro’uage.

2333 4777 2360 4817 ιι
2393 4776 2538 4848 D_roit
2564 4779 2625 4831 de
2653 4776 2886 4848 ponta'ge.

2345 4849 2358 4887 ἰ
2403 4846 2547 4902 Droit
2578 4846 2860 4903 d’lteuretix
2888 4849 3068 4904 abord.

2339 4916 2352 4968 l
2401 4918 2531 4973 Vide
2559 4934 2737 4987 supra,
2767 4923 2867 4974 col.
2903 4921 3028 4986 5,258,
3061 4930 3185 4974 nota
3217 4923 3259 4975 ί.

2338 4990 2363 5058 if
2398 4987 2532 5041 Vide
2560 5005 2742 5058 supra,
2767 4992 2869 5043 col.
2899 4991 3026 5058 9.38,
3061 5001 3182 5044 nota
3216 5002 3262 5044 η.

2343 5056 2359 5095 ί
2393 5056 2639 5114 Mabillon
2671 5056 2736 5114 et
2759 5062 2846 5113 alii
2883 5056 3021 5115 male
3053 5063 3229 5130 legunt
3257 5061 3532 5128 Cispliaco.
3565 5062 3839 5132 Clipiacum

2265 5130 2363 5205 fuit
2407 5131 2653 5198 palatium
2697 5133 2898 5205 regium
2926 5133 3185 5205 ,itinlliee
3225 5133 3436 5202 Clichy,
3484 5135 3554 5187 de
3591 5130 3700 5205 quo
3745 5141 3840 5202 lege

2263 5201 2586 5275 gerlltflllllm
2612 5240 2627 5264 ,
2659 5201 2796 5275 apud
2842 5203 3215 5271 alaliillonem,
3256 5205 3322 5259 de
3369 5201 3445 5260 lle
3484 5201 3839 5275 diplontatica,

2264 5272 2357 5324 lib.
2394 5269 2481 5342 IV,
2514 5287 2634 5342 pag.
2663 5271 2788 5325 275.

2338 5353 2377 5379 ω
2405 5341 2777 5396 Monasterium
2811 5344 3075 5412 virginum
3105 5346 3202 5398 sub
3240 5345 3453 5398 nomine
3501 5348 3674 5401 sancti
3719 5346 3842 5400 l‘etri

2264 5411 2521 5483 hactenus
2551 5413 2730 5466 existit
2759 5411 3254 5483 apnd’Divodurum
3305 5417 3840 5471 Meiliontatrieornut.

2261 5480 2337 5534 De
2385 5482 2538 5536 l’ett-o
2569 5480 3053 5554 Atuelitts'l’etrone
3095 5485 3344 5554 episeopo
3389 5485 3714 5542 Virdunensi
3763 5486 3839 5552 qui

2257 5562 2517 5624 regnante
2555 5551 2746 5607 Carolo
2792 5554 2979 5622 Magno
3025 5551 3412 5609 i~ti'Ecelesi:n
3456 5559 3706 5624 praetuit,
3743 5551 3844 5624 lese

2261 5622 2535 5676 historiam
2583 5625 2954 5697 episcoporum
3011 5624 3421 5682 Virdunensium
3457 5622 3520 5681 in
3571 5622 3841 5697 Spicilegti

2264 5703 2410 5747 toruo
2438 5708 2510 5762 at,
2544 5708 2662 5765 pag.
2692 5694 2816 5751 259.
