3964 6344
87 329 180 386 969

372 313 611 384 CODEX
652 311 1176 380 DIPLOMATICUS.
1215 347 1282 358 —
1323 313 1736 373 PRIVILECIA.
1777 345 1847 357 —
1886 316 1925 370 Ι.
1968 313 2218 373 Ριιινιι..
2261 315 2393 373 PER
2431 315 2708 373 GALLIA'I
2743 315 3032 375 PARTES.

3239 318 3344 375 970

89 448 145 504 tri
174 457 254 500 res
284 440 629 510 proprietatis
666 450 780 490 sum
822 436 876 488 in
908 447 1044 501 pago
1073 429 1433 495 Scarponinse
1463 428 1515 482 in
1545 426 1666 480 loco
1697 427 1741 486 Α
1772 440 1882 481 rem
1911 426 2081 482 sancti
2125 427 2346 484 Dionisii
2388 427 2978 498 Sonarciagam-villam
3017 428 3216 486 habere
3246 447 3353 500 ρο..

85 554 177 612 que
217 535 412 590 dicitur
449 525 957 612 Basigtindelcurte.
1006 525 1513 612 quantumcumque
1536 533 1657 612 cum

89 610 300 686 i’etrone
321 625 582 693 episcopo
612 611 965 681 Virduninse,
1005 630 1098 670 seu
1135 622 1190 668 et
1218 615 1444 667 Annone
1472 610 1665 664 abbate

87 717 415 778 contumulavit
437 754 454 780 ,
486 723 543 767 et
583 709 834 783 quicquid
871 710 936 762 ad
965 708 1082 777 ipso
1109 705 1226 760 loco
1253 701 1491 771 aspicere
1520 700 1664 754 vide-

88 824 182 879 tur,
213 819 376 866 totum
405 815 464 863 et
489 805 558 860 ad
594 806 857 869 integrum
894 799 1041 855 dedit
1074 795 1141 852 ad
1172 805 1320 866 parte
1349 793 1664 848 Eulimianaa

88 903 355 959 abbatissa.
397 897 508 954 Sed
549 910 648 966 pro
689 894 895 962 integra
942 889 1193 944 ﬁrmitate
1243 885 1509 954 petierunt
1549 883 1664 951 ipse

89 996 237 1050 abbas
267 1000 322 1048 et
363 986 644 1045 abbatissa
695 980 1000 1040 celsitudini
1048 988 1275 1041 nostra,
1320 985 1377 1029 ut
1421 973 1524 1028 hoc
1569 987 1664 1042 per

92 1095 308 1142 nostram
343 1079 726 1138 auctoritatem
775 1073 1095 1130 conﬁrmare
1133 1070 1454 1126 deberemus
1487 1084 1499 1119 :
1532 1082 1665 1136 quo—

91 1195 192 1237 rum
217 1174 563 1248 petitionibus
591 1169 821 1242 gratanti
848 1169 1026 1223 animo
1057 1165 1127 1221 ita
1159 1163 1472 1234 praestitisse
1499 1162 1581 1216 vel
1609 1160 1662 1214 in

89 1270 318 1327 omuibus
355 1265 718 1322 conﬁrmasse
753 1257 1082 1330 cognoscite.
1126 1254 1506 1323 PraecipienIes
1535 1267 1664 1320 ergo

93 1362 349 1444 iubemus,
380 1365 437 1411 ut
461 1352 720 1442 quicquid
749 1364 871 1420 pars
894 1346 1141 1404 contullit
1167 1345 1333 1425 parti,
1359 1353 1450 1396 aut
1479 1359 1508 1397 e
1535 1356 1665 1396 con-

94 1465 163 1509 tra
189 1456 235 1508 in
260 1435 534 1517 conpe'nsii
561 1435 800 1514 recepit;
829 1443 1097 1511 inspectas
1117 1440 1261 1510 ipsas
1283 1435 1664 1494 commutatio-

97 1558 202 1609 nes,
230 1543 364 1598 sicut
395 1554 490 1610 per
515 1551 613 1593 eas
640 1537 976 1596 declaratur,
1005 1533 1074 1587 ab
1119 1530 1220 1584 hac
1251 1529 1342 1584 die
1390 1541 1486 1596 per
1529 1525 1666 1580 lianc

97 1644 310 1690 nostram
337 1631 717 1687 auctoritatem
750 1625 1002 1690 habendi,
1041 1623 1276 1688 tenendi,
1310 1620 1493 1686 dandi,
1516 1633 1668 1673 com-

97 1725 348 1791 mutandi,
387 1723 472 1778 vel
518 1718 772 1792 quicquid
809 1717 1004 1774 exinde
1048 1713 1409 1782 unusquisque
1447 1709 1588 1780 quod
1631 1723 1660 1762 a

1765 518 1991 572 tuissent
2011 535 2022 571 :
2043 518 2134 574 sed
2159 517 2256 588 ipsi
2278 533 2373 590 per
2398 533 2525 574 suos
2550 520 2770 574 vuadios
2798 519 2992 576 ibidem
3023 518 3075 574 in
3107 524 3358 588 praesenti

1763 607 2037 676 prmiatum
2069 608 2308 664 Adonem
2334 609 2649 664 advocatum
2679 609 2847 663 sancti
2881 608 3099 665 Dionisii
3133 610 3359 666 investi-

1762 710 1982 766 verunt,
2008 709 2060 755 et
2083 686 2239 755 Iidem
2270 687 2494 766 exinde,
2535 703 2672 756 sicut
2710 701 2792 755 lex
2822 701 3116 764 continuit.
3153 701 3358 756 ibidem

1764 790 2024 844 iecerunt.
2052 781 2282 845 Proinde
2301 799 2620 859 oportunum
2647 789 2743 844 fuit
2767 790 2865 858 ipsi
2894 790 3066 844 Adoni
3089 790 3353 845 advocato

1763 878 1928 934 sancti
1965 879 2207 945 Dionisii,
2235 883 2294 935 ut
2319 881 2478 934 talem
2511 880 2750 934 notitiam
2777 879 3038 934 bonorum
3070 878 3352 935 hominum

1765 985 1924 1024 manu
1976 971 2276 1034 ﬁrmatam,
2323 972 2403 1025 vel
2448 961 2612 1039 ipsius
2657 971 2868 1026 comitis
2901 971 3117 1026 nomine
3145 969 3351 1037 Rilerii,

1763 1077 1858 1118 seu
1887 1063 1973 1131 qui
2024 1063 2222 1116 ibidem
2269 1061 2482 1117 luerunt
2514 1057 2758 1118 sedentes
2782 1104 2797 1128 ,
2831 1063 3096 1133 prendere
3135 1073 3189 1120 et
3216 1062 3360 1119 acci-

1763 1171 1892 1228 pere
1917 1156 2160 1221 deberet,
2187 1155 2331 1226 quod
2357 1159 2427 1210 ita
2457 1166 2511 1212 et
2539 1155 2663 1211 fecit
2681 1199 2694 1222 ,
2722 1167 2776 1210 ut
2804 1157 2868 1211 ad
2894 1157 3111 1226 longum
3143 1167 3352 1223 tempus

1764 1249 1930 1316 ipsam
1959 1262 2072 1301 rem
2095 1247 2675 1317 Sonarciagam-villaut
2701 1260 2881 1318 contra
2905 1249 3014 1318 jam
3046 1249 3220 1304 dictos
3252 1249 3349 1304 ιιοο

1766 1340 1935 1394 mines
1959 1339 2024 1393 ad
2049 1347 2254 1408 partem
2274 1340 2442 1393 sancti
2472 1339 2686 1395 Dionisii
2713 1339 2906 1396 habeat
2925 1341 3276 1396 evindicatam
3299 1347 3358 1396 et

1764 1432 2089 1501 elidigatam.
2113 1431 2262 1486 Unde
2281 1439 2335 1486 et
2359 1431 2647 1485 advocatus
2673 1435 2840 1485 sancti
2873 1432 3093 1487 Dionisii
3114 1431 3194 1486 vel
3223 1430 3354 1496 Ful-

1765 1523 1880 1577 radi
1902 1523 2109 1577 abbatis
2131 1521 2373 1576 videlicet
2401 1521 2516 1575 Ado
2537 1534 2686 1575 suam
2710 1522 2947 1576 notitiam
2969 1530 3124 1589 quam
3150 1530 3209 1577 se
3235 1534 3358 1590 pro-
3429 1588 3440 1604 ⁸

1767 1618 1943 1688 posuit
1974 1616 2167 1670 habere
2195 1623 2316 1670 ante
2335 1631 2432 1670 nos
2452 1615 2655 1686 legibus
2673 1614 2864 1682 optulit
2887 1615 2970 1670 vel
2999 1615 3363 1684 adprzesenta-

1768 1708 1842 1763 vit
1866 1709 1932 1762 ad
1960 1707 2312 1777 religettdums
2353 1709 2568 1763 “electa
2591 1710 2702 1775 ipsa
2732 1708 2948 1775 notitia,
2973 1708 3356 1777 interrogatum

99 1819 200 1890 iure
224 1784 555 1883 suo-accepit
581 1813 646 1868 ad
665 1784 966 1880 profectum
992 1806 1297 1862 earumdem
1319 1803 1666 1860 ecclesiarum
1702 1784 1750 1845 Β
1775 1796 1878 1852 fuit
1907 1797 2023 1869 ipso
2055 1797 2236 1852 Rilero
2261 1798 2479 1861 comite,
2512 1799 2556 1853 si
2591 1798 2705 1853 lnec
2733 1810 2892 1852 causa
2923 1798 3005 1852 vel
3035 1799 3148 1867 ipsa
3178 1797 3368 1853 notitia

101 1922 332 1965 exemere
349 1905 612 1969 valuerit,
637 1903 861 1959 liberam
883 1915 946 1954 ac
965 1899 1324 1954 ﬁrmissimam
1350 1897 1400 1952 in
1425 1894 1670 1952 omnibus

105 1999 298 2054 babiant
323 2003 647 2067 potestatem
693 2010 708 2047 :
749 2000 804 2046 ut
833 2002 1008 2059 neque
1034 2004 1066 2044 a
1098 1986 1354 2059 praedicto
1392 1987 1584 2043 abbate
1618 1995 1674 2043 et

105 2090 378 2154 abbatissa,
413 2100 593 2158 neque
623 2085 690 2140 ab
714 2098 897 2140 eorum
926 2079 1334 2138 successoribus
1365 2080 1527 2154 ullum
1554 2093 1674 2133 um-

111 2195 252 2250 quam
274 2189 508 2246 tempore
550 2177 694 2246 ipsas
717 2173 1165 2229 commutationes
1189 2169 1474 2227 violentur.
1514 2168 1668 2225 Unde

112 2271 229 2326 duas
249 2268 680 2326 eonﬁrmationes
705 2281 811 2320 uno
835 2273 1022 2320 tenore
1051 2262 1379 2332 conscriptas
1412 2260 1526 2316 ﬁeri
1552 2261 1671 2330 jus-

117 2361 280 2430 sitnu's,
300 2374 432 2432 quas
458 2368 515 2415 et
543 2373 704 2414 manu
732 2354 944 2425 propria
977 2353 1303 2410 lirmavimus
1333 2362 1388 2408 et
1416 2352 1483 2408 de
1512 2351 1674 2407 anulo

120 2461 278 2510 nostro
305 2454 537 2525 sigillare
562 2450 845 2522 iussimus.

183 2545 380 2613 Signum
407 2544 583 2600 Caroli
615 2539 990 2612 gloriosissimi
1016 2539 1178 2611 regis.

179 2635 482 2692 Widolaicus
507 2635 574 2690 ad
601 2635 774 2690 vicem
799 2631 1036 2688 Radonis
1067 2630 1376 2700 recognovi.

178 2728 304 2783 Data
329 2729 381 2783 in
407 2743 586 2786 mense
613 2727 866 2785 Octobris
896 2741 1036 2781 anno
1063 2739 1179 2780 xutl
1203 2733 1258 2780 et
1277 2738 1368 2778 vm
1406 2723 1552 2793 regni
1585 2736 1680 2776 no—

115 2818 228 2875 stri.
259 2820 440 2875 Actum
466 2821 752 2878 ﬂaristalio
783 2819 982 2892 palatio
1013 2818 1226 2890 publico
1257 2819 1310 2874 in
1344 2817 1437 2874 Dei
1465 2819 1680 2876 nomine

120 2910 355 2969 feliciter.

779 3007 989 3064 XLVII.

128 3096 372 3173 Placitum
400 3101 494 3173 sub
533 3101 716 3157 Carolo
747 3101 938 3173 Magno
974 3101 1226 3166 habitum,
1258 3100 1310 3154 in
1347 3115 1447 3168 quo
1478 3099 1675 3173 Sonar-

193 3170 460 3244 cisga-villa
497 3175 619 3244 pagg
656 3170 1188 3244 Teliau'Dionysiano
1223 3173 1529 3228 monasterio
1571 3172 1683 3225 uin-

194 3235 383 3296 dicemr
407 3235 738 3316 (οηὶιόῗϐἓ).

649 3343 745 3416 (Ex
765 3353 1131 3418 Mabill.,ibid.)

196 3455 394 3514 Carolus
417 3459 580 3532 gratia
612 3460 708 3516 Dei
737 3475 831 3516 rex
868 3461 1193 3516 Francorum
1219 3467 1274 3516 et
1299 3460 1681 3531 Langobardo-

148 3563 250 3604 rum
274 3565 328 3606 ac
361 3553 604 3622 patricius
643 3553 1026 3608 Romanorum.
1059 3552 1192 3607 Cum
1236 3567 1333 3608 nos
1372 3553 1423 3606 in
1467 3552 1557 3606 Dei
1589 3567 1688 3607 no-

146 3640 270 3696 mine
299 3641 552 3699 Carisiaco
582 3645 706 3700 villa
749 3645 946 3712 palatio
982 3653 1167 3700 nostro
1210 3645 1275 3697 ad
1316 3645 1689 3698 universorum

138 3743 304 3788 causas
325 3735 613 3791 audiendas
649 3745 706 3790 et
740 3743 888 3791 recto
923 3735 1124 3805 judicio
1161 3735 1521 3790 terminandas
1560 3733 1693 3788 resi-

135 3823 390 3892 deremus;
435 3828 619 3898 ibique
667 3825 891 3883 veniens
936 3827 1224 3881 advocatus
1270 3825 1438 3880 sancti
1493 3823 1691 3878 Dionisi

133 3915 205 3968 vel
233 3913 429 3972 Fulradi
473 3918 717 3983 abbatis,
749 3916 964 3972 nomine
993 3917 1127 3982 Δύο,
1158 3915 1313 3970 nobis
1351 3913 1689 3984 suggerebat,

131 4005 331 4071 dicens.
374 4023 438 4064 eo
484 4009 627 4078 quod
669 4010 806 4062 inter
847 4005 1152 4063 Ril‘eronem
1193 4007 1441 4061 comitem
1484 4015 1537 4059 et
1566 4018 1693 4059 suos

129 4099 402 4165 escapinlos
430 4101 487 4156 in
515 4113 652 4171 pago
673 4094 878 4166 Tellao,
905 4101 957 4154 in
989 4100 1149 4154 mallo
1177 4098 1387 4168 publico
1412 4097 1500 4167 qui
1529 4108 1691 4150 vocas

129 4199 203 4245 tur
239 4184 553 4258 Turcarias,
605 4193 950 4256 advenisset,
995 4201 1050 4247 et
1087 4190 1326 4245 homines
1369 4189 1573 4258 aliquos
1611 4185 1694 4242 his

127 4284 415 4339 nominibus
457 4284 794 4350 Goduinum,
831 4292 886 4338 et
919 4296 1231 4352 germanum
1275 4294 1428 4336 suum
1475 4277 1693 4332 Flodoi-

1775 1903 1896 1944 vera
1929 1896 1984 1943 et
2019 1903 2179 1943 verax
2208 1899 2322 1943 erat
2369 1899 2460 1942 aut
2503 1905 2629 1943 non.
2674 1887 2778 1944 Sed
2811 1889 2924 1957 ipse
2955 1887 3164 1944 Riferus
3187 1903 3370 1944 comes

1773 1981 1928 2035 nobis
1972 1981 2149 2034 taliter
2192 1994 2345 2034 suum
2381 1981 2603 2048 pratbnit
2637 1980 3030 2045 testimonium,
3072 1979 3215 2050 quod
3254 1981 3372 2034 haec

1774 2083 1933 2124 causa
1979 2071 2059 2123 vel
2105 2070 2216 2138 ipsa
2257 2069 2440 2124 notitia
2482 2084 2606 2124 vera
2645 2079 2702 2126 et
2737 2080 2900 2125 verax
2943 2078 3105 2125 esset.
3140 2068 3374 2125 Proinde

1779 2175 1874 2215 nos
1906 2160 2080 2214 taliter
2109 2173 2212 2214 una
2243 2175 2362 2214 cum
2404 2152 2648 2216 ﬁdelibus
2677 2160 2904 2227 n‘ostris,
2937 2160 2986 2214 id
3015 2168 3098 2215 est
3125 2174 3245 2215 cum
3275 2153 3371 2214 Ri-

1775 2250 1977 2306 cbardo
2025 2249 2251 2316 comite,
2305 2250 2619 2306 Gnntbaido
2657 2252 2884 2313 comite,
2928 2242 3237 2306 Tcudbaldo
3279 2265 3373 2305 co-

1776 2346 1906 2400 mite
1923 2383 1940 2412 ,
1973 2344 2191 2400 Grilone
2213 2385 2228 2410 ,
2254 2341 2518 2413 Geroldo,
2543 2344 2835 2399 Nortboldo
2855 2385 2869 2408 ,
2895 2339 3198 2415 Winegiso,
3223 2341 3358 2397 Wal-

1776 2434 1930 2490 berto
1950 2475 1966 2500 ,
1996 2425 2248 2498 Gisoldo.
2277 2435 2511 2500 Arbitio,
2537 2434 2865 2502 Teutltoldo,
2893 2434 3183 2490 Constabili
3203 2475 3219 2500 ,
3241 2433 3361 2488 Wo-

1781 2527 1932 2580 raldo
1959 2526 2158 2590 comite
2181 2526 2357 2595 palatii
2383 2536 2565 2582 nostro
2583 2571 2598 2596 ,
2628 2527 2710 2582 vel
2732 2527 2948 2596 reliquis
2966 2525 3370 2596 quamplurimis

1779 2615 1879 2672 visi
1921 2617 2116 2672 luimus
2163 2615 2461 2686 iudicasse,
2513 2625 2570 2670 ut
2611 2616 2736 2673 dum
2787 2617 2901 2686 ipse
2941 2615 3150 2671 Rii‘erus
3190 2628 3373 2670 comes

1782 2709 1962 2764 taliter
2007 2709 2160 2763 nobis
2204 2724 2357 2762 suum
2407 2709 2589 2762 tribuit
2637 2702 3028 2776 testimonium,
3071 2706 3213 2777 quod
3259 2706 3377 2761 haec

1778 2814 1939 2853 causa
1968 2799 2050 2854 vel
2081 2799 2191 2867 ipsa
2230 2799 2414 2852 notitia
2455 2813 2582 2852 vera
2612 2809 2664 2852 et
2696 2809 2853 2853 verax
2886 2807 3064 2864 esset;
3096 2805 3378 2867 prapterea

1773 2889 2023 2959 jubemus
2045 2931 2060 2956 ,
2097 2898 2154 2943 ut
2190 2889 2311 2958 quia
2350 2890 2484 2942 lianc
2513 2903 2727 2943 causam
2759 2890 2837 2942 sic
2871 2897 3043 2942 actam
3073 2887 3154 2942 vel
3185 2898 3378 2957 perpe-

1779 2992 1972 3037 tratam
2024 2995 2144 3036 esse
2197 2978 2584 3049 cognovimus,
2637 2979 3030 3049 suprascriptus
3085 2976 3378 3031 advocatus

1785 3073 1952 3128 sancti
1985 3060 2206 3126 Dionisii
2243 3083 2428 3125 contra
2459 3082 2603 3139 saepe
2637 3071 2807 3125 dictos
2849 3069 3092 3124 homines
3143 3070 3380 3138 inspecta

1705 3133 1756 3197 α
1787 3182 1882 3222 sua
1913 3164 2098 3247 notitia
2123 3164 2231 3234 jam
2255 3164 2450 3219 dictam
2475 3133 2653 3218 villam
2678 3161 3057 3232 Sonarciagam
3085 3160 3149 3214 ad
3175 3133 3380 3230 partem

1783 3258 1952 3314 sancti
1997 3255 2219 3312 Dionisii
2255 3256 2400 3311 omni
2431 3267 2668 3326 tempore
2698 3255 2890 3310 habeat
2913 3253 3265 3308 evindicatam
3294 3262 3378 3304 at-s

1785 3364 1890 3421 que
1918 3348 2218 3404 elidicatam
2243 3386 2260 3414 ,
2292 3358 2346 3402 et
2373 3349 2443 3402 sit
2479 3347 2618 3402 inter
2668 3347 2812 3414 ipsos
2853 3346 2904 3398 in
2949 3343 3283 3414 postmodum
3314 3356 3384 3397 ex

1789 3441 1888 3495 hac
1916 3452 1975 3494 re
2003 3439 2146 3494 omni
2187 3440 2423 3507 tempore
2466 3439 2637 3508 sopita
2667 3449 2721 3493 et
2760 3436 2977 3491 deﬁnita
3012 3444 3169 3504 atque
3198 3435 3385 3488 incon-

1788 3533 1939 3588 vulsa
1971 3518 2232 3585 causazio.

1862 3634 1889 3662 α
1940 3616 2234 3675 Witberius
2284 3610 2527 3673 notarios
2571 3613 2638 3673 ad
2686 3618 2857 3673 vicem
2905 3615 3186 3672 Citrotardi
3234 3627 3386 3669 reco-

1792 3712 1973 3782 gnovL

1863 3803 1994 3856 Data
2031 3816 2213 3856 mense
2241 3799 2520 3855 Decembri
2552 3798 2638 3854 die
2667 3813 2755 3853 xv:
2775 3840 2788 3864 ,
2819 3808 2961 3853 anno
2995 3812 3084 3852 χιν
3113 3813 3260 3867 regnt
3285 3814 3384 3852 no-

1791 3896 1886 3948 stri
1914 3894 1966 3948 in
1996 3893 2090 3948 Dei
2122 3893 2336 3948 nomine
2365 3889 2612 3947 feliciter.

2483 4018 2707 4080 XLVIII.

1795 4127 2324 4212 Ρταξτξεξρειιηι-ίξανίριὶΔ
2343 4135 2522 4206 Magni
2559 4137 2694 4212 regis
2733 4148 2830 4212 pro
2881 4133 3161 4212 Titijottensi
3215 4134 3380 4188 sancti

2115 4209 2326 4263 Martini
2371 4205 2676 4260 monasterio
2724 4209 2882 4277 (anno
2905 4205 3060 4272 782).

127 4391 276 4444 num,
320 4385 374 4432 et
426 4391 733 4446 germanam
778 4330 966 4430 eorum
1017 4372 1453 4438 Damascianam,
1500 4368 1593 4423 sed
1643 4377 1697 4422 ct
2105 4335 2202 4400 (Ex
2222 4335 2549 4397 D°B°“q"e"
2594 4330 2898 4385 Recueil'des
2927 4331 3076 4393 Hm"

127 4465 436 4537 Andgarium
476 4475 532 4521 et
575 4466 979 4520 Ercammarum
1022 4472 1077 4519 et
1113 4463 1397 4518 Jonatham
1441 4461 1694 4528 interpel-
1726 4492 1778 4552 D
1869 4463 2090 4519 Carolus
2119 4461 2286 4531 gratia
2317 4459 2410 4514 Dei
2443 4473 2536 4513 rex
2562 4457 2888 4513 Francorum
2927 4466 2983 4512 et
3010 4453 3392 4524 Langobardo-

127 4552 292 4623 Ιθεδει,
323 4564 577 4625 τερειθηε
605 4555 672 4610 ab
702 4555 781 4610 eis
808 4566 860 4609 ει
888 4555 1099 4620 dicens;
1129 4567 1195 4608 θο
1221 4552 1360 4623 τιυοά
1386 4566 1498 4607 rem
1528 4551 1696 4606 επηοιὶ
1730 4547 1765 4552 ⁷
1803 4574 1943 4623 runt,
1975 4572 2036 4611 ac
2071 4555 2324 4624 patricius
2377 4553 2765 4615 Romanorum,
2795 4550 3045 4605 omnibus
3085 4547 3388 4612 abbatibus,

129 4641 334 4701 Dionisii
365 4649 425 4701 in
461 4647 577 4715 ipso
609 4660 744 4716 pago
771 4644 955 4699 Tellao
976 4686 989 4708 ,
1026 4645 1078 4698 in
1112 4643 1230 4699 loco
1267 4642 1355 4714 qui
1383 4642 1577 4698 dicitur
1609 4642 1674 4697 So

1803 4653 2038 4721 virisque
2085 4642 2407 4714 illustribus,
2430 4646 2678 4708 ducibus.
2709 4642 3016 4705 comitibus,
3047 4638 3384 4703 domesticis,

128 4738 516 4808 narciaga-villa
543 4753 705 4807 super
734 4737 957 4791 ﬂuvium
993 4735 1125 4802 Itta,
1156 4751 1313 4804 quem
1344 4745 1556 4791 sanctus
1587 4733 1706 4790 Πίος
1801 4741 2153 4814 graﬁonibus,
2196 4737 2427 4800 vicariis,
2457 4734 2816 4799 centenariis,
2850 4731 3258 4800 iunioribusque
3287 4744 3397 4784 no.

130 4827 285 4884 ηῖεῖυε
314 4844 414 4899 per
440 4843 598 4882 illum
625 4827 900 4883 brachium
928 4825 1279 4896 οοηίιυῖείνίῑν
1312 4837 1432 4895 Ροδι
1473 4841 1536 4880 88
1571 4826 1702 4880 τθιὶἀ
1804 4836 1956 4898 stris,
1975 4843 2132 4902 atque
2148 4830 2322 4885 missis
2349 4828 2545 4884 nostris
2565 4826 3006 4888 discurrentibus.
3032 4823 3387 4894 praesentibus

131 4918 317 4974 ἰθδίδιιῑ
347 4920 405 4975 ill
435 4933 532 4974 ειιει
565 4926 829 4986 Ροιθειηιθ
868 4917 1008 4971 "I310
1043 4918 1250 4971 οΐάίηθο
1294 4911 1400 4972 5θά
1441 4916 1539 4985 IPSI
1586 4906 1706 4971 FIO'
1805 4927 2051 4982 videlicet
2081 4934 2134 4979 et
2164 4923 2376 4977 futuris.
2428 4920 2604 4976 Decet.
2648 4921 2792 4976 enim
2846 4917 3040 4986 regalis
3083 4916 3387 4971 clementiae

131 5006 310 5063 άοὶηυε
334 5019 393 5065 ει
416 5005 695 5064 ϐοάιιίηυε
715 5016 771 5064 ει
793 5021 978 5063 eorum
1005 5023 1256 5078 germana
1289 5007 1584 5075 DamaSCia.
1613 5007 1708 5063 sed
1809 5019 2127 5089 dignitatem
2177 5021 2370 5069 cuncta
2395 5027 2513 5082 quae
2553 5026 2582 5065 a
2631 5008 3000 5067 sacerdotibus
3055 5001 3390 5063 rationabilia

133 5110 182 5154 ct
208 5099 493 5170 Antgarius
521 5107 579 5155 et
608 5099 985 5154 Ercammarus
1014 5107 1066 5152 et
1092 5097 1350 5154 Jonatbas
1375 5099 1429 5152 in
1460 5099 1711 5169 praesenti
1811 5109 2078 5181 ρυειυιειιι
2106 5105 2320 5172 fuerint,
2341 5103 2548 5158 sollerti
2577 5115 2702 5156 cura
2735 5099 3070 5170 prospicere,
3098 5106 3154 5152 et
3192 5110 3390 5166 oppor-

135 5189 347 5244 aderant
379 5207 396 5245 ε
422 5199 623 5245 etcum
654 5189 1078 5259 interrogaretur
1101 5189 1167 5243 ab
1195 5187 1272 5243 eis
1299 5197 1472 5243 utrum
1497 5188 1622 5259 quid
1645 5189 1713 5245 de
1814 5211 1943 5256 mna
1974 5198 2058 5254 νει
2084 5210 2318 5266 congrua
2351 5196 2430 5250 ei.
2461 5193 2714 5248 beneﬁcia
2758 5206 2863 5245 ηοιι
2913 5189 3198 5258 denegare,
3238 5195 3396 5241 ante-

138 5278 230 5336 Illic
255 5296 414 5337 causa
443 5291 629 5338 contra
660 5282 928 5336 hominem
959 5281 1184 5338 nomine
1211 5280 1452 5337 Adonem
1490 5282 1716 5338 advoca-
1817 5295 2134 5360 ﬂorumque
2165 5303 2349 5358 regum
2379 5297 2495 5341 acta
2528 5285 2737 5355 plenius
2764 5298 2883 5352 qua;
2907 5297 3002 5350 pro
3042 5280 3135 5337 Dei
3155 5288 3284 5336 sunt
3311 5279 3395 5333 in-

140 5373 246 5425 tum
274 5374 447 5428 sancti
482 5371 704 5427 Dionisii
730 5373 909 5427 dicere
941 5367 1172 5436 vellent;
1206 5387 1491 5440 numquam
1529 5380 1674 5438 potnt

1816 5385 1973 5448 tuitu,
2000 5380 2338 5435 conﬁrmare.
2366 5377 2532 5446 Igitur
2562 5374 2883 5430 venerabilis
2910 5373 2994 5428 vir
3017 5372 3243 5428 uberius
3260 5369 3399 5424 abba

140 5475 256 5519 ιύηι
281 5465 497 5522 tradere
525 5465 608 5522 Vel
636 5463 905 5520 deducere
931 5464 1216 5532 rationem,
1242 5481 1335 5535 per
1359 5481 1518 5536 quam
1549 5467 1716 5536 ipsam
1817 5472 1886 5527 de
1913 5470 2130 5525 basilica
2163 5465 2448 5538 peculiaris
2480 5466 2686 5536 patroni
2716 5462 2884 5518 nostri
2930 5462 2989 5518 S.
3040 5461 3273 5526 Martini,
3307 5459 3396 5514 ubi

212 5627 236 5656 ιι
268 5616 492 5672 Dubium
545 5626 628 5672 est
675 5633 742 5674 an
767 5617 1063 5675 Witherius
1094 5621 1332 5676 notarius
1362 5631 1471 5675 tum
1503 5620 1719 5676 ordina-
1820 5639 1920 5680 nec
1968 5603 2320 5680 Cbrotardum
2373 5621 2902 5680 archicancellarium
2959 5620 3082 5675 alibi
3137 5601 3398 5676 invenior

145 5685 248 5738 rius
276 5689 453 5763 fuerit.
481 5683 770 5763 Witherius
796 5692 991 5758 quippe
1012 5700 1320 5763 numeratur
1347 5694 1558 5762 quidem
1587 5693 1722 5747 inter
1821 5697 1960 5762 quod
2008 5694 2240 5751 officium
2283 5694 2551 5750 Ilitlterius
2577 5695 2641 5749 ad
2676 5707 2873 5748 annum
2917 5692 2982 5746 12
3033 5694 3178 5763 regni
3223 5691 3399 5746 Caroli

148 5759 375 5813 notarios
402 5760 576 5812 Caroli
621 5759 789 5829 Magni
823 5762 1196 5830 imperatoris,
1246 5763 1338 5820 sed
1368 5759 1493 5818 Vnou
1543 5765 1720 5832 regis:
1823 5759 2078 5822 exercuit.

424 5851 695 5912 Ρηιιοι.
710 5826 991 5914 κονίη.
1184 5826 1192 5830 ’
1604 5826 1630 5832 -

2932 5855 3004 5915 31
