3964 6344
574 326 672 385 971

1432 317 1494 373 Β.
1535 315 1780 374 CAROLI
1820 315 2034 372 ΜΔΕ-Νι
2073 315 2226 372 OPP.
2270 311 2446 369 PARS
2487 313 2528 370 I.
2571 313 2814 370 SECTIO
2852 312 2920 370 II.

3762 313 3855 369 97?.

578 451 696 517 ipse
720 446 982 517 pretiosus
1010 443 1239 499 domnus
1269 440 1323 496 in
1351 453 1576 508 corpore
1603 437 1910 507 requiescit,
1935 436 2143 494 emuni-
2173 437 2219 495 Δ
2248 434 2303 479 ιιι
2332 425 2448 494 ipse
2488 422 2648 491 abba.
2691 424 2772 517 Vel
2811 422 3195 517 {MMChirVel
3240 437 3362 478 0353
3406 424 3602 479 sane“
3651 422 3849 517 “Amuli

575 547 717 607 tates
758 537 1108 608 gloriosorum
1157 548 1344 603 regum
1397 541 1798 588 antecessorum
1855 541 2156 585 nostrorum

579 634 827 690 manibus
865 646 1049 687 eorum
1101 629 1405 694 roboratas,
1459 634 1619 696 atque
1667 623 1851 680 domni
1902 622 2160 693 genitoris

573 729 740 787 nostri
774 727 980 796 Pippini
1006 727 1160 782 bona:
1187 721 1464 777 memoria:
1506 718 1774 789 quondam
1819 717 1984 788 regis,
2006 715 2161 771 nobis

573 818 794 890 protulit
839 817 905 871 ad
957 815 1267 886 relegcndas
1309 813 1435 886 [ubi
1463 810 1835 867 continebatur
1865 805 2158 876 insertum]

573 910 802 982 qualiter
825 907 1062 979 prazdicti
1091 918 1245 976 reges
1274 919 1368 975 pro
1392 901 1691 958 reverentia
1743 898 1908 969 ipsius
1956 897 2159 952 beatis-

573 1001 697 1054 simi
727 999 786 1055 S.
817 997 1022 1052 Martini
1049 996 1117 1050 de
1142 997 1298 1049 rebus
1321 993 1489 1063 ipsius
1520 996 1571 1045 in
1603 1003 1784 1062 regna,
1815 988 1928 1043 Deo
1976 985 2158 1056 propi-

573 1092 672 1150 tio.
703 1099 903 1153 nostra,
931 1086 1167 1152 AuSIria,
1204 1083 1448 1139 Neustria
1470 1123 1485 1148 ,
1508 1079 1846 1150 Burgundia,
1879 1076 2159 1145 Aquitania

571 1194 626 1237 et
657 1180 964 1244 I‘rovincia,
997 1178 1066 1232 de
1093 1176 1342 1231 omnibus
1365 1174 1527 1229 rebus
1545 1181 1601 1227 et
1627 1169 1969 1226 facultatibus
1996 1167 2160 1235 ipsius

573 1270 864 1327 beatissimi
889 1271 946 1324 S.
966 1267 1202 1332 Martini,
1223 1265 1400 1333 quiete
1417 1264 1469 1319 in
1491 1275 1654 1332 regna
1675 1258 1921 1330 superius
1941 1257 2158 1326 scripta,

572 1364 999 1432 quibuscumque
1047 1359 1177 1412 locis
1221 1353 1510 1425 majoribus
1560 1352 1648 1408 vel
1687 1341 2004 1416 minoribus,
2052 1356 2158 1401 tam

573 1455 718 1528 quod
751 1469 846 1524 per
877 1449 1261 1522 prteceptiones
1287 1445 1370 1502 vel
1399 1443 1754 1515 indulgentias
1794 1455 1889 1497 seu
1937 1440 2160 1495 emuni-

573 1559 708 1603 tates
737 1543 1052 1617 regum,vel
1098 1557 1127 1596 a
1176 1537 1477 1595 cltristianis
1519 1535 1825 1591 hominibus
1873 1541 2033 1603 atque
2079 1531 2158 1586 di-

569 1641 743 1697 versis
795 1636 1155 1694 contractibus
1203 1633 1387 1705 (quam
1445 1630 1586 1702 quod
1637 1627 1754 1699 per)
1807 1630 2159 1683 instrumenta

571 1741 842 1787 cartarum
863 1727 930 1782 ad
957 1725 1232 1797 praefatam
1257 1737 1432 1780 casam
1458 1721 1554 1778 Dei
1577 1719 1902 1777 confessoris
1929 1718 1990 1774 S.
2019 1715 2158 1771 Mar-

2262 517 2395 571 duas
2437 525 2616 584 partes
2662 513 2947 584 recipiant,
2976 515 3134 570 tertia
3193 529 3320 568 vero
3373 529 3508 583 pars
3568 516 3626 567 in
3686 513 3850 568 fiscum

2262 608 2427 661 nostri
2453 605 2636 662 sacelli
2662 607 2868 672 veniat,
2894 614 2952 659 ut
2980 621 3086 660 non
3117 605 3354 660 delectet
3375 620 3506 674 qua
3554 620 3656 673 pro
3693 606 3849 660 divino

2265 699 2462 754 intuitu
2514 697 2884 754 sacerdotibus
2931 706 3059 752 sunt
3111 697 3340 763 indulta,
3389 697 3480 751 vel
3540 697 3847 751 anteriorum

2261 805 2446 861 regum
2472 790 2795 846 emunitates
2818 789 2900 845 vel
2930 797 3167 843 nostram
3194 789 3262 842 ab
3311 788 3502 859 impiis
3561 787 3844 844 hominibus

2261 883 2508 939 lacerari.
2565 881 2672 938 Sed
2729 881 3099 950 undecumque
3138 882 3211 944 ad
3271 896 3520 951 praesens
3579 881 3696 950 ipsa
3745 895 3845 934 casa

2261 972 2325 1028 S.
2350 971 2570 1027 Martini
2596 973 2786 1026 vestita
2814 986 2937 1027 esse
2965 972 3197 1039 videtur,
3224 972 3304 1028 vel
3338 973 3569 1027 inantea
3591 987 3624 1025 a
3655 972 3843 1041 quibus-

2258 1079 2488 1134 cumque
2515 1064 2624 1120 Deo
2653 1064 2904 1119 timentes
2945 1062 3135 1136 [Deum
3164 1063 3516 1133 timentibus]
3577 1065 3664 1124 vel
3714 1065 3842 1118 bonis

2264 1156 2568 1213 hominibus
2597 1157 2780 1212 datum
2814 1155 2896 1211 vel
2922 1157 3181 1212 collatum
3210 1156 3388 1225 fuerit,
3415 1158 3530 1212 sub
3551 1155 3839 1212 emunitam

2261 1249 2416 1304 titulo
2461 1249 2735 1304 resideat:
2762 1261 2818 1304 et
2845 1249 3167 1319 quicumque
3209 1249 3274 1304 ad
3322 1251 3503 1318 ipsam
3548 1263 3730 1303 casam
3767 1249 3837 1303 Dei

2261 1341 2462 1410 aliquid
2485 1340 2617 1396 dare
2645 1340 2935 1408 voluerint,
2965 1355 3028 1394 ex
3062 1348 3240 1395 nostra
3266 1341 3605 1395 auctoritate
3636 1339 3835 1394 habeant

2261 1430 2529 1487 licentiam
2547 1431 2794 1497 faciendi,
2815 1441 2866 1487 et
2887 1431 2988 1487 sub
3007 1431 3318 1488 emunitatis
3338 1431 3508 1486 titulo
3530 1431 3732 1498 absque
3747 1431 3832 1483 ulla

2262 1522 2428 1578 ﬁscali
2478 1533 2740 1592 potestate
2783 1524 2962 1594 quiete
3009 1523 3280 1578 resideat:
3309 1532 3366 1578 et
3396 1523 3664 1592 quicquid
3703 1522 3831 1578 fiscus

2259 1617 2672 1682 Consuetudinis
2695 1615 2872 1670 habuit
2891 1616 3206 1686 recipiendi,
3227 1616 3277 1670 in
3301 1615 3669 1670 luminaribus
3694 1614 3828 1683 ipsius

2261 1710 2431 1765 sancti
2457 1723 2556 1779 pro
2589 1717 2770 1764 nostra
2791 1708 3132 1780 eleemosyna
3162 1707 3227 1761 ad
3269 1721 3526 1778 presens
3584 1707 3637 1761 in
3686 1705 3826 1759 recisa

571 1824 667 1876 tiui
699 1821 796 1876 fuit
818 1793 1068 1875 collatum
1092 1818 1173 1872 vel
1194 1816 1624 1886 delegatum,aut
1651 1812 1704 1866 in
1737 1811 1924 1866 futuris
1953 1820 2155 1880 tempo-
2185 1793 2235 1856 Β
2261 1807 2620 1868 computetur.
2645 1815 2766 1856 cum
2793 1799 2909 1868 ipsa
2936 1799 3322 1866 subsequentia
3351 1799 3466 1852 tam
3511 1797 3630 1864 ipse
3673 1795 3815 1886 abba,

569 1916 721 1970 rillus
751 1911 1052 1968 addendum
1085 1909 1169 1964 vel
1194 1908 1570 1977 delegandum,
1596 1904 2074 1966 confirmaverunt,
2099 1911 2155 1956 ut

566 2005 670 2059 sub
710 2003 1010 2059 emunitate
1059 2009 1238 2054 nostra
1289 1998 1433 2068 ipsas
1485 2011 1571 2051 res
1623 1995 1710 2050 vel
1768 1994 1867 2064 ipsi
1912 1993 2154 2047 homines

565 2096 624 2152 S.
646 2093 858 2148 Martini
885 2094 1065 2148 vivere
1095 2091 1349 2146 debeant.
1387 2089 1590 2144 Idcirco
1625 2102 1785 2158 supra
1810 2087 1985 2142 dictus
2008 2086 2150 2142 Ithe-

564 2185 678 2239 rius
722 2185 858 2239 abba
911 2184 1256 2238 serenitatem
1307 2181 1459 2252 regni
1498 2180 1666 2236 nostri
1701 2178 1872 2248 petiit,
1899 2187 1956 2235 ut
2002 2180 2054 2234 In
2100 2179 2151 2234 id

566 2273 743 2343 ipsum
772 2275 1060 2330 roborandi
1092 2272 1407 2329 beneficium
1433 2270 1613 2341 largiri
1655 2269 1999 2326 deberemus.
2043 2267 2152 2323 Cll-'-

562 2367 650 2437 ius
701 2383 800 2423 nos
855 2369 1168 2439 petitionem
1235 2366 1684 2435 consentientes,
1736 2362 1790 2422 et
1859 2367 2151 2433 patrocinia

561 2461 618 2516 5.
651 2458 862 2515 Martini
888 2468 1236 2526 venerantes,
1267 2458 1408 2514 sicut
1446 2470 1803 2527 praecessores
1842 2470 1996 2526 reges
2043 2456 2144 2510 siu-

561 2551 821 2621 gulariter
853 2551 1157 2619 explerunt,
1187 2557 1240 2604 et
1268 2562 1367 2603 nos
1416 2547 1517 2602 ltoc
1559 2547 1902 2618 indulgentiae
1950 2547 2151 2602 donum

562 2649 836 2711 gratanter
866 2639 1187 2711 praestitisse
1205 2639 1533 2707 cognoscite.
1557 2633 1936 2705 Prmcipientes
1957 2638 2151 2706 quippe

562 2743 617 2785 ut
640 2745 829 2786 omnes
864 2744 950 2785 res
980 2730 1149 2802 ipsius
1181 2728 1473 2783 beatissimi
1503 2729 1558 2785 S.
1603 2728 1835 2796 Martini,
1867 2738 2151 2798 quantum-

562 2838 791 2893 cumque
817 2823 868 2877 in
899 2837 1084 2892 regna,
1116 2821 1227 2875 Deo
1259 2819 1508 2890 propitio,
1540 2829 1743 2886 nostra,
1770 2828 1876 2874 tam
1915 2821 1966 2873 in
2000 2820 2150 2874 villas

561 2923 617 2969 et
644 2913 840 2984 praedia
873 2913 1074 2983 majora
1103 2911 1186 2966 vel
1235 2911 1465 2977 modica,
1491 2925 1585 2965 seu
1620 2911 1705 2965 vel
1747 2925 1935 2965 omnes
1983 2911 2150 2964 facul-

570 3014 706 3059 tates
730 3003 1022 3058 beatissimi
1071 3004 1128 3060 S.
1179 3003 1389 3058 Martini
1437 3002 1537 3056 sub
1585 3000 1889 3056 emunitatis
1937 3001 2146 3056 titulun

565 3096 865 3151 consistere
939 3094 1204 3160 debeant,
1282 3107 1338 3147 ut
1406 3092 1581 3148 nullus
1657 3092 1821 3162 iudex
1902 3093 2144 3163 publicus

566 3187 680 3242 fisci
741 3185 908 3242 nostri
962 3185 1014 3240 in
1065 3185 1172 3254 iam
1230 3185 1399 3239 dictas
1440 3187 1594 3240 villas
1624 3185 1708 3240 vel
1747 3182 2026 3240 facultates
2063 3186 2143 3253 ip-

566 3276 679 3330 sius
705 3275 876 3331 sancti
902 3275 967 3331 ad
1013 3273 1404 3345 agendum,vel
1455 3287 1643 3330 causas
1682 3273 1750 3330 ad
1795 3275 2142 3343 audiendum,

560 3386 656 3426 seu
681 3370 828 3426 freda
859 3371 942 3427 vel
996 3369 1301 3424 inferendas
1348 3369 1735 3435 exactandum,
1760 3368 1846 3424 vel
1879 3369 2142 3424 teloneum

561 3461 879 3526 tollendum,
905 3469 998 3516 ant
1033 3461 1236 3515 nullum
1284 3461 1583 3532 ingresSum
1627 3475 1721 3516 seu
1767 3459 2042 3516 introitum
2092 3461 2144 3517 in

565 3551 722 3606 villas
749 3552 808 3606 S.
833 3549 1044 3604 Martini
1077 3550 1272 3606 habere
1298 3560 1583 3620 praesumat
1608 3567 1620 3602 :
1655 3551 1747 3605 sed
1775 3551 2021 3618 quicquid
2046 3567 2144 3606 cx-

561 3643 690 3697 inde
719 3643 786 3697 ab
815 3643 1046 3712 antiquis
1076 3643 1405 3710 temporibus
1433 3646 1590 3698 fiscus
1611 3653 1810 3710 noster,
1850 3653 1954 3697 tam
2010 3660 2144 3712 pra:-

562 3734 721 3789 terito
747 3749 906 3804 quam
939 3743 992 3789 et
1020 3743 1283 3803 praesente
1313 3745 1556 3804 tempore
1602 3735 1844 3803 aecipere
1881 3737 1963 3790 vel
2012 3751 2145 3790 exa-

564 3839 710 3881 ctare
725 3838 1095 3893 consueverat,
1109 3828 1286 3884 omnia
1305 3837 1437 3883 etex
1454 3827 1699 3882 omnibus
1720 3844 1783 3883 ex
1810 3829 1937 3883 fisco
1961 3838 2145 3882 nostro

561 3907 826 3986 cedimus,
850 3931 902 3973 ut
930 3920 979 3972 iu
1013 3920 1362 3975 luminaribus
1392 3920 1556 3989 ipsius
1588 3919 1877 3975 beatissimi
1908 3918 1967 3974 S.
1997 3917 2141 3973 Mar-

563 4007 684 4076 tini,
711 4009 796 4064 vel
820 4013 871 4064 in
900 4009 1152 4063 alimonia
1178 4024 1489 4080 pauperum,
1518 4023 1612 4063 seu
1653 4007 1913 4077 stipendia
1962 4023 2146 4061 mona-

560 4099 784 4153 chorum
799 4097 1044 4167 proficiat
1062 4098 1112 4150 in
1128 4106 1490 4168 augmentum.
1517 4094 1580 4150 Et
1602 4097 1802 4152 nullam
1826 4106 2142 4167 potestatem

560 4189 718 4258 iudex
750 4190 990 4258 publicus
1021 4189 1132 4243 flsci
1165 4190 1331 4244 nostri
1358 4202 1522 4256 super
1561 4189 1810 4257 prmfatas
1853 4188 2010 4244 villas
2054 4190 2138 4244 vel

560 4278 838 4333 facultates
861 4277 917 4333 S.
953 4276 1164 4331 Martini
1189 4292 1282 4346 per
1314 4277 1699 4348 qualecumque
1738 4277 2006 4348 ingenium
2051 4281 2144 4333 lia-

561 4368 691 4423 bere
719 4381 778 4421 se
799 4377 1147 4435 recognoscat
1183 4384 1196 4420 :
1229 4371 1321 4422 sed
1363 4369 1428 4421 ab
1469 4369 1614 4422 omni
1659 4368 1822 4425 fiscali
1861 4381 2140 4438 potestate,

2256 1905 2414 1959 quam
2467 1899 2523 1945 et
2559 1898 2901 1945 successores
2947 1888 3029 1944 sui
3083 1903 3272 1944 omnes
3318 1903 3406 1942 res
3455 1888 3632 1957 ipsius
3681 1885 3822 1940 sancti

2252 1981 2493 2050 Martini,
2517 1983 2618 2037 sub
2644 1983 2849 2053 integra
2879 1981 3174 2037 emunitate
3198 1982 3596 2051 perpetualiter
3623 1981 3820 2036 debeant

2254 2073 2455 2130 habere
2477 2083 2530 2130 et
2555 2074 2854 2144 possidere.
2882 2072 3018 2128 Etsi
3047 2074 3332 2127 ante-actis
3381 2073 3710 2140 temporibus
3745 2083 3820 2139 per

2253 2164 2488 2234 aliquam
2521 2164 2896 2234 negligentiam
2949 2163 3032 2218 vel
3085 2161 3417 2231 tepiditatem
3463 2162 3706 2216 abbatum
3741 2168 3818 2215 aut

2253 2254 2946 2324 prtesumtionemjndicum
2978 2253 3047 2307 de
3091 2253 3201 2320 ipsa
3234 2252 3532 2306 emunitate
3557 2255 3810 2318 quicquam

2253 2345 2578 2408 minuatum,
2613 2341 3334 2411 irruptum,convulsumque
3381 2351 3472 2394 aut
3509 2341 3806 2393 confractum

2253 2433 2374 2500 fuit,
2388 2433 2714 2488 omnimodis
2729 2433 2811 2488 his
2834 2431 3032 2486 nostris
3056 2431 3460 2485 auctoritatibus
3480 2440 3530 2485 et
3551 2430 3804 2483 beneﬁciis

2252 2533 2602 2578 restauretur.
2650 2523 2718 2576 Et
2759 2522 2984 2577 ulterius
3008 2520 3210 2576 nullm
3268 2532 3511 2583 nostrum,
3534 2521 3811 2588 nullusque.

2250 2614 2530 2686 iuniorum
2585 2623 2889 2670 nostrorum
2947 2625 3040 2669 aut
3090 2625 3442 2668 successorum
3498 2611 3781 2676 infrangere

2254 2705 2395 2776 quod
2427 2707 2817 2772 consensimus,
2847 2714 2938 2760 aut
2966 2705 3169 2760 violare
3192 2720 3295 2760 non
3333 2712 3598 2774 praesumat
3627 2719 3641 2755 :
3668 2701 3784 2766 sed,

2253 2798 2398 2854 sicut
2424 2797 2670 2868 superius
2697 2797 2900 2853 dictum
2924 2805 3028 2864 est,
3057 2812 3181 2854 cum
3210 2796 3505 2866 plenissima
3531 2793 3799 2849 emunitate

2259 2887 2533 2958 (pacifice)
2563 2902 2683 2942 cum
2714 2888 2807 2943 Dei
2835 2887 3103 2959 adiutorio
3124 2889 3206 2943 vel
3233 2897 3414 2942 nostra
3455 2891 3615 2957 gratia
3641 2885 3799 2938 omnia

2253 2979 2486 3044 valeant,
2529 2992 2649 3048 quae
2670 2978 2773 3033 sibi
2800 2978 2922 3033 data
2956 2979 3036 3034 vel
3061 2978 3234 3032 danda
3284 2977 3507 3043 fuerint,
3537 2977 3795 3044 possidere.

2253 3067 2321 3122 Et
2349 3066 2583 3122 buclnec
2609 3067 2894 3136 praeceptio
2915 3068 3056 3122 circa
3081 3067 3250 3137 ipsam
3274 3080 3456 3121 casam
3507 3079 3575 3120 ac
3617 3077 3796 3118 venera-

2173 3150 2220 3213 C
2252 3159 2413 3216 bilem
2440 3159 2723 3216 ecclesiam
2747 3159 2919 3215 sancti
2939 3159 3146 3214 Martini
3170 3175 3266 3227 pro
3289 3159 3491 3213 futuris
3516 3156 3791 3225 temporibus

2248 3251 2422 3307 valeat
2445 3251 2759 3320 perdurare,
2793 3265 2954 3306 manu
2988 3252 3200 3320 prepria
3231 3266 3352 3305 eam
3387 3251 3583 3306 subter
3609 3251 3778 3303 firman-

2246 3356 2386 3407 mus,
2409 3350 2463 3396 et
2488 3340 2632 3394 anuli
2657 3342 2831 3396 nostri
2861 3342 3217 3410 impressione
3247 3342 3608 3410 signavimus.

2316 3431 2540 3501 Signum
2568 3430 2743 3486 Caroli
2768 3429 3140 3500 gloriosissimi
3170 3432 3340 3502 regis.

2325 3521 2478 3577 Bado
2507 3522 2695 3592 relegit
2718 3530 2773 3576 et
2791 3521 3094 3590 suscripsII.

2319 3615 2450 3670 Data
2485 3616 2536 3668 in
2561 3628 2744 3669 mense
2769 3614 3117 3684 Aprili,anno
3138 3629 3170 3669 ι
3193 3623 3248 3670 et
3268 3626 3294 3655 ι
3321 3627 3441 3670 vim
3474 3617 3624 3685 regni
3650 3613 3786 3668 nostri.

2244 3707 2436 3764 Actum
2469 3713 2497 3751 ιο
2527 3705 2748 3763 Casiaco
2781 3707 2980 3776 palatio
3007 3708 3176 3778 regio,
3209 3708 3261 3762 in
3292 3706 3390 3762 Dei
3430 3713 3650 3764 nomine
3671 3707 3791 3762 fclici-

2250 3809 2353 3858 ter.
2385 3803 2576 3856 Amen.

2943 3867 3128 3926 XLIX.

2248 3960 2468 4016 Douatio
2523 3957 2864 4030 Ilildegardre
2911 3961 3105 4030 regina:
3161 3976 3253 4025 pro
3304 3966 3631 4018 monasterio
3676 3958 3799 4018 aucti

2754 4033 2957 4098 Amulli
2973 4029 3146 4103 (anno
3174 4029 3325 4100 785).

2700 4121 2795 4182 (Ea
2817 4122 2948 4171 dom.
2973 4121 3206 4184 Calmet.,
3231 4124 3382 4186 ibid.)

2320 4207 2641 4278 IIildegarda
2670 4210 2837 4279 gratia
2865 4209 2953 4262 Dei
2981 4209 3306 4263 Francorum
3340 4210 3546 4281 regina.
3576 4206 3802 4279 Quidquid

2249 4300 2391 4354 enim
2417 4301 2550 4355 locis
2571 4309 2880 4354 sanctorum
2905 4299 3289 4354 venerabilium
3325 4301 3395 4354 ob
3441 4316 3690 4358 amorem
3731 4301 3807 4354 Do-

2249 4387 2375 4443 mini
2407 4389 2577 4474 nosui
2595 4387 2720 4444 Jesn
2736 4388 2932 4443 Christi
2958 4389 3302 4444 concedimus
3323 4391 3408 4446 vel
3429 4393 3806 4454 confirmamus,

562 4466 720 4526 atque
738 4455 807 4511 de
829 4455 1098 4557 praedictis
1125 4457 1282 4511 rebus
1304 4456 1362 4513 S.
1388 4457 1602 4512 Martini
1624 4474 1835 4527 semper
1857 4472 2142 4518 extraneos
2169 4495 2224 4557 Β
2253 4481 2352 4535 hoc
2381 4462 2534 4536 ηοὺεε
2564 4483 2748 4550 procul
2775 4482 2940 4537 dubio
2968 4483 3032 4536 ad
3079 4484 3381 4539 mel-cedem
3431 4487 3754 4549 animarum,
3772 4493 3811 4538 ει

561 4557 612 4601 et
640 4555 880 4602 remotus
907 4546 998 4612 sit,
1028 4556 1082 4603 et
1128 4562 1229 4603 nec
1277 4549 1470 4620 aliquis
1525 4565 1775 4618 umquam
1832 4555 2142 4610 occasiones

563 4637 856 4706 inquirere,
887 4638 1028 4694 unde
1050 4640 1290 4694 homines
1311 4640 1368 4695 S.
1413 4639 1621 4694 Martini
1672 4641 2008 4711 dispendium
2061 4646 2145 4698 fa-

562 4741 684 4785 cere
712 4729 964 4798 debeant,
1008 4731 1080 4785 sit
1125 4747 1286 4786 ausus
1335 4748 1706 4801 praesumere:
1744 4737 1840 4790 sed
1889 4737 2145 4807 inspecta:

563 4821 884 4876 emunitates
910 4822 1236 4878 anteriorum
1286 4839 1490 4893 regum,
1527 4825 1609 4879 vel
1639 4833 1820 4880 nostra
1871 4826 1925 4882 in
1965 4828 2141 4882 omni-

561 4909 663 4966 bus
693 4925 1099 4966 conserventur.
1134 4912 1200 4967 Et
1227 4916 1270 4968 si
1295 4915 1486 4983 aliquis
1525 4915 1687 4970 fuerit
1714 4932 1918 4985 comes,
1951 4917 2144 4974 dome-

561 5002 746 5069 sticus,
764 5016 860 5058 seu
889 5005 1082 5072 gratio,
1111 5005 1361 5069 vicarius,
1396 5007 1477 5060 vel
1521 5007 1797 5075 tribunus,
1826 5025 1920 5064 seu
1965 5011 2146 5078 quali-

561 5107 792 5163 cumque
828 5093 1104 5163 iudiciaria
1140 5106 1404 5164 potestate
1447 5097 1775 5167 succinctus,
1818 5104 1906 5170 qui
1963 5100 2144 5155 indul-

561 5185 795 5253 gentiam
845 5196 898 5240 et
931 5187 1220 5241 bonitatem
1258 5189 1463 5256 piorum
1493 5199 1548 5242 et
1591 5201 1796 5258 patrum
1839 5201 2141 5246 nostrorum

561 5289 766 5342 regum,
794 5275 874 5330 vel
901 5287 1143 5330 nostram
1174 5288 1585 5347 praeceptionem
1617 5281 1912 5351 irrumpere
1941 5297 2004 5338 ac
2027 5283 2141 5338 vio-

562 5362 672 5418 lare
711 5367 1090 5434 praesumserit,
1143 5379 1518 5424 sescentorum
1561 5371 1854 5426 solidorum
1900 5373 2014 5427 auri
2077 5372 2144 5428 ad

563 5468 755 5521 purum
779 5463 986 5511 excocti
1020 5473 1300 5512 numerum
1328 5474 1388 5514 se
1409 5469 1698 5530 cognoscat
1724 5462 1791 5516 ad
1837 5462 2005 5532 ipsam
2053 5477 2144 5518 ea-

564 5559 677 5599 sam
703 5549 871 5602 sancti
899 5547 1109 5605 Martini
1138 5551 1220 5606 vel
1250 5551 1471 5608 abbates
1503 5569 1627 5610 suos
1651 5555 1987 5611 multandum
2022 5573 2037 5612 :
2073 5559 2142 5612 ita

637 5695 665 5771 ξ
699 5695 1082 5771 ροηῐεεηιιωη
1115 5719 1224 5759 vnt.

636 5761 665 5800 ⁷⁵
705 5761 882 5825 Forte”
908 5771 1221 5841 legendum,
1272 5775 1570 5846 Carisiago;
1639 5794 1759 5834 nam
1808 5781 1859 5834 in
1911 5795 1974 5835 ea
2017 5782 2139 5836 villa

2245 4570 2470 4626 salutem
2521 4572 2792 4627 credimus
2839 4575 3123 4643 pervenire
3179 4589 3495 4644 corporum.
3547 4579 3715 4647 Igitur
3735 4591 3809 4629 no-

2246 4671 2354 4716 tum
2381 4661 2453 4716 sit
2502 4663 2741 4718 omnium
2793 4663 3028 4719 fidelium
3090 4675 3395 4720 nostrorum
3448 4666 3811 4738 magnitudini.

2247 4755 2592 4822 praesentium
2622 4765 2673 4810 et
2698 4753 3020 4824 futurorum,
3050 4757 3279 4826 qualiter
3309 4773 3406 4812 nos
3427 4771 3552 4811 cum
3589 4759 3812 4816 consilio.

2245 4846 2522 4900 voluntate
2551 4856 2605 4900 et
2638 4848 2902 4914 permissu
2929 4847 3109 4901 domui
3134 4856 3188 4900 et
3217 4847 3432 4916 gloriosi
3463 4851 3652 4917 magni
3675 4851 3816 4918 impe-

2245 4936 2438 4988 ratn‘ris
2467 4932 2666 4998 Caroli,
2697 4934 2763 4987 ad
2806 4934 3081 4990 basilicam
3129 4951 3246 5006 qua:
3293 4945 3375 4990 est
3422 4944 3733 4992 constructa
3775 4938 3814 4989 in

2247 5024 2450 5078 honore
2480 5025 2652 5078 sancti
2684 5023 2870 5078 Jacobi
2895 5027 3147 5094 apostoli,
3179 5027 3258 5081 vel
3287 5037 3616 5082 cancrorum
3647 5031 3817 5083 beato-

2244 5129 2362 5170 rum
2391 5116 2782 5183 apostolorum,
2814 5117 2902 5172 ubi
2957 5119 3164 5172 scilicet
3205 5119 3518 5190 Arnulplius
3571 5121 3818 5188 pretiosos

2243 5221 2470 5277 corpore
2501 5210 2810 5276 requiescit,
2845 5218 3049 5278 partem
3073 5210 3364 5265 dotatalicii
3391 5211 3587 5278 nostri,
3619 5213 3689 5267 ab
3720 5215 3817 5280 ipso

2245 5296 2486 5368 piissimo
2509 5296 2834 5367 imperatore
2858 5299 3011 5353 nobis
3036 5303 3302 5366 concessi,
3321 5301 3420 5355 hoc
3443 5312 3526 5356 est
3559 5302 3816 5364 Vacarias,

2242 5397 2300 5445 et
2327 5389 2517 5444 subtus
2542 5399 2747 5445 curtetn
2781 5389 2941 5445 sitam
2971 5391 3023 5444 in
3054 5391 3245 5445 ducatu
3270 5392 3551 5462 Muslinge,
3591 5393 3647 5446 in
3668 5393 3819 5446 οοιιιίο

2243 5489 2355 5536 tatu
2383 5481 2630 5550 Metensi,
2652 5497 2755 5537 una
2779 5496 2898 5537 cum
2931 5483 3263 5553 appendiciis
3295 5494 3348 5539 et
3366 5499 3413 5540 ea
3431 5486 3596 5539 clesia
3633 5488 3685 5540 in
3727 5485 3822 5538 lto-

2244 5586 2378 5629 nore
2421 5573 2643 5644 pretiosi
2696 5573 2958 5645 Arnulpbi
3007 5577 3058 5630 in
3104 5577 3356 5645 prwdicta
3406 5578 3532 5632 villa
3583 5576 3820 5633 Vaearias

2244 5710 2442 5851 ascita
2485 5709 2719 5836 (ξανθίας
2782 5714 3104 5783 celebravit,
3162 5725 3220 5771 ut
3279 5726 3542 5774 testantur
3600 5716 3820 5772 Annales

2329 5798 2477 5834 nitar
2522 5798 2556 5835 ι.

2329 5798 2556 5835 tnnarut.
