3964 6344
137 335 232 403 9ῗ3
413 331 643 394 CODEX
684 318 1212 390 DIPLOMATICUS.
1255 357 1323 368 —
1364 323 1756 382 PRIVILEGH

1863 351 1891 364 -
1930 322 1970 378 Ι.
2008 317 2261 379 ῐιλινιιι.
2303 321 2440 380 PER
2477 320 2756 379 GALLLE
2797 319 3094 384 PARTES.
3279 331 3392 389 9η

136 460 453 517 constructa,
483 461 605 506 cum
637 446 782 501 omni
816 443 1143 513 integritate,
1175 450 1283 496 tam
1318 439 1504 504 terris,
1533 435 1710 491 dumi-
1735 441 1790 498 Α
1815 447 1937 489 cum
1965 435 2304 506 appenditiis,
2331 434 2576 493 ecclesiis
2607 450 2729 506 quae
2757 436 2822 491 ad
2866 437 3037 504 ipsam
3060 439 3240 496 villam
3270 456 3396 510 pera

137 553 248 616 bus,
271 544 532 607 aediliciis,
558 539 861 605 accolahus,
892 536 1195 607 mancipiis,
1242 534 1436 606 sylvis,
1482 530 1708 600 campis,
1815 527 1988 584 tinere
2033 528 2313 597 videntur,
2350 544 2473 584 cum
2514 530 2658 582 omni
2709 529 3034 599 integritate,
3068 542 3174 587 tam
3221 537 3404 605 terris,

138 641 318 714 pnus,
354 634 588 707 [meum
616 626 792 702 aquis,
825 634 1153 698 aquarutnve
1174 626 1510 691 decursibus,
1530 622 1710 678 omnia
1813 616 2084 714 domibus,
2110 619 2374 714 aediliciis,
2405 619 2710 685 accolahus,
2746 620 3045 690 mancipiis,
3077 624 3272 691 vineis,
3310 625 3407 682 sil-

136 710 186 790 et
212 745 274 786 ex
299 717 572 789 onmibus,
607 738 702 792 per
733 723 870 777 hanc
901 729 1139 776 nostram
1168 720 1544 774 autltoritatem
1583 731 1714 772 con-
1813 710 1918 776 Vis.
1949 711 2172 778 εεῐηρὶε.
2207 710 2404 777 pratis.
2434 711 2674 780 pascuis,
2699 713 2886 781 aq'uis,
2942 728 3271 785 aquarumve
3313 719 3410 774 de-

137 824 366 880 cedimns
395 828 452 875 et
504 816 876 873 condonamus
924 813 1306 883 perpetualit‘er
1335 811 1398 866 ad
1435 809 1715 879 possiden-
1815 805 2098 871 cursibus;
2131 805 2308 860 omnia
2335 815 2390 862 et
2409 823 2474 863 ex
2501 809 2749 863 omnibus
2772 824 2865 878 per
2890 811 3028 865 hanc
3050 811 3289 868 neatr'atn
3314 829 3407 868 au-

139 918 252 972 dtun
269 957 286 978 ,
311 927 429 981 qua:
455 911 637 965 omnia
663 923 786 963 cum
819 905 1134 974 adjacentiis
1157 904 1287 974 suis,
1321 903 1442 959 ideo
1469 902 1716 972 speciali-
1817 897 2127 954 thoritatem
2146 900 2617 968 concedimus,vel
2642 901 3006 959 condonamus
3024 907 3409 974 perpetualiter

143 1016 216 1062 ω,-
244 1005 295 1059 in
325 1005 443 1074 ipso
468 1001 589 1056 loco
634 998 1008 1064 concedimus,
1035 997 1156 1066 quia
1198 996 1293 1062 ibi,
1323 995 1430 1049 Deo
1477 992 1714 1061 favente,
1818 988 1884 1042 ad
1915 989 2298 1058 possidendum
2325 1008 2338 1043 :
2365 1005 2523 1059 quam
2551 992 2728 1047 villam
2759 1008 2880 1048 cum
2912 997 3160 1052 omnibus
3180 997 3292 1053 suis
3313 997 3411 1052 ad-

141 1092 658 1166 corporequiescere
707 1090 974 1143 volumus.
1025 1088 1093 1142 Et
1133 1088 1256 1156 quia
1303 1087 1504 1142 scimus
1553 1087 1718 1140 multa
1815 1079 2065 1151 jacentiis
2096 1080 2218 1135 ideo
2245 1081 2555 1150 specialiter
2583 1083 2634 1136 in
2660 1084 2775 1152 ipso
2804 1093 2990 1139 sancto
3020 1086 3138 1142 loco
3159 1087 3414 1144 concedi-’-

143 1195 251 1260 quze
276 1188 420 1256 prius
447 1184 693 1239 studiose
723 1181 874 1248 liuut,
905 1191 1086 1251 postea
1116 1178 1500 1252 refrigescente
1537 1177 1720 1234 chari-
1823 1187 1960 1239 mIIS,
1993 1182 2050 1226 ul
2072 1173 2268 1228 exinde
2298 1176 2394 1243 pro
2426 1175 2663 1229 remedio
2695 1176 2963 1244 Drtdicle
3016 1177 3262 1250 Coniugis
3307 1196 3410 1235 no-

145 1289 274 1350 tate,
318 1279 369 1334 in
419 1277 804 1350 negligentiam
857 1273 1136 1338 devenire,
1184 1273 1304 1329 ideo
1354 1271 1722 1328 interdicimus
1823 1272 1968 1328 stm,
1994 1263 2250 1318 continue
2273 1263 2363 1318 die
2391 1273 2657 1334 noctuque
2680 1267 2959 1323 luminaria
2989 1270 3052 1324 ad
3083 1274 3199 1340 ejus
3228 1273 3412 1338 sepul-

146 1371 376 1425 omnibus
399 1368 712 1433 abbatibus,
740 1379 834 1420 seu
876 1363 1192 1420 custodibus
1215 1364 1459 1434 ejusdem
1501 1368 1724 1418 venera-
1824 1353 2012 1408 chrum
2071 1352 2186 1408 ﬁeri
2232 1354 2484 1410 debeant.
2535 1356 2600 1410 Et
2633 1359 2755 1426 quia
2805 1361 3006 1416 scimus
3070 1364 3235 1417 multa
3289 1371 3412 1434 qua)

149 1459 257 1513 bilis
284 1457 408 1521 loci,
438 1455 502 1512 et
533 1458 628 1525 per
646 1453 888 1509 divinum
916 1468 1012 1510 eos
1042 1454 1374 1509 obtestamur
1399 1465 1647 1516 examen,
1669 1460 1724 1529 ut
1827 1446 1978 1513 prius
2001 1445 2240 1501 studiose
2295 1449 2447 1529 lium,
2471 1458 2655 1518 postea
2706 1450 3090 1522 refrigescenlé
3128 1455 3419 1524 charitate,

148 1551 244 1622 jam
270 1549 438 1605 dictas
465 1563 560 1604 res
590 1558 860 1617 nunquam
890 1555 1220 1616 praesumant
1256 1545 1416 1601 alicui
1465 1543 1726 1600 beneﬂcio

1863 1550 1888 1587 n
1913 1535 2290 1607 negligentiam
2307 1528 2592 1604 devenire.
2626 1540 2832 1596 idcirco
2855 1545 3222 1602 interdicimus
3244 1550 3419 1603 omni-

149 1639 394 1701 tribuere.
421 1652 526 1693 nec
557 1651 653 1708 per
682 1637 1004 1707 precariam,
1035 1646 1095 1691 ω
1122 1635 1237 1690 ﬁeri
1266 1637 1433 1700 εσιει,
1462 1636 1723 1704 pub-em
1833 1625 1933 1681 bus
1958 1628 2244 1685 abbatibus
2291 1632 2406 1685 sive
2453 1634 2766 1688 custodibus
2810 1632 3052 1705 ejusdem
3103 1640 3426 1696 venerabilis

157 1744 246 1786 aee
273 1729 336 1783 ad
365 1728 572 1783 nullum
599 1726 821 1782 omnino
847 1727 1006 1782 istius
1035 1727 1216 1782 saeculi
1247 1740 1402 1782 usum
1433 1725 1724 1790 inﬂectere,
1774 1803 1779 1804 γ
1834 1721 1960 1786 loci,
1995 1723 2052 1777 et
2074 1738 2168 1792 per
2196 1724 2436 1779 divinum
2461 1741 2555 1781 eos
2583 1728 2916 1784 obtestamur
2936 1743 3188 1798 examen,
3215 1740 3274 1787 ut
3311 1733 3425 1804 jam
3467 1713 3480 1725 ’

153 1821 237 1875 Sed
265 1827 477 1887 semper
513 1820 566 1872 in
593 1817 783 1873 eodem
819 1816 1111 1873 venerabili
1162 1816 1280 1871 loco
1327 1818 1393 1870 ad
1444 1831 1572 1872 usus
1622 1816 1732 1870 Deo
1763 1803 1810 1865 Β
1841 1812 2004 1866 latam
2038 1815 2220 1869 villam
2255 1830 2526 1886 nunquam
2579 1829 2906 1886 praesumant
2957 1808 3118 1889 alicui
3169 1803 3430 1880 beneficio

158 1913 221 1967 ibi
247 1909 591 1967 servientium
621 1909 918 1980 perpetuali
946 1907 1066 1977 jure
1104 1907 1316 1962 subdita
1360 1916 1726 1976 permaneant.
1835 1907 2094 1975 tribuere,
2121 1923 2218 1963 nec
2246 1925 2339 1979 per
2363 1912 2684 1980 precariam,
2709 1924 2766 1968 ut
2784 1914 2894 1970 ﬁeri
2919 1917 3140 1984 assolet,
3163 1920 3438 1987 praebere.

159 2003 210 2060 Si
229 2004 341 2072 quis
367 2014 550 2058 autem
578 2016 646 2057 ex
673 2001 955 2057 abbatibus
973 1999 1267 2056 venerandi
1289 1999 1430 2054 illius
1453 1997 1556 2054 loci
1596 1998 1732 2053 hanc
1833 2014 1934 2056 nec
1961 2002 2025 2057 ad
2061 2003 2263 2058 nullum
2298 2007 2519 2060 omnino
2547 2007 2702 2062 istius
2724 2009 2909 2064 saeculi
2939 2026 3092 2065 usum
3116 2011 3427 2076 inﬂectere;

163 2103 391 2148 nostram
423 2093 757 2149 voluntatem
785 2092 984 2146 violare
1025 2091 1445 2161 praesumpserit,
1475 2098 1731 2145 aeternam
1833 2093 1951 2158 sed,
1984 2105 2040 2146 ut
2069 2095 2324 2160 diximus,
2350 2112 2448 2165 pro
2477 2099 2716 2154 remedio
2761 2101 2958 2157 animm
3004 2104 3171 2172 ipsius
3218 2103 3432 2159 dilec‘tte

163 2198 260 2242 non
296 2187 472 2242 valeat
495 2172 734 2258 eﬂugere
762 2185 1184 2249 damnationem,
1217 2194 1271 2240 et
1299 2185 1512 2240 beatum
1537 2183 1733 2240 adver-
1839 2184 2092 2256 conjugis
2118 2187 2318 2243 nostra:
2343 2188 2683 2258 llildegarde,
2701 2192 2766 2245 ad
2786 2193 2958 2261 ipsum
2983 2205 3226 2248 sanctum
3255 2196 3430 2250 locum

163 2287 269 2334 sum
289 2294 344 2333 se
371 2278 735 2350 Arnulpbutn,
761 2293 867 2334 non
892 2276 1218 2347 adiutorem,
1242 2277 1337 2332 sed
1371 2278 1548 2347 potius
1600 2291 1738 2332 seu-
1837 2274 2128 2331 luminaria
2162 2280 2554 2335 incessabiliter
2601 2282 2763 2349 haut;
2819 2293 2872 2338 et
2919 2284 3063 2352 quod
3120 2301 3185 2340 ex
3243 2285 3432 2342 iisdem

168 2362 254 2426 iiat
279 2374 663 2427 accusatorem.
695 2372 895 2426 Omnes
925 2379 1104 2425 autem
1156 2379 1372 2425 nostros
1418 2369 1510 2440 qui
1570 2367 1738 2424 futuri
1843 2369 2196 2424 lutninnrihus
2217 2371 2574 2442 superfuerit,
2603 2374 2680 2427 illi
2725 2374 2925 2429 exinde
2974 2376 3319 2444 praeordinati
3364 2378 3434 2430 ab

173 2471 295 2526 sunt,
317 2477 409 2532 per
435 2461 707 2542 Cliristum
736 2461 828 2516 Dei
859 2460 1048 2516 Filium
1077 2462 1474 2530 redemptorem
1499 2461 1738 2518 omnium
1839 2461 1968 2532 ipsis
1996 2463 2307 2518 custodibus
2337 2466 2566 2531 alantur,
2599 2467 2690 2536 qui
2732 2475 2827 2536 pro
2857 2481 3000 2536 saepe
3040 2466 3166 2522 fatze
3215 2469 3434 2524 dilecta:

174 2553 480 2624 adjuramus,
513 2563 569 2611 et
607 2555 953 2624 esposcimus
1001 2566 1366 2620 successores,
1400 2553 1516 2610 sive
1561 2556 1745 2624 cujus-

178 2658 396 2715 cumque
425 2645 629 2700 ordinis
650 2647 882 2715 judices,
913 2655 972 2701 ttt
1001 2645 1178 2702 nullus
1218 2645 1322 2702 hoc
1361 2645 1507 2717 quod
1553 2645 1746 2702 statui-

171 2742 286 2789 mus
325 2735 509 2791 audeat
564 2737 908 2806 irrumpere,
968 2747 1022 2791 et
1073 2735 1313 2805 quolibet
1367 2734 1528 2791 modo
1585 2737 1746 2792 aliter

175 2839 332 2896 quam
361 2829 632 2894 voluimus,
666 2829 974 2885 immutare.
1003 2827 1156 2898 Quod
1190 2830 1234 2883 si
1267 2830 1388 2900 quis
1430 2841 1617 2885 eurum
1670 2829 1748 2885 l‘a-

178 2930 302 2972 cere
331 2920 624 2984 tetttaverit,
655 2919 916 2990 quidquid
941 2921 1054 2990 ipse
1081 2923 1351 2984 statuerit,
1374 2934 1401 2971 a
1432 2934 1531 2974 suo
1552 2920 1750 2975 sentiat

178 3006 471 3062 adversario
488 3011 734 3077 convelli,
752 3021 808 3066 et
835 3011 1055 3078 insuper
1071 3009 1337 3079 judicium
1361 3011 1433 3064 sit
1461 3010 1748 3065 habiturus

1842 2561 2042 2606 nostra:
2068 2555 2314 2625 conjugis
2351 2555 2528 2610 anima
2561 2569 2586 2597 α
2619 2557 2812 2613 missas
2837 2559 3077 2628 quotidie
3109 2559 3328 2622 iaci-nt,
3353 2559 3439 2615 vel

1849 2644 2198 2711 psalmodiam
2230 2655 2285 2699 ct
2315 2655 2501 2715 preces
2550 2646 2604 2702 in
2646 2659 2942 2718 conspectu
2988 2649 3200 2705 Domini
3245 2649 3442 2720 jugiter

1845 2734 2144 2791 eﬂutnlant.
2196 2738 2250 2792 Si
2296 2740 2416 2808 quis
2468 2748 2649 2795 autem
2695 2755 2760 2796 ex
2819 2741 3100 2796 abbatibus
3143 2742 3436 2798 venerandi

1847 2826 1994 2882 illius
2028 2827 2129 2883 loci
2158 2830 2295 2884 hanc
2324 2840 2562 2910 nostram
2587 2836 2917 2887 vomntatem
2944 2832 3146 2888 Vtolare
3175 2847 3442 2900 praesuin-

1857 2922 2044 2990 pserit,
2077 2931 2334 2978 aeternam
2361 2913 2598 2994 effugere
2626 2939 2734 2980 non
2787 2925 2962 2980 valeat
3006 2925 3404 2980 damnationem
3424 2965 3443 2992 ,

1851 3025 1907 3072 et
1937 3016 2152 3072 beatum
2184 3018 2470 3073 adversum
2497 3028 2559 3074 s‘c
2589 3017 2950 3088 Arnulphum,
2982 3019 3442 3088 nonadjutoretn,

183 3099 471 3166 ποιιῖεευω»
496 3115 674 3156 οοηιιι
701 3103 994 3171 iustissimo
1019 3101 1222 3171 iudice.
1251 3103 1318 3156 Ει
1340 3111 1399 3156 ιιι
1421 3102 1535 3157 hac
1558 3104 1752 3156 autho-
1779 3165 1820 3176 _
1852 3107 1947 3162 sed
1977 3108 2152 3176 potius
2179 3109 2378 3163 sentiat
2401 3118 2800 3173 accusatorem;
2846 3111 2942 3162 sed
2984 3111 3038 3162 et
3077 3122 3266 3163 servos
3313 3108 3443 3176 Dei,

185 3187 309 3240 rius
373 3185 573 3242 ﬁrmior
623 3165 893 3253 habeatur.
950 3165 1037 3242 νεῖ
1089 3188 1359 3242 diuturnis
1417 3165 1822 3257 temporibusc
1853 3198 1944 3267 qui
1976 3165 2040 3252 ad
2070 3198 2173 3254 hoc
2193 3212 2329 3268 Opus
2358 3165 2949 3269 prmorditiatiruerii-it,
2991 3214 3084 3268 per
3113 3165 3444 3254 individuum

181 3278 367 3333 melius
390 3289 756 3346 conseertur,
786 3281 1012 3336 domnus
1043 3289 1227 3336 noster
1257 3289 1312 3336 et
1339 3280 1618 3350 piissimus
1643 3279 1751 3334 Im-

179 3378 381 3439 perator
393 3371 613 3426 Carolus
626 3371 825 3427 nostris
850 3371 1202 3428 libentissime
1215 3383 1458 3426 annuens
1482 3373 1750 3440 precibus,

186 3474 334 3516 ntanu
368 3462 578 3534 propria
610 3463 1102 3530 subteradnotavit,
1129 3471 1185 3518 et
1211 3463 1279 3518 de
1304 3464 1504 3518 annulo
1534 3477 1634 3518 suo
1679 3464 1754 3520 si-

193 3554 344 3623 gillari
360 3555 538 3625 jussit.

252 3646 366 3702 Data
397 3652 554 3705 tertio
586 3645 707 3704 idus
734 3650 936 3705 mensis
963 3647 1316 3715 Martii,anno
1337 3649 1524 3718 quinto
1547 3647 1756 3704 decimo

183 3738 347 3798 domui
372 3751 426 3798 et
455 3743 681 3813 piissimi
711 3743 1054 3810 imperatoris
1077 3743 1361 3808 Caroli,ab
1387 3743 1756 3808 lucarnatione

181 3840 344 3886 autem
368 3833 577 3889 Domini
612 3835 781 3889 nostri
811 3834 937 3889 Jesu
969 3834 1170 3890 Christi
1217 3848 1357 3888 anno
1397 3831 1758 3902 septingente-

177 3923 305 3978 simo
329 3927 662 3996 octogesimo
694 3937 761 3982 tet
777 3927 873 3981 tio.

241 4015 365 4070 Acta
390 4015 548 4074 lletis
569 4017 620 4072 in
645 4016 738 4074 Dei
765 4017 984 4074 nomine
1009 4016 1255 4083 feliciter,
1273 4015 1566 4072 indictione
1578 4023 1754 4073 sexta.

175 4197 406 4272 Diploma
432 4199 612 4257 Caroli
641 4200 824 4273 Magni
870 4130 986 4273 ρι’ῐᾶ⁸
1005 4203 1314 4273 monasterio
1355 4200 1521 4254 sancIi
1552 4196 1760 4268 Amulli

666 4261 909 4327 Me'tensit
935 4278 1095 4344 (anno
1113 4261 1237 4340 785)
1250 4311 1261 4325 .

500 4363 595 4428 (Ex
619 4364 746 4416 dom.
776 4364 1002 4428 Calmet.,
1035 4364 1163 4416 Hist.
1183 4366 1244 4415 de
1266 4363 1430 4426 Lam,

242 4443 472 4503 Carolus
499 4448 668 4516 gratia
703 4447 797 4503 Dei
821 4463 914 4503 rex
942 4447 1268 4504 Francorum
1291 4457 1346 4502 et
1377 4443 1758 4516 Langobardo-

171 4551 284 4592 rum
324 4553 388 4595 ac
419 4538 678 4608 patricius
719 4539 1106 4595 Romanorum.
1156 4539 1422 4608 Quidquid
1450 4537 1591 4593 enim
1625 4536 1757 4591 locis
1789 4524 1840 4586 Ῐ)

171 4639 482 4685 sanctorum
513 4630 903 4685 venerabilium
933 4631 1004 4686 ob
1046 4644 1284 4685 amorem
1331 4627 1542 4683 Domini
1588 4625 1757 4681 nostri

172 4721 294 4777 Iesu
319 4719 532 4776 Christi
559 4722 908 4778 concedimus
940 4721 1023 4776 vel
1046 4720 1448 4783 c0nlirtuamus.
1479 4718 1582 4774 boc
1607 4717 1759 4774 nobis

173 4815 526 4881 proculdubio
577 4816 644 4870 ad
703 4813 1008 4871 mercedem
1065 4817 1148 4870 vel
1196 4813 1541 4870 stabilitatem
1607 4812 1762 4884 regni

171 4908 360 4974 nostri,
385 4909 442 4964 in
474 4907 566 4962 Dei
590 4908 805 4963 nomine
836 4907 1105 4976 pertinere
1134 4906 1472 4962 conlidimus.

243 4998 409 5069 Igitur
435 5007 619 5054 notum
642 5000 711 5053 sit
733 5000 974 5053 omnium
1011 4998 1246 5054 fidelium
1296 5005 1597 5054 nostrorum
1649 5002 1764 5052 ma-

172 5090 462 5160 gnitudini,
509 5091 854 5160 praesentium
894 5096 950 5146 et
979 5092 1299 5158 futurarum,
1331 5092 1556 5162 qualiter
1583 5106 1680 5146 nos
1709 5092 1762 5146 in

173 5184 471 5238 elemosina
513 5183 876 5238 dilectissime
921 5183 1164 5255 conjugis
1202 5194 1402 5238 nostrtc
1445 5183 1766 5254 llildegarde

174 5277 396 5344 reginae,
425 5273 492 5328 ad
521 5273 794 5329 basilicam
819 5286 939 5344 qua:
979 5282 1064 5330 est
1107 5284 1416 5330 constructa
1456 5275 1509 5330 in
1559 5275 1768 5330 honore

174 5365 233 5420 S.
268 5366 457 5423 Jacobi
500 5365 684 5438 [Forte
711 5365 954 5437 Joannis}
1007 5369 1266 5434 apOStoli,
1325 5369 1408 5423 vel
1463 5379 1766 5425 ceterorum

174 5458 461 5515 beatorum
487 5499 503 5524 ,
553 5461 642 5514 ubi
684 5460 889 5516 sciliCet
926 5460 1181 5516 Amulius
1226 5463 1498 5532 pretiosus
1543 5463 1770 5529 corpore

176 5554 494 5622 requiescit,
526 5553 704 5608 villam
736 5562 975 5610 nostram
1007 5566 1366 5625 nuncupatam
1390 5556 1768 5622 Cameuetum,

175 5645 340 5696 sitam
372 5644 425 5696 in
452 5645 647 5699 ducatu
686 5645 940 5704 Moslinse
984 5647 1037 5702 in
1081 5649 1340 5704 comitata
1382 5648 1641 5714 Meteuse,
1671 5664 1773 5703 una

1853 3302 2057 3347 sancta:
2079 3292 2356 3348 Trinitatis
2383 3308 2579 3348 nomen
2631 3291 2961 3364 adjuramus,
2993 3303 3052 3348 ut
3096 3293 3294 3348 nullam
3354 3293 3448 3349 ne-

1851 3382 2159 3452 gligentiam
2184 3383 2409 3448 faciant;
2440 3384 2592 3453 quin,
2618 3392 2674 3435 ut
2697 3383 3033 3452 prtemiSSutn
3057 3392 3162 3448 est,
3181 3383 3440 3439 continue

1856 3472 1912 3528 in
1943 3472 2277 3530 orationibus
2302 3485 2356 3528 et
2383 3476 2670 3532 missarum
2699 3475 2977 3529 solemniis
3015 3482 3071 3529 et
3127 3474 3446 3543 psalmodiis

1859 3565 2104 3621 studiose
2161 3565 2386 3622 instent.
2425 3567 2627 3621 Omnes
2667 3578 2846 3621 autem
2889 3575 3102 3620 nostros
3147 3565 3240 3635 qui
3287 3561 3453 3621 futuri

1857 3667 2007 3725 sunt,
2029 3673 2124 3728 per
2145 3659 2420 3713 Utristum
2433 3658 2528 3713 Dei
2557 3657 2744 3712 Filium
2771 3657 3164 3726 redemptorem
3186 3655 3450 3720 omnium,

1855 3749 2170 3819 adjuramus
2217 3761 2271 3805 et
2323 3751 2666 3817 esposcitnus
2715 3763 3080 3814 successores,
3104 3749 3218 3802 sive
3271 3747 3456 3818 cujus-

1856 3851 2085 3911 cumque
2108 3842 2314 3896 ordinis
2347 3840 2581 3910 judiees,
2605 3851 2662 3896 ut
2699 3842 2874 3896 nullus
2907 3841 3010 3894 hac
3054 3839 3198 3909 quod
3249 3840 3448 3894 statui-

1856 3947 1994 3998 mus,
2021 3931 2215 3987 audeat
2236 3933 2554 4002 irrumpere,
2569 3935 2622 3987 et
2643 3931 2884 4000 quolibet
2917 3931 3078 3985 modo
3105 3931 3261 3986 aliter
3285 3939 3446 3999 quant

1857 4025 2108 4079 volumus
2137 4022 2445 4079 immutare;
2479 4023 2631 4089 Quod
2653 4023 2698 4076 si
2727 4023 2846 4090 quis
2867 4037 3056 4076 eorum
3104 4021 3282 4078 facere
3329 4030 3450 4076 ten-

1861 4116 2076 4181 tavcrit,
2105 4115 2365 4186 quidquid
2393 4115 2508 4184 ipse
2535 4116 2802 4180 statui-rit,
2826 4128 2855 4166 a
2879 4129 2975 4166 suo
3017 4114 3216 4167 sentiat
3260 4111 3452 4166 adver-

1846 4208 2007 4264 sario
2031 4209 2300 4265 convelli:
2331 4218 2386 4265 et
2414 4211 2630 4278 insuper
2653 4206 2910 4275 judicium
2941 4206 3008 4260 sit
3041 4204 3317 4260 uobiscum
3347 4205 3452 4257 ha-

1862 4300 2069 4356 biturus
2092 4315 2273 4356 coram
2298 4299 2600 4371 justisslmo
2624 4299 2823 4368 judice.
2855 4299 2920 4352 Et
2943 4307 2997 4351 ut
3019 4298 3131 4351 haec
3153 4297 3453 4352 authoritas

1864 4389 2070 4446 ﬁrmior
2114 4392 2395 4458 habeatur,
2437 4391 2522 4446 vel
2568 4388 2832 4445 diuturnis
2889 4383 3220 4459 temporibus
3266 4387 3458 4442 melius

1863 4497 2231 4553 conservetur,
2268 4499 2426 4538 manu
2459 4483 2672 4554 propria
2719 4481 2911 4537 subtus
2959 4479 3333 4535 adnotavimus
3355 4521 3370 4544 ,
3403 4483 3459 4533 et

1865 4578 1934 4632 de
1973 4577 2174 4632 annulo
2232 4587 2416 4632 llOall‘O
2465 4576 2704 4646 sigillare
2725 4575 3004 4644 jussimus.
3041 4574 3230 4626 Datum
3265 4574 3452 4626 calen-

1863 4666 1950 4722 d.s
1972 4668 2095 4722 Maii
2123 4682 2266 4722 anno
2289 4668 2477 4738 quinto
2507 4667 2716 4721 decimo
2748 4665 2894 4734 regni
2945 4664 3134 4730 nostri,
3166 4663 3233 4716 ab
3278 4659 3458 4716 lucar-

1867 4758 2084 4813 natione
2110 4758 2323 4813 Domini
2358 4757 2529 4812 nostri
2559 4772 2701 4811 anno
2727 4754 3206 4824 septingentesimo
3235 4763 3449 4817 octoge-

1865 4848 2002 4901 simu
2036 4850 2212 4914 tet-tio,
2240 4850 2292 4903 in
2324 4849 2410 4902 die
2459 4848 2802 4903 Ascensiouis
2849 4847 2903 4899 D.
2929 4845 3166 4908 tulnicte,
3198 4845 3250 4898 in
3299 4842 3456 4912 cujus

1867 4939 2085 5009 vigiliis,
2114 4939 2224 5008 ipsa
2261 4939 2571 4994 dulcissima
2593 4937 2789 5008 coniux
2817 4947 3000 4991 nostra
3030 4936 3164 4990 obiit
3204 4935 3256 4989 iu
3306 4949 3451 4989 anno

1874 5033 2032 5088 tertio
2083 5031 2294 5087 άεςὶιηο
2345 5030 2736 5099 cattjunctionis
2797 5038 3016 5083 ηοιιμιε
3050 5029 3234 5082 Actum
3284 5027 3458 5082 Theo-

1874 5125 2172 5180 tlouisvillm
2205 5123 2403 5194 palatio
2442 5131 2648 5188 noStro,
2679 5122 2730 5175 in
2782 5120 2874 5176 Dei
2925 5120 3143 5176 nomine
3192 5117 3417 5174 feliciter
3445 5159 3462 5185 ,

1875 5220 2169 5275 itltltctitme
2199 5230 2371 5274 sexta.

2617 5306 2705 5362 LI.

1918 5401 2237 5472 l’t‘wceptnm
2267 5399 2439 5455 ϐω·σῖ
2487 5399 2665 5472 M_aqni
2716 5415 2811 5472 pro
2858 5397 3166 5472 monasterio
3203 5395 3428 5466 Sangar-

2291 5473 2484 5523 mania
2518 5469 2692 5523 Pratis
2733 5471 2888 5538 (anno
2919 5466 3066 5536 786).

2098 5564 2188 5625 (Ex
2216 5564 2274 5614 D.
2303 5563 2544 5624 Bouquet,
2571 5559 2765 5612 Recueit
2787 5561 2874 5610 des
2898 5555 3025 5609 Hist.
3051 5559 3114 5607 de
3139 5558 3224 5606 Fr.
3238 5583 3253 5618 ι

1952 5650 2172 5706 Carolus
2193 5647 2359 5720 gratia
2395 5647 2485 5702 Dei
2516 5662 2608 5702 rex
2637 5644 2968 5701 Francorum
2995 5652 3051 5698 et
3075 5639 3467 5711 Longobardo-

253 5789 280 5816 ι
312 5779 400 5856 0n
436 5777 641 5856 lutitlait
673 5781 767 5837 des
801 5797 1007 5856 messes
1034 5782 1104 5856 du
1135 5793 1307 5856 temps
1337 5783 1405 5840 de
1442 5783 1850 5855 Charlemagne,
1884 5785 2107 5856 puisque
2137 5781 2415 5839 lui-meme
2442 5796 2508 5838 cn
2541 5779 2698 5839 lende
2721 5793 2854 5852 poor
2880 5777 2932 5838 le
2979 5780 3348 5851 soulngemeut
3404 5768 3471 5830 illi

183 5843 347 5903 ﬂtne
367 5849 436 5904 de
465 5865 522 5905 sa
546 5850 741 5907 femine
779 5853 1114 5924 llildegarde.
