3964 6344
135 419 230 472 977

404 411 644 469 CODEX
688 407 1218 466 DIPLOMATICUS.
1260 435 1330 445 —
1369 401 1792 459 PRIVILEGIA.
1838 431 1905 440 -—
1947 399 1988 454 Ι.
2032 398 2279 456 ΡΒΝΙΕ.
2324 397 2459 456 PER
2499 395 2772 454 GALLI/I3
2812 396 3105 455 PARTES.

3294 401 3399 478 978

131 529 346 598 cipimus
386 532 551 592 atque
590 535 1000 584 uemanoamus,
1049 530 1108 573 ut
1149 531 1322 587 neque
1362 527 1481 584 vos,
1531 529 1705 584 neque
1732 515 1783 574 Α
1881 510 2099 580 Signum
2128 511 2304 566 Caroli
2333 509 2702 580 glonosissmu
2731 511 2871 581 regis

129 621 360 691 iuniores
399 615 568 671 vestri
612 629 707 670 seu
750 626 1109 677 successores,
1147 619 1444 665 memorato
1473 609 1586 662 viro
1613 623 1709 662 ve-

135 708 356 766 nerabili
387 705 678 761 Audlando
719 702 940 770 abbati,
985 712 1076 758 aut
1111 699 1515 756 successoribus
1559 698 1706 763 suis,

133 817 217 858 seu
258 798 564 855 hominibus
606 811 794 853 eorum
825 836 840 861 ,
886 810 984 865 pro
1025 794 1126 849 hac
1167 806 1326 849 causa
1369 791 1705 860 inquietare,

131 901 215 946 aut
249 889 573 948 calumniam
615 901 918 959 generare:
965 894 1058 940 aut
1099 882 1298 953 aliquid
1345 897 1444 952 pro
1487 882 1586 936 hoc
1623 894 1710 936 re-

131 983 332 1052 quirere
374 980 441 1034 ab
478 979 585 1044 eis,
631 987 724 1032 aut
771 986 1043 1040 exactare,
1093 989 1192 1030 nec
1235 973 1459 1027 omnino
1495 982 1710 1028 contra~

133 1073 299 1127 dicere
349 1068 736 1143 praesumatis:
796 1068 897 1123 nisi
951 1068 1110 1122 liceat
1161 1079 1347 1120 eorum
1405 1064 1710 1121 hominibus

135 1173 186 1218 ut
223 1177 380 1232 supra
424 1161 666 1217 diximus
705 1175 772 1216 ex
817 1168 998 1214 nostra
1039 1157 1370 1232 indulgentia
1417 1157 1470 1210 in
1519 1171 1708 1210 eorum

134 1254 367 1323 proprias
419 1253 591 1307 silvas
635 1249 973 1306 venationem
1023 1263 1305 1304 exercere.
1370 1247 1440 1301 Et
1489 1255 1547 1300 ut
1597 1246 1710 1301 haec

133 1325 407 1405 auctoritas
461 1342 673 1397 ﬁrmior
720 1341 1004 1406 habeatur,
1063 1349 1118 1394 et
1178 1353 1270 1406 per
1313 1346 1555 1406 tempora
1599 1350 1710 1390 me-

137 1434 230 1489 lius
277 1443 678 1499 conservetus,
734 1432 802 1488 de
854 1431 1017 1494 anulo
1069 1440 1252 1512 nostro
1300 1427 1709 1498 subtersigillari

132 1524 396 1600 iussimus.

199 1617 406 1689 Signum
438 1615 625 1672 domui
657 1615 840 1672 Karoli
869 1612 1243 1684 gloriosissimi
1273 1613 1438 1681 regis.

199 1710 418 1765 Datavtt
443 1708 566 1764 Kal.
595 1707 812 1779 Aprilis,
841 1721 983 1761 anno
1011 1721 1083 1760 xx
1114 1705 1262 1775 regni
1293 1702 1484 1758 nostri.
1519 1701 1711 1757 Actum

137 1806 182 1861 in
209 1803 518 1874 supradicto
537 1802 660 1858 loco
689 1801 870 1858 Sitbiu
897 1842 912 1866 ,
957 1801 1011 1856 in
1050 1800 1188 1854 atrio
1217 1797 1385 1865 sancti
1418 1797 1620 1854 Dertini
1658 1796 1711 1851 in

141 1897 224 1962 Dei
252 1896 459 1953 nomine
486 1893 750 1959 feliciter.
773 1896 962 1949 Amen.

857 2005 986 2062 Llll.

141 2079 294 2134 Caroli
326 2078 502 2147 Magni
533 2086 842 2147 prwceptum
871 2079 932 2131 de
962 2076 1107 2129 bonis
1135 2091 1166 2128 a
1195 2073 1247 2128 11
1252 2072 1510 2147 πριιὴανᾴρ
1533 2071 1715 2147 comite

204 2139 500 2205 monasterio
527 2139 844 2219 Dionysium
864 2147 1077 2201 venditis
1096 2184 1111 2210 ,
1135 2160 1248 2217 qua:
1268 2145 1398 2199 bona
1419 2144 1582 2198 eidem
1603 2143 1717 2196 loco

210 2237 294 2276 rea:
319 2221 591 2291 conﬁrmat
615 2222 774 2290 (anno
801 2219 946 2283 790).

678 2309 773 2371 (Ex
793 2307 994 2366 Μηδία..
1007 2306 1156 2372 ibid):

211 2393 417 2456 Carolus
445 2392 623 2464 gratia.
645 2389 740 2447 Dei
770 2406 862 2446 rex
897 2389 1227 2446 Francorum
1256 2397 1311 2445 et
1346 2385 1718 2459 Langobardo-

153 2505 252 2547 rum
279 2506 339 2547 ac
365 2490 618 2560 patricius
650 2487 1038 2542 Romanorum.
1070 2485 1263 2540 Notum
1292 2497 1414 2538 esse
1457 2480 1719 2537 universis

151 2583 331 2638 nostris
357 2580 623 2637 credimus
652 2577 899 2634 ﬁdelibus
925 2576 1154 2648 qualiter
1184 2587 1436 2647 tempore.
1459 2574 1718 2645 genitoris

146 2673 304 2728 nostri
329 2671 478 2728 bona:
507 2670 783 2727 memoriae
811 2669 1030 2739 Pippini
1051 2667 1332 2738 quondam.
1350 2666 1513 2736 regis,
1538 2679 1633 2720 seu
1663 2672 1719 2719 et

146 2764 380 2820 avunculi
423 2764 600 2821 nostri.
629 2762 1039 2828 Carolomanni,
1083 2774 1170 2816 res
1195 2760 1386 2830 aliquae
1429 2760 1482 2814 in
1521 2759 1718 2814 ducatu

150 2853 466 2910 Alamanniae
511 2854 620 2910 ﬁsci
667 2854 957 2909 ditionibus
1004 2854 1233 2908 redacta:
1279 2851 1526 2920 luerunt,
1582 2866 1716 2922 quas

153 2943 311 3002 modo
337 2943 522 3000 diversi
551 2945 790 3000 homines
817 2943 966 3012 quasi
991 2942 1114 3014 jure
1140 2942 1352 3013 proprio
1373 2940 1718 3012 possidebant

158 3035 374 3106 iniuste,
406 3044 458 3092 et
482 3037 665 3104 aliquis
691 3037 883 3092 exinde
909 3036 1019 3104 iam
1051 3051 1145 3104 per
1167 3035 1526 3102 venditiones,
1551 3033 1718 3088 dona-

163 3129 352 3192 tiones,
373 3142 456 3183 seat
482 3130 716 3184 diversos
735 3130 994 3198 quoslibet
1018 3126 1205 3182 modos
1229 3124 1493 3181 habebant
1515 3125 1719 3194 disper-

1885 599 2272 655 Erkembaldus
2296 599 2361 654 ad
2393 599 2558 655 vicem
2588 598 2822 656 Radouis
2849 600 3160 669 subscripsi.

1884 699 1910 728 ⁸
1943 689 2071 743 Data
2119 689 2288 758 pridie
2330 689 2448 744 Kal.
2505 689 2779 760 Septemb.
2832 704 2974 746 anno
3018 707 3129 746 χιιι
3176 707 3400 762 regnum

1810 780 1992 835 domni
2013 782 2178 835 nostri
2199 779 2373 836 Caroli
2395 780 2830 837 excellentissimi
2856 782 3016 852 regis.
3040 784 3235 840 Actum
3256 782 3400 855 Cop-

1811 871 2030 927 sistaino
2058 871 2111 927 in
2141 872 2233 927 Dei
2263 873 2478 930 nomine
2506 871 2733 930 feliciter

2532 987 2666 1044 LIV.

1813 1074 2131 1149 Praeceptum
2149 1075 2322 1134 Caroli
2343 1077 2522 1149 Magni
2542 1096 2635 1149 pro
2654 1079 2966 1136 Massiliensi
2987 1084 3151 1139 sancti
3175 1083 3398 1140 Victoris

2266 1151 2575 1204 monasterio
2604 1151 2765 1222 (anno
2794 1151 2949 1222 790).

2016 1264 2112 1328 (Ex
2131 1267 2261 1317 dom.
2289 1265 2476 1328 Bouq.,_
2493 1264 2686 1316 Βραιεᾶ
2723 1267 2809 1318 des
2832 1266 2961 1318 Hist.
2986 1267 3048 1320 de
3069 1267 3193 1332 Fr.)

1882 1369 2102 1425 Carolus
2131 1367 2297 1438 gratia
2331 1366 2423 1423 Dei
2454 1383 2547 1423 rex
2575 1366 2904 1425 Francorum
2933 1379 2988 1427 et
3017 1370 3403 1444 Langobardo-

1814 1477 1930 1515 rum
1969 1475 2030 1516 ac
2067 1461 2325 1530 patricius
2365 1459 2756 1517 Romanorum.
2800 1461 3086 1517 Maximqu
3119 1462 3269 1532 regni
3301 1478 3397 1517 no-

1813 1554 1993 1612 stri'in
2024 1555 2126 1611 hoc
2154 1570 2352 1625 augere
2391 1555 2666 1610 credimus
2705 1556 3130 1625 munimentum,
3169 1557 3218 1613 si
3257 1559 3400 1628 peti-

1817 1648 2048 1703 tionibus
2073 1648 2410 1703 sacerdotum
2436 1649 2518 1704 vel
2541 1661 2821 1703 servorum
2847 1647 2965 1713 Dei,
2991 1649 3044 1703 in
3069 1663 3176 1718 quo
3204 1650 3405 1705 nostris

1814 1738 2032 1792 auribus
2074 1736 2272 1792 fuerint
2317 1737 2574 1805 prolatae,
2620 1737 2864 1793 liberiori
2903 1738 3084 1792 animo
3124 1739 3403 1810 obtempe-

1741 1869 1788 1929 Β
1818 1843 2018 1894 ramus,
2043 1837 2204 1899 atque
2230 1831 2281 1883 in
2307 1828 2402 1884 Dei
2434 1828 2652 1885 nomine
2677 1830 2746 1885 ad
2769 1829 3014 1886 eﬁ'ectum
3046 1830 3406 1901 perducimus.

1817 1921 2154 1994 Quapropter
2195 1927 2380 1978 notum
2424 1919 2498 1977 sit
2533 1921 2776 1976 omnium
2804 1922 3040 1977 ﬁdelium
3093 1933 3408 1978 nostrorum

1818 2012 2201 2082 magnitudini,
2248 2013 2479 2083 qualiter
2523 2027 2621 2068 nos
2662 2013 2750 2073 ob.
2776 2017 3038 2070 honorem
3085 2014 3299 2073 Domini
3339 2015 3411 2070 ad

1819 2105 2203 2160 monasterium
2247 2104 2618 2184 Massiliense,
2676 2106 2822 2176 quod
2861 2116 2957 2161 est.
2991 2108 3058 2161 in.
3092 2107 3300 2163 honore
3346 2107 3407 2164 Β.

1817 2209 2140 2275 semperque
2182 2194 2406 2266 virginis
2447 2195 2648 2262 Mariae,
2679 2196 2762 2251 vel
2802 2197 2978 2253 sancti
3007 2197 3241 2261 Victoris
3267 2213 3408 2252 mar-

1797 2271 1976 2354 ,tyris,
2016 2285 2119 2346 tale
2159 2283 2476 2346 beneﬁcium
2524 2286 2622 2341 visi
2659 2300 2847 2343 sumus
2884 2287 3236 2354 concessisse,
3266 2288 3405 2341 utin

1818 2375 1968 2436 villis,
1998 2375 2083 2431 vel
2131 2375 2293 2431 rebus
2336 2376 2388 2430 in
2430 2374 2757 2445 quibuslibet
2801 2377 2933 2432 locis
2972 2393 3092 2447 qua:
3138 2378 3402 2433 bonorum

1818 2463 2059 2526 omnium
2102 2465 2348 2536 largitate
2393 2465 2591 2527 ibidem
2633 2465 2841 2536 largitze
2880 2467 2964 2521 vel
3003 2466 3262 2536 delegata;
3295 2467 3412 2522 fue-

1819 2560 1946 2623 rint,
1971 2557 2055 2614 vel
2096 2557 2308 2617 inantea
2335 2571 2365 2611 a
2391 2557 2499 2612 Deo
2526 2557 2744 2630 [Deum]
2769 2557 3409 2614 timeutibushominibus

1819 2650 2017 2709 ibidem
2056 2649 2242 2710 datum
2270 2651 2352 2706 vel
2397 2649 2650 2705 traditum
2695 2649 3171 2722 iuerit,quicquid
3204 2651 3410 2708 ibidem

1816 2743 1961 2814 iuste
1981 2756 2044 2798 ac
2067 2740 2461 2798 rationabiliter
2484 2741 2756 2812 pertinere
2776 2741 3008 2805 videtur,
3035 2743 3211 2797 nullus
3241 2741 3412 2812 iudex

1822 2833 2063 2904 publicus
2087 2835 2152 2890 ad
2179 2848 2398 2890 causam
2421 2833 2772 2901 audiendum,
2800 2833 2886 2888 vel
2927 2832 3076 2890 [reda
3117 2833 3408 2905 exigenda,

1819 2943 1916 2984 seu
1951 2929 2260 2984 mansiones
2290 2928 2373 2982 vel
2411 2936 2626 2999 paratas
2651 2925 2985 2994 faciendum,
3027 2942 3129 2983 nec
3158 2929 3409 2985 homines

1824 3022 1995 3092 ipsius
2039 3020 2295 3076 Ecclesia:
2334 3013 2804 3089 distringendum,
2861 3031 3023 3089 atque
3067 3021 3414 3090 ﬁdeiussores

1825 3111 2147 3180 tollendum,
2198 3125 2300 3166 nec
2343 3111 2483 3166 ullas
2525 3109 2933 3166 redhibutiones
2963 3109 3202 3178 publicas
3229 3111 3412 3180 requie

162 3231 294 3272 sas-z
325 3233 385 3272 cx
414 3218 598 3287 quibus
621 3217 961 3273 Hrodhardus
986 3218 1153 3272 comis
1179 3217 1444 3288 quondam
1473 3217 1540 3269 ab
1565 3215 1721 3270 Hun-
1747 3230 1797 3295 ο
1829 3205 2053 3262 fetidum
2077 3244 2095 3272 ν
2149 3205 2346 3260 ibidem
2392 3219 2607 3274 quoquo
2654 3213 2898 3275 lePOI‘e
2930 3204 3225 3295 ingredere
3243 3247 3276 3295 οἶ
3313 3218 3414 3260 nec

158 3306 280 3364 uide
319 3320 412 3363 seu
453 3309 520 3363 ab
557 3308 675 3366 aliis
719 3307 1025 3364 hominibus
1067 3322 1160 3376 per
1197 3317 1372 3362 certas
1409 3306 1719 3361 vinditionis

159 3397 335 3455 exinde
361 3413 443 3454 res
469 3398 684 3469 aliquas
700 3399 845 3454 visus
871 3398 970 3454 fuit
996 3411 1333 3468 comparasse
1358 3412 1476 3467 qua:
1514 3411 1721 3467 penum-

169 3501 244 3544 tur
269 3490 317 3544 in
345 3505 474 3561 pago
502 3489 828 3561 Brisigavia,
872 3491 928 3546 in
973 3491 1088 3546 loca
1129 3497 1496 3558 nuncupantes
1533 3489 1723 3547 Binum-

170 3579 293 3635 ltaim
315 3621 329 3647 ,
356 3582 466 3637 sive
497 3591 552 3643 et
593 3579 1101 3651 Romaningahoba,
1131 3581 1213 3635 vel
1255 3581 1308 3636 in
1346 3579 1540 3635 ceteris
1571 3579 1722 3644 locis,

166 3684 270 3724 cum
303 3684 483 3725 eorum
514 3670 827 3741 adiacentiis
853 3679 908 3726 et
933 3669 1293 3741 appendiciis,
1333 3683 1450 3738 quae
1490 3666 1725 3737 partibus

162 3763 312 3818 sancti
345 3763 578 3841 Dionysii
622 3765 898 3835 martyris,
929 3764 1018 3819 ubi
1047 3763 1164 3834 eius
1204 3763 1501 3833 preciosum
1532 3774 1725 3829 corpus

157 3854 466 3924 requiescit,
489 3855 688 3912 inlicito
725 3857 914 3912 ordine
953 3853 1096 3910 visus
1133 3856 1228 3910 fuit
1275 3853 1606 3918 vendidisse,
1639 3851 1722 3906 vel

159 3944 415 4018 delegasse
471 3965 484 4002 :
531 3948 671 4004 unde
708 3949 994 4004 Mainarius
1033 3949 1170 4004 abba
1207 3962 1303 4018 per
1345 3961 1471 4002 suos
1502 3947 1725 4002 vuadios

156 4038 344 4108 legibus
369 4040 526 4096 nobis
549 4041 697 4097 visus
725 4051 810 4098 est
839 4043 1142 4098 revestisse.
1169 4041 1272 4097 Sed
1300 4040 1454 4096 nobis
1480 4038 1726 4096 conside-

153 4132 376 4189 rantibus
408 4132 481 4188 ob
517 4146 757 4188 amorem
787 4133 881 4188 Dei
919 4143 973 4188 et
1009 4132 1363 4188 reverentiam
1401 4133 1581 4187 sancti.
1604 4133 1727 4186 liioc

148 4223 304 4292 nysii,
351 4237 458 4295 pro
507 4222 770 4279 mercedis
807 4232 1146 4293 augmentum
1192 4233 1247 4276 et
1293 4221 1484 4275 animae
1532 4229 1729 4278 nostrae

147 4313 443 4368 remedium
475 4328 573 4370 seu
603 4313 944 4369 stabilitatem
971 4313 1122 4383 regni
1153 4311 1320 4367 nostri
1350 4311 1604 4379 deinceps
1634 4326 1729 4380 per

145 4410 385 4457 nostrum
431 4411 758 4473 praeceptum
802 4402 1050 4472 prmlatas
1091 4416 1178 4457 res
1217 4401 1282 4455 ad
1324 4402 1436 4471 ipsa
1482 4416 1604 4457 casa
1637 4401 1729 4457 Dei

143 4495 543 4561 prumptissimo
580 4495 758 4556 animo
794 4502 850 4548 et
874 4494 1142 4549 voluntate
1172 4493 1395 4563 benigna
1434 4493 1728 4549 concedere

1825 3305 2078 3351 exactare
2119 3295 2331 3363 penitus
2374 3309 2478 3348 non
2521 3302 2827 3367 praesumat,
2850 3293 2944 3349 sed
2972 3293 3074 3348 sub
3099 3294 3414 3350 emunitatis

1825 3383 2047 3442 nomine
2087 3385 2348 3441 deberent
2390 3384 2708 3440 consistere.
2759 3385 3048 3455 Propterea
3090 3385 3226 3442 hanc
3273 3400 3414 3456 pra:-

1823 3482 2126 3548 ceptionem
2157 3476 2492 3536 auctoritatis
2529 3485 2726 3532 nostrai
2754 3479 3096 3534 conscribere
3125 3477 3414 3546 iussimus,

1827 3585 1925 3641 per
1964 3585 2125 3641 quam
2169 3569 2476 3639 specialiter
2514 3569 2859 3625 decernimus
2903 3579 2957 3624 et
2995 3571 3310 3626 ordinamus
3354 3577 3418 3624 ut

1827 3661 2005 3716 nullus
2044 3659 2294 3732 quislibet
2331 3660 2400 3716 de
2446 3660 2719 3716 veteribus
2783 3676 2882 3717 nec
2925 3660 3229 3732 junioribus
3284 3661 3416 3718 viris

1825 3753 2022 3808 amodo
2044 3762 2098 3808 et
2118 3752 2376 3821 deinceps
2400 3754 2452 3808 in
2476 3752 2620 3810 villis
2649 3752 2731 3808 vel
2769 3753 2931 3808 rebus
2960 3752 3196 3823 praefatae
3226 3753 3414 3809 Eccle-

1827 3849 1924 3904 siae
1955 3846 2093 3902 infra
2124 3861 2319 3918 regna,
2360 3847 2576 3901 Christo
2608 3847 2868 3916 propitio,
2910 3857 3093 3902 nostra
3125 3847 3191 3903 ad
3223 3862 3417 3904 causas

1827 3938 2175 4006 audiendum,
2211 3939 2294 3995 vel
2324 3938 2472 3995 freda
2505 3939 2847 4010 exigendum,
2879 3939 2964 3994 vel
2996 3940 3302 3995 mansiones
3330 3943 3417 4000 vel

1827 4044 2049 4106 paratas
2094 4030 2397 4088 iaciendum
2423 4072 2442 4100 ,
2502 4040 2597 4086 aut
2645 4031 2892 4086 homines
2939 4031 3107 4100 ipsius
3157 4030 3418 4086 Ecclesia

1829 4123 2279 4194 distringendum,
2311 4121 2394 4176 vel
2424 4119 2771 4192 ﬁdeiussores
2800 4120 3114 4187 tollendum,
3148 4133 3250 4176 nec
3276 4121 3416 4178 ullas

1829 4214 2240 4272 redhibutiones
2269 4213 2512 4282 publicas
2541 4211 2921 4282 requirendum
2954 4210 3174 4280 ibidem,
3199 4221 3256 4266 ut
3277 4213 3417 4268 dixi-

1835 4321 1979 4375 mus,
2008 4307 2121 4362 ullo
2151 4321 2402 4377 umquam
2434 4314 2675 4375 tempore
2705 4305 3006 4374 ingredere,
3037 4319 3138 4361 nec
3164 4315 3416 4362 exactare

1833 4397 2048 4470 penitus
2078 4412 2185 4453 non
2220 4406 2582 4468 praesumant:
2613 4397 2710 4452 sed
2738 4397 2840 4453 sub
2865 4398 3170 4455 emunitatis
3198 4399 3418 4455 nomine

1833 4491 1991 4547 liceat
2016 4491 2159 4560 illis,
2206 4491 2296 4561 qui
2327 4505 2468 4547 nunc
2496 4499 2738 4561 tempore
2783 4490 2983 4548 ibidem
3027 4501 3263 4548 rectores
3293 4508 3418 4549 esse

139 4598 199 4640 ac
225 4587 477 4659 delegare
499 4587 858 4643 decrevimus.
897 4586 1184 4654 Propterea
1211 4587 1313 4642 hoc
1337 4599 1536 4642 nostris
1564 4587 1727 4642 ﬁrmi-
1757 4582 1808 4641 D
1834 4584 2105 4648 videntur,
2159 4585 2350 4656 suique
2399 4599 2746 4642 successores
2789 4599 2912 4640 cum
2959 4587 3206 4641 omnibus
3253 4585 3416 4642 t‘redis

139 4679 258 4733 tatis
300 4689 633 4748 praeceptum
671 4676 1266 4748 jussimusconscribi,
1313 4687 1368 4732 ut
1408 4685 1728 4732 memoratas

138 4783 220 4825 res
246 4785 372 4827 cum
402 4770 547 4836 omni
572 4771 905 4842 integritate,
933 4785 1056 4826 cum
1086 4769 1272 4836 terris,
1303 4769 1569 4836 domibus,
1601 4769 1729 4824 tedi-

139 4862 298 4928 liciis,
326 4863 647 4931 mancipiis,
679 4863 849 4918 vineis
869 4904 883 4927 ,
911 4864 1058 4918 silvis
1077 4863 1158 4919 vel
1180 4863 1387 4920 cunctis
1413 4862 1608 4922 ibidem
1633 4862 1728 4916 ad-

137 4951 423 5020 iacentiis,
454 4954 537 5009 vel
573 4953 913 5024 appendiciis.
934 4956 986 5008 in
1029 4954 1350 5025 quibuslibet
1387 4954 1554 5019 locis,
1593 4954 1731 5009 sicut

136 5055 292 5101 antea
317 5045 436 5116 ipsa
479 5061 599 5101 casa
641 5046 733 5102 Dei
779 5048 889 5102 visa
923 5048 1016 5102 fuit
1046 5048 1365 5118 possedere,
1394 5048 1464 5103 ita
1494 5056 1547 5103 et
1583 5048 1731 5102 dein-

138 5148 262 5208 ceps
294 5153 394 5207 per
420 5148 660 5195 nostrum
689 5148 1013 5209 prteceptum
1055 5141 1260 5210 plenius
1300 5139 1351 5195 in
1393 5141 1483 5196 Dei
1517 5146 1733 5199 nomine

139 5230 547 5296 conﬁrmatum,
597 5239 654 5287 et
692 5231 759 5285 ab
799 5245 862 5286 ac
901 5231 988 5285 die
1009 5229 1260 5302 iprmfatie
1304 5231 1536 5288 basilicae
1561 5235 1730 5290 sancti

137 5319 380 5391 Dionysii
409 5320 603 5376 haheat
633 5329 812 5377 teneat
847 5332 1008 5391 atque
1035 5323 1352 5391 possedeat,
1389 5331 1444 5377 et
1468 5323 1730 5378 inynostra

137 5411 466 5482 :elemosyna
508 5411 706 5467 ibidem
749 5413 896 5470 omni
935 5423 1174 5480 tempore
1204 5415 1256 5468 in
1285 5415 1584 5484 augtnentis
1609 5430 1733 5484 pro-

137 5501 325 5558 ﬁcere.
358 5501 424 5557 Et
455 5511 512 5556 ut
541 5504 657 5558 haec
681 5504 972 5558 auctoritas
1002 5503 1202 5558 ﬁrmior
1226 5503 1507 5572 habeatur,
1529 5503 1609 5559 vel
1639 5519 1733 5570 per

141 5600 386 5662 tempora
417 5594 610 5649 melius
639 5607 1022 5660 conservetur,
1056 5610 1214 5648 manu
1252 5597 1462 5664 propria
1494 5596 1730 5652 ﬁrmavi-

137 5696 292 5746 mus,
325 5692 378 5739 et
413 5683 482 5740 de
509 5685 669 5740 anulo
696 5695 881 5741 nostro
910 5686 1144 5758 sigillare
1163 5685 1438 5755 iussimus.

1833 4675 2107 4732 concessis
2135 4676 2318 4748 quiete
2347 4675 2528 4732 vivere
2557 4685 2612 4731 et
2639 4676 2900 4742 residere,
2950 4683 3006 4731 et
3031 4675 3280 4747 quicquid
3311 4678 3414 4732 ibi-

1834 4767 1957 4824 dem
1986 4783 2128 4824 nunc
2150 4768 2216 4822 ad
2241 4782 2479 4839 prteseus
2500 4767 2646 4838 iuste
2673 4777 2727 4824 et
2753 4767 3138 4825 rationabiliter
3163 4769 3414 4840 pertinet,

1835 4861 1918 4916 vel
1949 4861 2162 4916 inantea
2206 4875 2236 4915 a
2284 4862 2450 4916 Deum
2493 4861 2806 4916 timentibus
2847 4862 3150 4919 hominibus
3190 4863 3256 4917 ad
3302 4864 3417 4933 ipsa

1838 4951 1957 5008 loca
1986 4952 2235 5007 traditum
2268 4953 2350 5006 vel
2379 4952 2681 5022 delegatum
2713 4950 2909 5021 fuerit,
2957 4969 3024 5010 ex
3063 4964 3240 5010 nostra
3271 4955 3416 5010 cari-

1838 5054 1944 5101 tate
1973 5044 2167 5100 ibidem
2213 5045 2459 5113 proﬁciat
2489 5046 2555 5101 in.
2574 5046 2905 5118 augmentis,
2949 5048 3196 5118 quatinus
3226 5042 3417 5103 melius

1837 5136 2068 5194 delectet
2094 5137 2262 5207 ipsam
2290 5139 2760 5210 congregationem
2791 5153 2889 5209 pro
2917 5139 3073 5194 nobis
3099 5139 3180 5195 vel
3211 5139 3416 5195 stabili-

1838 5239 1946 5284 tate
1997 5229 2146 5299 regni
2200 5232 2370 5284 nostri
2425 5229 2634 5286 Domini
2689 5231 3108 5287 misericordiam
3161 5232 3414 5288 attentius

1837 5337 2082 5378 exorare.
2145 5322 2210 5377 Et
2256 5324 2360 5377 huc
2410 5323 2527 5378 haec
2570 5325 2856 5394 prmceptio
2886 5327 3081 5380 nostris
3127 5335 3180 5380 et
3224 5325 3416 5380 futuris

1838 5413 2168 5482 temporibus
2217 5414 2408 5468 melius
2448 5425 2823 5482 conservetur,
2871 5433 3030 5472 manu
3072 5419 3281 5487 propria
3320 5419 3414 5474 de-

1837 5505 2103 5559 crevimus
2131 5502 2412 5572 roborare,
2439 5516 2492 5560 et
2519 5504 2585 5560 de
2615 5507 2774 5562 anulo
2805 5516 2986 5562 nostro
3017 5507 3150 5562 infra
3180 5506 3414 5576 sigillare

1840 5595 2204 5664 praecepimus.

1911 5685 2129 5755 Signum
2156 5683 2330 5743 Caroli
2360 5688 2726 5759 gloriosissimi
2759 5690 2917 5760 regis.

213 5807 239 5879 ξι
273 5800 861 5879 Et_ltic_deest_cpocha_
903 5804 1050 5872 regni
1079 5804 1478 5875 Langobardici.
1507 5804 1695 5860 Actum
1733 5811 1813 5858 cst
1837 5803 1968 5860 alias
1995 5804 2060 5860 de
2085 5801 2423 5873 Copsistanio
2453 5821 2547 5861 seu
2577 5805 2913 5874 Copsistanio
2942 5809 3153 5879 palatio,
3189 5809 3327 5878 quod
3359 5809 3413 5864 in

144 5868 404 5928 suburbio
429 5868 711 5944 Moguntia':
741 5868 974 5943 ponitur.
