3964 6344
589 361 696 421 ω

1478 355 1540 412 Β.
1579 351 1828 410 CAROLI
1870 352 2084 444 MAGNI
2125 350 2276 416 OPP.
2320 350 2497 408 PARS
2534 353 2573 408 Ι.
2615 351 2864 426 SECTIQ
2898 354 2963 411 ll.

3744 359 3825 418 980

663 473 786 526 Data
832 469 886 526 in
912 482 937 512 ει
959 481 1144 529 mense
1187 465 1400 535 Martio,
1444 481 1586 522 anno
1617 483 1724 524 xxii
1772 476 1829 522 et
1867 480 1975 532 xvii
2020 465 2169 538 regni
2198 465 2250 526 Δ
2275 467 2485 526 Martini
2517 469 2740 544 habeat,
2775 478 2954 525 teneat
2983 476 3142 538 atque
3172 469 3473 539 possideat,
3504 479 3564 527 et
3592 469 3647 526 in
3674 485 3824 530 nostra

508 589 522 601 ο
585 561 768 620 damni
793 561 994 618 Caroli.
1024 562 1216 622 Actum
1247 561 1275 600 δ
1297 560 1614 628 uuamarcia
1647 560 1884 617 civitate.

1322 695 1411 752 LV

587 808 1124 881 PrwceptumCaroli
1165 807 1344 879 Magni
1380 808 1515 880 regis
1557 824 1651 879 pro
1677 805 1965 881 Turonensi
2005 806 2174 862 sancti

917 880 1130 938 Martini
1162 883 1468 943 monasterio
1494 883 1652 952 (anno
1681 879 1831 950 790).

1074 995 1172 1067 (Ex
1195 995 1256 1046 D.
1281 993 1680 1058 Bouquet,ibid.)

655 1099 881 1156 Carolus
905 1099 1077 1172 gratia
1107 1099 1199 1155 Dei
1227 1115 1322 1156 rex
1352 1098 1684 1158 Francorum
1711 1106 1765 1153 et
1793 1096 2172 1169 Langobardo-

586 1205 707 1246 rum
753 1205 817 1246 ac
843 1189 1096 1260 patricius
1123 1189 1510 1246 Romanorum.
1543 1187 1734 1243 Notum
1760 1201 1882 1244 esse
1907 1186 2172 1244 universis

589 1281 790 1336 nostris
819 1280 1092 1341 credimus
1123 1280 1403 1347 fidelibus,
1435 1278 1666 1350 qualiter
1695 1287 1936 1348 tempore
1966 1279 2173 1350 genito-

583 1373 661 1428 ris
701 1373 874 1428 nostri
918 1374 1072 1429 bona:
1116 1371 1392 1428 memoriae
1438 1371 1650 1441 Pippini
1694 1370 1964 1441 quondam
2005 1370 2168 1450 regis,

584 1481 680 1520 seu
712 1474 766 1520 et
795 1465 1042 1534 avunculi
1074 1465 1244 1520 nostri
1275 1450 1620 1525 Karlomanni
1648 1478 1734 1519 res
1763 1461 1956 1532 aliqua:
1985 1463 2040 1523 in
2068 1462 2170 1517 du-

580 1567 701 1613 catu
727 1556 1060 1615 Alamanniae
1087 1557 1200 1614 fisci
1225 1556 1518 1616 ditionibus
1544 1555 1776 1613 redactae
1800 1555 2016 1622 fuerint,
2039 1567 2172 1624 quas

579 1650 746 1716 modo
773 1650 977 1710 diversi
1006 1651 1282 1718 homines.
1326 1652 1483 1720 quasi
1519 1650 1640 1720 jure
1679 1651 1896 1721 proprio
1928 1651 2172 1722 posside-

578 1741 708 1798 bant
734 1740 952 1811 injuste,
984 1747 1040 1798 et
1065 1738 1270 1812 aliquas
1299 1741 1496 1798 exinde
1531 1741 1641 1811 jam
1689 1757 1784 1812 per
1815 1743 2166 1812 venditiones,

580 1831 922 1899 donationes,
963 1845 1058 1888 seu
1085 1831 1328 1888 diversos
1353 1832 1622 1902 quoslibet
1663 1832 1853 1890 modos
1897 1834 2165 1905 habebant
2192 1819 2244 1901 Β

580 1922 884 2004 dispersas,
926 1936 996 1980 ex
1035 1922 1232 1990 quibus
1261 1923 1512 2002 Fulridus
1539 1925 1807 2004 quondam
1852 1925 2168 1990 alamannus

579 2026 680 2082 per
705 1999 907 2089 cartain
938 2013 1250 2071 vinditionis
1276 1999 1528 2084 partibus
1564 1999 1800 2072 basilica:
1843 2016 1900 2074 S.
1932 2017 2166 2085 Martini,

578 2119 686 2172 quo
734 2105 1031 2178 pretiosum
1077 2106 1368 2175 requiescit
1404 2121 1624 2178 corpus,
1670 2107 1903 2178 aliquam
1952 2125 2065 2166 rem
2112 2109 2170 2166 in

580 2195 980 2264 Stamaconstat
1007 2199 1060 2254 in
1088 2199 1401 2272 Brisigavia,
1448 2199 1634 2257 illicito
1662 2199 1853 2256 ordine
1879 2201 2166 2272 delegavit.

583 2288 736 2346 L‘nde
780 2291 1012 2349 ltherius
1053 2291 1189 2356 abba
1236 2307 1332 2363 per
1369 2306 1497 2350 suos
1530 2292 1716 2360 vadios
1765 2293 1973 2368 legibus
2014 2284 2169 2360 nobis

578 2382 729 2437 visus
771 2392 852 2438 est
895 2383 1205 2439 revestisse.
1256 2382 1362 2439 Sed
1406 2382 1560 2438 nobis
1601 2381 2065 2442 considerantibus
2101 2387 2170 2445 ob

581 2487 821 2534 amorem
857 2472 953 2533 Dei
981 2482 1037 2527 et
1064 2463 1420 2529 reverentiam
1447 2473 1620 2528 sancti
1652 2473 1862 2530 Martini
1905 2490 2000 2544 per
2028 2491 2170 2534 mer-

577 2556 742 2629 cedis'
756 2572 1131 2634 augmentum,
1165 2573 1220 2618 et
1245 2565 1440 2623 animae
1467 2573 1665 2628 nostra:
1695 2565 1992 2622 remedium
2012 2606 2028 2633 ,
2071 2581 2169 2623 seu

579 2655 929 2722 stabilitatem
958 2656 1108 2724 regni
1139 2656 1328 2722 nostri,
1359 2654 1613 2723 deinceps
1641 2669 1738 2725 per
1761 2667 2002 2712 nostrum
2031 2673 2170 2730 prae.

580 2754 797 2812 ceptum
828 2744 1102 2813 praefatam
1131 2760 1247 2824 rem.
1267 2745 1332 2799 ad
1361 2746 1530 2815 ipsam
1557 2760 1733 2801 casam
1761 2746 1853 2803 Dei
1880 2751 2170 2820 promptis-

579 2837 720 2892 simo
749 2836 933 2908 animo
959 2851 1021 2892 ac
1049 2836 1320 2901 voluntate
1349 2835 1573 2909 benigna
1605 2839 1902 2914 concedere
1930 2855 1994 2897 ac
2021 2841 2171 2898 dele-~

578 2941 709 2998 gare
749 2927 1106 2986 decrevimus.
1164 2929 1456 3008 Propterea
1505 2929 1606 2985 hoc
1652 2941 1852 2986 nostra:
1899 2933 2171 3008 ﬁrmitatis

581 3028 911 3094 praceptum
938 3018 1199 3091 jussirnus
1224 3021 1522 3086 conscribi,
1565 3030 1624 3077 ut
1664 3007 2012 3078 memoratam
2055 3040 2168 3096 rem

581 3124 703 3179 cum
732 3111 877 3166 omni
906 3103 1230 3181 integritate,
1258 3126 1380 3167 cum
1415 3111 1664 3180 ecclesia,
1689 3115 1868 3181 terris,
1896 3115 2165 3183 domibus,

577 3167 839 3280 aediliciis.
864 3167 1165 3283 mancipiis,
1190 3167 1381 3274 vineis,
1404 3167 1592 3278 sylvis,
1616 3167 1703 3261 vel
1726 3167 2166 3282 mansisse;
2196 3167 2246 3236 c

577 3293 894 3364 adjacentiis
923 3304 979 3352 et
1007 3296 1370 3367 appendiciis,
1403 3297 1457 3358 in
1486 3297 1809 3368 quibuslibet
1837 3299 1998 3367 locis,
2032 3301 2171 3359 sicut

577 3395 737 3462 antea
767 3388 877 3458 ipsa
912 3403 1035 3446 casa
1067 3389 1160 3446 Dei
1189 3392 1299 3445 visa
1332 3389 1434 3446 fuit
1463 3391 1805 3461 possedisse:
1835 3393 1907 3448 ita
1939 3404 1994 3450 et
2017 3393 2171 3450 dein-

581 3491 711 3546 ceps
752 3493 848 3549 per
878 3489 1116 3535 nostrum
1158 3491 1483 3551 praeceptum
1513 3483 1721 3550 plenius
1748 3483 1801 3537 in
1834 3484 1925 3548 Dei
1956 3487 2172 3563 nomine

581 3571 964 3646 conﬁrmatum
988 3572 1056 3640 ab
1081 3573 1180 3639 hac
1201 3573 1289 3630 die
1313 3588 1437 3649 pagis
1466 3573 1704 3644 praelata:
1735 3575 1970 3638 basilica}
1997 3579 2170 3635 sancti

652 3743 680 3773 ει
709 3730 798 3806 Ab
831 3731 1582 3806 bocﬁmerisedesumendnm
1627 3741 1712 3788 est
1761 3733 1968 3806 initium
2017 3737 2172 3806 regni

579 3801 838 3876 Caroliin
863 3803 1034 3858 italia.
1067 3805 1130 3858 Et
1150 3805 1382 3876 limc‘est
1413 3805 1894 3876 priorregniieju‘s
1919 3801 2122 3875 epoclfa
2151 3824 2168 3864 :

580 3874 847 3948 posterior
876 3889 1120 3948 a‘mensc
1145 3873 1284 3948 Maio
1315 3873 1692 3948 proﬁciscitur.
1750 3873 1989 3931 Priorem
2031 3893 2171 3948 epo-

581 3944 737 4015 cham
788 3944 1072 4015 confirmat
1117 3945 1399 4001 concilium
1450 3944 1865 4012 Foroiuliense,
1917 3944 2167 4014 qund'S.

580 4013 840 4098 Paulinus
865 4013 1326 4098 celebravitannn
1357 4015 1482 4080 796‘,
1525 4031 1662 4098 atygo
1703 4013 2000 4098 [εζίξίεδῂνηο
2026 4021 2172 4098 Pri":

579 4086 786 4159 cipatus
813 4101 989 4150 eorum
1017 4086 1212 4159 (Caroli
1244 4102 1437 4159 nempe
1472 4101 1535 4140 ac
1567 4085 1974 4159 Pippiniltalim
2003 4085 2170 4159 regis)

581 4156 714 4229 xiiii
744 4166 790 4211 et
820 4172 912 4226 xv,
947 4156 1200 4229 utTinitio
1245 4157 1485 4226 ejusdem
1531 4156 1756 4229 concilii
1791 4157 2005 4226 legitur.
2059 4156 2172 4214 Hoc

582 4225 762 4298 itaque
790 4225 932 4282 anno
962 4227 1147 4295 mense
1178 4225 1344 4295 Aprili
1377 4242 1576 4283 annum
1610 4226 1758 4298 regni
1791 4225 1871 4281 sui
1904 4229 2071 4284 Italici
2098 4229 2170 4284 25

580 4295 690 4372 jam
722 4300 1028 4370 auspicatus
1045 4307 1175 4372 erat
1201 4297 1424 4372 Carolus
1449 4337 1465 4363 ,
1510 4300 1601 4370 qui
1632 4295 1831 4372 annum
1863 4306 2067 4372 tantum
2095 4300 2167 4370 22

582 4368 968 4436 numerasset,
1014 4369 1057 4422 si
1110 4370 1462 4436 posteriorem
1506 4368 1769 4435 epocham
1812 4368 2165 4426 adhibuisset.

583 4434 750 4503 Igitur
789 4434 968 4508 cum,
993 4434 1128 4492 teste
1167 4439 1477 4503 Anastasio,
1522 4434 1747 4504 Carolus
1789 4450 1916 4493 ante
1956 4450 2167 4508 captam

2273 562 2616 634 eleemosyna
2641 563 2838 631 ibidem
2869 564 3012 618 omni
3044 575 3282 630 tempore
3313 564 3364 618 in
3393 563 3696 633 angmentis
3723 579 3821 634 pro-

2274 655 2437 712 ficiat.
2490 657 2555 713 Et
2596 657 2700 712 huc
2741 656 2857 713 base
2897 656 3190 712 auctoritas
3228 656 3430 712 lirmior
3463 657 3736 722 habeatur,
3760 660 3822 714 vel

2273 763 2367 820 per
2398 759 2639 820 tempora
2672 750 2863 806 melius
2886 759 3259 816 conservetur,
3306 764 3469 804 manu
3516 751 3724 820 propria
3750 750 3820 805 lir-

2273 843 2559 906 mavimus.
2583 851 2639 898 et
2669 842 2737 899 de
2763 843 2924 898 anulo
2951 854 3134 899 nostro
3157 843 3393 916 sigillare
3413 844 3698 924 iussimus.

2345 934 2564 1006 Signum
2592 933 2768 992 Caroli
2800 937 3174 1007 gloriosissimi
3203 939 3364 1014 regis.

2344 1027 2733 1090 Ercambaldus
2759 1030 2826 1086 ad
2853 1032 3024 1089 vicem
3055 1031 3284 1089 Radoni.

2343 1122 2474 1182 Data
2504 1139 2541 1179 tt
2569 1123 2822 1186 calendas
2852 1125 3211 1196 Septembris,
3234 1141 3376 1181 anno
3404 1141 3529 1180 xxii
3555 1125 3725 1182 domui
3749 1126 3822 1182 Cs-

2271 1216 2373 1272 rnli
2401 1217 2838 1274 excellentissimi
2870 1218 3034 1290 regis.
3064 1221 3258 1274 Actum
3283 1218 3649 1289 Copsistaino,
3679 1219 3727 1281 in
3750 1219 3820 1288 Dei

2272 1308 2488 1366 nomine
2516 1307 2764 1386 feliciter.
2793 1311 2988 1382 Amen.
3448 1296 3452 1299 ι

2996 1439 3133 1510 LVI.

2272 1532 2445 1592 Caroli
2484 1532 2660 1608 Magni
2699 1542 3041 1608 praceptum,
3083 1549 3183 1597 quo
3219 1533 3410 1608 Arriani
3449 1533 3649 1608 abbatis,
3677 1548 3814 1608 rogata

2342 1606 2651 1658 monasteria
2672 1605 2833 1657 sancti
2849 1604 3067 1658 Joannis
3092 1614 3140 1658 et
3161 1605 3322 1658 sancti
3343 1605 3615 1659 Laurentii
3637 1607 3684 1660 in
3705 1604 3814 1662 sitam

2339 1676 2605 1728 tuitionem
2633 1676 2878 1746 suscipit,
2921 1684 2967 1729 et
3001 1675 3178 1731 villam
3205 1675 3407 1737 Casinas
3438 1676 3603 1731 eidem
3632 1681 3812 1734 attribuit

2341 1746 2500 1816 (anno
2529 1745 2679 1814 793).
3140 1745 3160 1756 ”
3293 1748 3295 1750 ’

2601 1835 2698 1900 (lix
2723 1833 2994 1899 Mabillon.,
3016 1834 3081 1888 de
3102 1833 3176 1886 Re
3197 1834 3558 1901 diplomatics.)

2340 1919 2563 1978 Carolus
2591 1919 2755 1990 gratia
2789 1920 2881 1976 Dei
2912 1935 3007 1975 rex
3035 1919 3370 1995 Francorum
3396 1931 3454 1976 et
3483 1912 3806 1992 Langobardo-

2271 2027 2428 2081 rum,
2479 2026 2541 2066 ac
2587 2011 2842 2080 patricius
2885 2012 3286 2083 Romanorum,
3332 2013 3584 2071 omnibus
3612 2015 3808 2070 tidelibus

2273 2107 2471 2160 nostris
2517 2106 2871 2177 praesentibus
2918 2115 2972 2162 et
3021 2105 3232 2160 futuris.
3288 2106 3516 2168 Rectum
3545 2117 3622 2162 est
3653 2110 3805 2178 regalis

2271 2206 2510 2268 pmestas
2540 2197 2645 2253 illis
2677 2197 2955 2260 tuitionem
2988 2197 3284 2267 impertiat,
3313 2214 3538 2266 quorum
3563 2202 3805 2255 necessitas

2271 2289 2676 2358 comprobatur.
2727 2287 2930 2345 Idcirco
2959 2300 3250 2360 cognoscat
3291 2292 3591 2362 magnitudo
3613 2308 3694 2348 seu
3720 2293 3804 2347 uti-

2270 2380 2394 2436 litas
2423 2390 2624 2449 vestra,
2649 2380 2770 2449 quia
2810 2379 2892 2434 vir
2927 2378 3250 2444 venerabilis
3283 2389 3307 2419 ε
3339 2384 3567 2437 Attianos
3601 2384 3716 2437 abba
3747 2398 3799 2438 ex

2272 2471 2633 2529 monastberia
2658 2472 2833 2527 sancti
2855 2471 3116 2527 Johannis
3145 2479 3202 2526 et
3230 2473 3398 2527 sancti
3423 2473 3659 2537 Laurenti,
3677 2473 3796 2543 quod

2270 2576 2396 2622 sunt
2421 2565 2712 2620 constructi
2746 2564 2798 2620 in
2824 2562 2960 2620 locis
2985 2564 3408 2632 nuncupantibus
3431 2565 3620 2618 Extorto
3633 2564 3787 2636 [ss/go

2270 2655 2452 2729 Citou}
2477 2665 2533 2720 et
2558 2654 2831 2726 Olibegio,
2876 2662 3061 2710 nostro
3098 2654 3335 2725 synodali
3359 2655 3564 2709 concilio
3589 2655 3777 2710 veniens

2270 2765 2376 2808 una
2413 2763 2535 2804 cum
2580 2735 2860 2811 monachis
2899 2748 3033 2814 suis,
3074 2755 3130 2803 et
3170 2747 3223 2801 in
3271 2754 3436 2810 nostra
3467 2745 3790 2801 mundeburde

2271 2857 2392 2900 cum
2423 2841 2672 2897 omnibus
2700 2840 2859 2894 rebus
2889 2838 2971 2894 vel
3014 2839 3322 2893 hominibus
3354 2836 3670 2905 monasterii
3693 2837 3790 2900 sui,

2271 2951 2403 3008 quas
2433 2933 2692 2992 moderno
2720 2941 2962 3002 tempore
2991 2932 3202 2998 videtur
3231 2931 3528 3002 possidere,
3552 2945 3604 2992 se
3624 2930 3790 3001 plenius

2270 3026 2696 3093 commendavit,
2726 3033 2783 3080 et
2808 3038 2910 3080 nos
2938 3024 3040 3080 sub
3067 3032 3306 3080 nostram
3337 3022 3607 3088 tuitionem
3630 3037 3725 3078 eum
3755 3028 3793 3076 et

2277 3117 2555 3174 monachis
2582 3118 2695 3193 suis
2721 3131 2844 3182 eum
2875 3115 3126 3178 omnibus
3165 3116 3329 3175 rebus
3369 3126 3535 3186 atque
3561 3113 3790 3170 hominibus

2273 3210 2387 3265 suis
2425 3207 2730 3278 recepimus
2759 3221 2822 3262 ac
2849 3206 3142 3263 retinemus
3164 3247 3181 3272 ,
3228 3214 3507 3276 quatenus
3534 3205 3688 3261 diebus
3709 3205 3787 3258 vita

2272 3318 2386 3359 sua:
2415 3301 2516 3357 sub
2546 3309 2785 3355 nostram
2816 3299 3096 3355 tuitionem
3125 3299 3334 3354 valeant
3365 3299 3548 3369 quieti
3579 3294 3777 3352 vivereid

2271 3393 2534 3449 residere.
2578 3391 2865 3459 Propterea
2895 3391 2990 3445 has
3014 3392 3216 3454 litteras
3240 3399 3459 3447 nostros
3488 3406 3587 3457 pro
3607 3385 3768 3443 ﬁrmitatis

2271 3483 2510 3539 studium
2541 3484 2620 3547 eis
2649 3483 2923 3546 dedimus,
2970 3496 3066 3549 per
3093 3494 3226 3550 quas
3253 3481 3482 3535 omnino
3525 3480 3716 3552 jubentss
3736 3481 3774 3529 at

2273 3576 2451 3642 nullus
2480 3575 2733 3647 quislibet
2765 3576 2835 3630 de
2861 3573 3014 3632 vobis
3042 3589 3215 3646 neque
3241 3573 3311 3629 de
3334 3573 3644 3643 junioribus
3664 3567 3786 3626 vestris

2272 3733 2660 3801 Montis-()livi,
2709 3733 2772 3785 de
2820 3729 3180 3804 ﬂant-Olitnt,
3225 3728 3283 3804 in
3321 3727 3796 3804 dimcesi_Csr_ess_so-

2273 3799 2448 3863 nensi.
2503 3805 2685 3862 Daniel
2715 3801 3012 3860 Cannensis
3049 3799 3215 3853 abbas
3244 3800 3459 3854 Cannas
3495 3800 3702 3867 subjecit
3723 3799 3795 3850 An-

2275 3878 2436 3932 ninno
2464 3875 2678 3940 abbati,
2723 3882 2951 3927 testante
2981 3878 3252 3940 pratcento
3281 3869 3465 3922 Caroli
3503 3871 3642 3924 Calvi
3669 3877 3799 3940 postea

2275 3947 2503 4004 edendo.
2569 3937 3024 4000 De'monasteri'n
3074 3941 3244 3997 Sancti
3298 3940 3588 3994 Laurentii
3639 3937 3800 3992 consule

2277 4017 2588 4086 Balnaianas
2618 4024 2772 4068 notas
2800 4014 2866 4086 ad
2895 4009 3252 4086 capitularia,
3294 4017 3351 4065 et
3378 4010 3445 4063 ad
3480 4011 3697 4086 concilia
3720 4021 3802 4086 pro;

2268 4081 2464 4142 .vinciae
2493 4084 2876 4141 Narbonensis.
2929 4081 3110 4138 Redeo
3148 4081 3214 4135 ad
3259 4082 3650 4135 monasterium
3682 4081 3806 4132 sancti

2274 4158 2518 4225 Joannis,
2549 4151 2689 4226 quod
2721 4153 2884 4216 sancti
2914 4151 3179 4226 Johannis
3202 4150 3643 4226 Exequauriensis
3663 4148 3805 4226 dicitur

2276 4231 2329 4285 in
2379 4221 2866 4300 alio'antographo
2915 4223 3191 4300 Cannensi
3233 4222 3470 4300 inedita,
3529 4236 3635 4300 quo
3665 4221 3808 4300 limites

2276 4301 2420 4354 villae
2465 4306 2522 4353 et
2567 4291 2798 4354 cinnobii
2829 4293 3127 4350 Cannensis
3175 4293 3323 4358 jussu
3353 4291 3621 4360 Magnarii
3650 4291 3810 4346 cornitis

2275 4371 2622 4439 designantur
2655 4387 2693 4439 γε
2725 4381 2866 4421 anno
2895 4371 3409 4439 xxstnt_regna_nte_
3430 4361 3639 4418 domno
3675 4370 3811 4439 nostro

2276 4433 2470 4496 Carolo
2499 4454 2623 4508 rege
2654 4437 2980 4508 Francorum
3011 4445 3066 4488 et
3095 4433 3580 4508 Langobardorum
3621 4433 3812 4508 etpstti-

583 4497 801 4587 l‘apiam
829 4497 1072 4587 diversas
1103 4509 1344 4564 civitates
1374 4497 1684 4576 subegerit,
1715 4524 1760 4587 a_
1779 4519 1931 4576 parte
1963 4497 2172 4582 Longn-
2203 4525 2252 4587 ι)
2276 4515 2360 4570 cio
2394 4497 2779 4587 R_t)tti:iiiorttln,
2813 4525 2832 4560 ι
2948 4514 3033 4587 est
3058 4497 3427 4587 anno'Christi
3457 4502 3604 4587 Δ802,
3636 4497 3713 4582 ubi
3737 4497 3816 4587 agi:

582 4576 781 4650 bardi_-.e
809 4577 1020 4650 devicta
1049 4593 1170 4634 sese
1200 4593 1380 4650 regem
1405 4592 1599 4633 vocare
1618 4579 1806 4650 coepit.

656 4644 684 4690 ι’
712 4646 923 4721 Corrig.
951 4644 1286 4721 Wormacin',
1338 4644 1390 4704 in
1438 4664 1539 4718 qua
1583 4644 1816 4721 civitate:
1828 4646 2050 4716 Carolus
2085 4665 2173 4706 so-

583 4715 916 4794 lemnitatem
950 4715 1256 4794 paschalem
1286 4722 1396 4789 egit
1426 4715 1528 4794 hoc
1551 4733 1694 4794 anno
1722 4719 1848 4794 Z90.

662 4799 684 4841 ς
714 4789 961 4847 Atrianus
985 4805 1079 4848 seu
1111 4791 1390 4846 Annianus
1420 4790 1616 4849 abbas,
1664 4793 1715 4844 in
1741 4789 1852 4843 ‘lioc
1881 4789 2175 4857 diplomate

584 4859 856 4926 laudatus,
906 4864 953 4915 is
982 4870 1065 4925 est
1094 4871 1254 4930 quem
1286 4862 1522 4918 celebrat
1569 4859 1900 4924 Theodnlfus
1929 4865 2177 4918 Aurelia-

583 4931 776 4988 norum
807 4933 1092 5001 episcopus
1145 4934 1202 5003 in
1229 4933 1472 5003 carmine
1515 4931 1582 4985 ad
1633 4931 1978 4996 Benedictum
2009 4936 2175 5003 Ania-

587 5016 810 5060 nensem
854 5005 1123 5058 abbatem.
1174 5002 1305 5070 Qua:
1336 5002 1420 5056 hic
1452 5012 1818 5056 memorantur
1849 5006 2170 5062 monasteria

587 5070 694 5126 duo
723 5073 800 5127 ab.
817 5073 1005 5128 eodem
1039 5075 1284 5130 Anniauo
1325 5079 1633 5127 constructa
1660 5111 1676 5137 ,
1727 5072 1951 5126 alterum
2001 5072 2171 5129 saneti

587 5142 813 5198 .loannis
861 5145 914 5198 in
963 5141 1219 5210 Exter’io,
1274 5146 1501 5198 alterum
1571 5145 1740 5196 sancti
1793 5142 2063 5198 Laurentii
2116 5145 2171 5200 in

589 5213 825 5285 ()libegio
863 5214 996 5285 sita,
1040 5217 1238 5282 saepius
1266 5214 1552 5270 recurrunt
1583 5213 1633 5266 in
1669 5212 1749 5285 his
1777 5213 1930 5285 actis.
1984 5216 2168 5270 Muna-

585 5282 808 5339 steriuni
852 5282 1043 5340 Montis
1071 5287 1204 5342 Olivi
1229 5328 1244 5351 ,
1297 5286 1437 5354 quod
1470 5283 1738 5354 Cannensi
1771 5283 2000 5340 vicinum
2031 5291 2128 5341 ‘est
2153 5328 2166 5351 ,

586 5369 684 5424 per
732 5356 781 5410 id
836 5364 1044 5425 tempus
1083 5353 1362 5412 dicebatur
1407 5356 1571 5420 sancti
1617 5353 1875 5418 Johannis
1922 5353 2173 5424 Baptista:

587 5426 642 5478 in
681 5439 847 5481 castra
889 5426 1125 5496 Maltasti
1147 5469 1160 5490 ,
1214 5442 1278 5484 ex
1325 5426 1470 5481 actis
1511 5425 1762 5496 ejusdem,
1794 5426 1904 5496 loci
1954 5428 2173 5480 inferius

587 5496 906 5555 referendis.
935 5502 1018 5553 'At
1056 5491 1325 5564 diversum
1375 5491 1587 5555 videtur
1636 5495 1706 5549 ab
1751 5491 1842 5550 illo
1895 5497 2169 5552 Anniani:

589 5566 1203 5640 cujusfﬁlterum'sancti
1224 5567 1511 5640 Laurentii
1550 5569 1770 5640 nomine
1809 5568 2126 5640 insignitum
2153 5609 2170 5634 ,

589 5642 734 5711 nunc
764 5636 982 5694 vocatur
1017 5643 1186 5694 sancti
1217 5639 1444 5693 Anniani
1473 5677 1499 5711 ,Α
1534 5637 1690 5711 vulgo
1725 5636 2132 5705 Sain‘t-Chinian
2155 5679 2171 5703 ,

589 5709 779 5768 Sancto
810 5711 1055 5764 Anniano
1098 5711 1394 5764 cciifessori
1426 5709 1673 5776 primitus
1702 5723 1946 5772 sacrum,
1983 5726 2047 5762 ex
2095 5711 2174 5763 di-

592 5775 827 5850 plomate
849 5779 1101 5835 Ludovici
1127 5790 1180 5834 et
1205 5775 1438 5834 Lotliarii
1454 5779 1867 5850 imperatorum.
1895 5779 2176 5835 Cannense

592 5848 755 5918 situm
778 5851 1022 5914 estinter
1050 5852 1149 5907 hoc
1176 5849 1558 5908 monasterium
1588 5857 1638 5906 et
1668 5848 1810 5905 aliud
1834 5865 1954 5905 mox
1979 5851 2177 5906 dictum

2279 4591 2364 4636 tur
2412 4582 2479 4636 de
2529 4571 2775 4634 Anniane
2823 4577 3013 4631 abbate
3069 4576 3155 4628 hic
3208 4584 3558 4640 memorato,
3608 4571 3814 4642 qui_cmn

2275 4651 2551 4707 monachis
2587 4651 2700 4709 suis
2730 4645 3071 4720 deserviebat
3102 4663 3139 4720 et
3186 4644 3358 4720 sancti
3401 4640 3667 4720 dobannis
3703 4640 3816 4720 Ete-

2275 4722 2613 4792 qnauriensis
2651 4721 2738 4774 vel
2788 4715 3142 4792 sanctiul’et'ri
3169 4724 3252 4792 _et_
3294 4714 3446 4769 Pauli
3495 4714 3816 4792 monasteriis,

2273 4783 2395 4864 qua:
2440 4791 2723 4864 :editicavit
2765 4802 2928 4864 supra
2955 4786 3133 4864 dictus
3155 4787 3584 4864 anianusncunl
3611 4783 3818 4864 fratribus

2273 4853 2388 4919 suis
2435 4876 2592 4932 supra
2620 4853 3208 4932 riboﬁrgentodublo
3254 4855 3314 4932 in
3364 4854 3489 4908 villa
3542 4853 3819 4932 Cannense,

2273 4949 2392 5006 quae
2408 4920 2742 5006 ‘ab'antiquo
2767 4920 3040 5006 dicebatur
3075 4925 3322 4992 Bulintis,
3347 4920 3822 5006 quamperdonsbit

2276 4997 2368 5062 r'ex
2395 5003 2620 5058 Carolus
2653 4997 2732 5054 ad
2783 5001 2903 5068 ipso
2947 4999 3140 5051 abbate
3187 5011 3311 5068 cum
3357 4997 3616 5068 fratribus
3659 4997 3818 5068 suis.»

2274 5075 2433 5138 Unde
2459 5075 2525 5128 lis
2553 5083 2670 5129 orta
2701 5062 2818 5125 erat
2846 5070 2984 5136 inter
3015 5067 3340 5136 Magnarium
3371 5067 3633 5138 comitem
3667 5071 3718 5117 et
3741 5062 3824 5113 An-

2274 5136 2492 5201 nianum
2520 5143 2766 5198 abbatem
2791 5142 2857 5194 de
2882 5139 3074 5194 finibus
3101 5137 3563 5192 disterminandis.
3597 5136 3824 5190 Caeterum

2275 5217 2328 5271 in
2359 5209 2622 5282 superiori
2651 5213 2942 5281 diplomate
2970 5209 3302 5282 observanda
3331 5220 3413 5262 est
3444 5207 3708 5282 formula,
3743 5211 3824 5267 qua

2273 5275 2500 5342 Carolus
2529 5275 2746 5353 Magnus
2775 5283 3058 5353 confirmat
3096 5277 3619 5353 donationem__villa:
3647 5275 3828 5347 Canna-

2273 5373 2412 5421 rum,
2445 5348 2693 5423 Annia-no
2722 5369 2753 5423 a
2782 5353 2977 5414 Milone
3001 5348 3218 5423 lactant.
3251 5367 3270 5423 ς
3301 5348 3564 5404 Similiter
3588 5354 3828 5423 concessi-

2276 5444 2394 5482 tnns
2418 5429 2465 5481 ei
2484 5421 2610 5480 Villa
2633 5421 2864 5486 Caonas,
2889 5424 3029 5494 sicut
3051 5421 3263 5494 ll-lilo_ad
3289 5434 3445 5473 suum
3473 5421 3827 5494 monasteriqu

2275 5514 2371 5569 per
2398 5513 2522 5553 suas
2554 5498 2761 5569 litteras
2791 5493 3078 5569 delegavit.
3111 5508 3158 5569 sn
3179 5491 3517 5569 Frequentes
3552 5496 3676 5543 sunt
3711 5491 3832 5569 eius:

2277 5560 2422 5625 modi
2452 5569 2697 5626 formulae-
2725 5566 2776 5620 in
2808 5560 2997 5619 litteris
3023 5560 3442 5617 confirmatoriis
3471 5574 3686 5628 regum,
3714 5564 3766 5607 ut
3791 5562 3830 5630 is

2278 5649 2548 5710 praecepto
2581 5636 2834 5710 Ludovici
2884 5634 3032 5689 Balbi
3082 5647 3179 5701 pro
3225 5630 3456 5710 ecclesia
3508 5629 3831 5710 Niverngosl,

2278 5695 2428 5780 quasi
2459 5695 2553 5765 rex
2584 5719 2710 5763 tunc
2740 5706 2967 5780 primum
2999 5695 3113 5760 rem
3139 5703 3484 5770 concederet,
3509 5699 3662 5770 cujus
3687 5695 3831 5752 dona-

2281 5779 2482 5840 tionem
2507 5779 2883 5836 confirmabat.
