3964 6344
107 375 197 434 981

417 364 656 425 CODEX
695 358 1222 420 DIPLOMATICUS.
1260 387 1330 410 -——
1371 356 1777 412 l'lilVll.EGlA.
1817 384 1886 395 ——
1925 355 1965 410 Ι.
2006 354 2252 410 Ριιινιι..
2295 353 2426 409 PER
2468 351 2746 416 GALLIE
2786 353 3073 412 PARTES.

3262 354 3369 414 983

108 483 349 556 przedtcto
372 479 587 534 Aniano
607 472 785 529 abbati
812 486 906 526 seu
929 467 1205 525 monachis
1234 466 1365 531 suis,
1391 481 1489 522 nec
1513 467 1672 522 rebus
1701 478 1751 538 Α
1775 465 1846 520 cti
1887 465 2176 536 Rigomeri,
2205 475 2259 521 et
2285 467 2533 520 cellulam
2571 467 2742 522 sancti
2783 469 2992 538 Almiri,
3036 479 3090 526 et
3125 470 3371 530 cellulam

106 579 180 632 vel
221 569 527 627 horninibus
563 566 773 620 illorum
821 570 1149 629 contangere
1195 570 1295 616 nec
1341 556 1679 624 inquietare;

107 675 189 721 aut
213 672 394 719 contra
428 657 654 713 rationis
683 654 923 709 ordinem
949 649 1269 705 calumniam
1297 661 1551 718 generare
1575 662 1687 727 non

108 750 429 825 prtesumatis
453 787 469 811 ,
526 745 630 801 nisi
664 745 743 813 (ut
774 741 1030 810 diximus)
1061 753 1181 793 cum
1229 733 1478 801 omnibus
1524 735 1685 801 rebus

107 847 182 900 vel
211 841 516 898 hominibus
541 837 754 891 illorum
780 834 878 887 sub
903 840 1138 887 nostram
1170 829 1450 884 tuitionem
1474 828 1686 892 valeant

110 936 259 1008 quieti
291 934 498 999 vivere,
536 929 621 982 vel
650 926 908 988 residere.
952 922 1213 979 Similiter
1239 920 1603 975 concessimus
1634 919 1684 977 ei

111 1030 221 1085 villa
247 1028 475 1088 Caonas,
518 1021 676 1079 sicuti
706 1020 830 1076 Milo
859 1018 924 1072 ad
953 1031 1108 1071 suum
1140 1012 1562 1078 monastherium
1593 1026 1687 1080 per.

111 1138 225 1184 suas
276 1122 480 1184 litteras
533 1115 838 1185 delegavit,
892 1127 1015 1169 cum
1060 1109 1312 1165 omnibus
1360 1104 1686 1177 appendiciis

113 1217 238 1281 suis,
267 1226 535 1285 quatenus
576 1210 768 1266 melius
806 1206 1035 1262 deleCIet
1077 1203 1209 1270 ipsis
1237 1202 1407 1256 servis
1457 1199 1548 1254 Dei
1592 1211 1697 1268 pro.

116 1307 254 1362 nobis
283 1307 361 1361 vel
403 1303 753 1359 stabilitatem
799 1297 948 1369 regni
1000 1295 1170 1352 nostri
1219 1293 1426 1348 Domini
1472 1290 1684 1345 miseri-

116 1400 280 1454 cordia
307 1410 556 1454 exorare.
592 1394 659 1448 Et
685 1393 728 1447 si
756 1392 958 1460 aliquas
983 1401 1173 1450 causas
1200 1385 1459 1441 adversus
1484 1397 1578 1438 eos
1606 1380 1688 1438 vel

117 1492 404 1554 hominibus
429 1490 647 1544 illorum
671 1483 1002 1541 surrexerint
1025 1489 1117 1534 aut
1145 1487 1290 1538 ortas
1315 1476 1532 1544 fuerint,
1556 1488 1688 1544 quas

119 1588 164 1640 in
193 1585 445 1654 provintia
476 1587 683 1649 absque
713 1578 927 1632 illorum
966 1572 1112 1643 gravi
1139 1569 1426 1640 diSpendio
1456 1567 1691 1625 difﬁnire

119 1693 210 1730 non
241 1675 543 1745 potueritis,
588 1685 757 1740 usque
789 1669 842 1722 itt
877 1676 1056 1721 nostra
1089 1661 1374 1734 pra-scotia
1404 1674 1688 1716 reservene

122 1778 214 1832 tttr,
237 1776 494 1836 quatenus
521 1773 648 1825 ante
676 1775 773 1816 nos
799 1759 1092 1822 secundum
1126 1757 1257 1826 legis
1284 1753 1527 1812 ordinem
1554 1750 1692 1815 acci-

1782 558 1950 609 sattcti
1978 556 2178 620 Ulfacii,
2209 567 2262 612 et
2289 557 2534 612 cellulam
2560 558 2730 612 sancti
2754 560 3030 628 Daomadi,
3055 562 3172 619 huic
3189 563 3374 620 Omnia
3391 560 3403 626 ξ

1783 664 1902 703 cum
1927 649 2174 704 omnibus
2196 651 2261 704 ad
2283 667 2340 704 se
2361 651 2772 719 pertinentibus,
2795 669 2915 708 cum
2941 655 3075 718 vicis
3101 656 3377 713 canonicis

1783 754 2030 812 quatuor,
2056 743 2106 797 id
2132 752 2216 799 est
2245 743 2440 807 Salica.
2464 754 2516 798 et
2541 745 2944 812 Montiniacum,
2969 756 3024 800 et
3047 745 3375 815 Flaciscum,

1784 841 1836 887 ct
1863 832 2131 897 Orellum,
2166 847 2286 886 cum
2318 833 2457 887 villis
2487 833 2796 898 duodecim,
2831 844 2884 888 et
2921 836 3040 890 aliis
3072 836 3270 892 villulis
3308 839 3379 893 ad

1784 938 1875 976 eas
1909 922 2316 991 pertinentibus.
2348 924 2488 978 sicut
2517 925 2566 977 itt
2595 924 2848 993 plettariis
2878 928 2987 993 jam
3017 926 3173 980 dictze
3197 928 3379 983 eccle-

1783 1012 1877 1067 site
1904 1013 2224 1078 continetur,
2264 1013 2424 1071 idest
2472 1015 2784 1084 Rnpiacum,
2821 1015 3073 1082 Cavattia,
3110 1017 3380 1084 Culturas,

1787 1102 1992 1174 Baliau,
2011 1105 2618 1172 Aloncion,Colonicatn
2636 1117 2786 1164 vetus
2799 1110 2996 1174 vicum,
3010 1121 3065 1166 et
3083 1109 3382 1168 Celsiacum

1787 1195 1960 1250 vicum
1991 1198 2330 1264 canonicum,
2359 1208 2414 1254 et
2452 1198 2632 1253 villam
2663 1203 2833 1256 sancti
2865 1202 3126 1269 Gervasii,
3158 1203 3385 1260 Alonia-

1786 1300 1931 1352 cum,
1951 1288 2246 1357 Asinarias,
2269 1287 2994 1362 Vodebris,€allemarcium,
3010 1295 3121 1349 sive
3132 1294 3266 1350 alias
3288 1296 3389 1350 vil-

1789 1378 1940 1444 lulas,
1953 1395 2178 1450 quarum
2197 1382 2411 1436 nomina
2429 1383 2479 1436 in
2493 1391 2743 1456 promptu
2759 1398 2865 1439 non
2879 1387 3249 1442 recordantur.
3265 1387 3390 1444 liae

1788 1480 1966 1524 autem
1987 1472 2166 1528 omnia
2201 1487 2320 1526 cum
2360 1473 2610 1528 omnibus
2643 1473 2710 1528 ad
2741 1489 2801 1530 se
2832 1477 3238 1544 pertinentibus,
3265 1491 3390 1542 cum

1789 1561 1934 1615 omni
1963 1562 2290 1631 integritate,
2313 1564 2414 1619 sub
2438 1563 2749 1620 emunitatis
2778 1565 3002 1624 tuitione
3043 1579 3226 1625 nostro
3256 1583 3392 1639 pra:-

1789 1665 1943 1722 ceptn
1967 1656 2205 1712 inserere
2227 1658 2496 1725 jttssimns.
2525 1657 2764 1713 Alterum
2805 1660 2946 1714 enim
2986 1661 3238 1729 prtedicto
3269 1662 3393 1732 epi-

1793 1759 1976 1811 sco-,~o,
2001 1747 2084 1801 vel
2106 1747 2220 1805 suis
2245 1748 2516 1804 canonicis
2539 1761 2862 1819 praeceptum
2890 1751 3020 1806 olim
3045 1751 3217 1808 facere
3223 1752 3397 1824 jussio

123 1832 264 1930 piant-
297 1861 554 1924 ﬁnitivam
607 1857 953 1915 sententiam.
1012 1854 1078 1907 Et
1126 1864 1180 1907 ut
1233 1853 1348 1907 huic
1399 1849 1692 1906 auctoritas

1821 1851 1912 1895 nus
1941 1835 2010 1892 de
2039 1839 2379 1892 monasteriis
2415 1839 2497 1893 vel
2529 1839 2758 1904 cellulis,
2793 1840 2910 1895 sive
2942 1843 3076 1898 vicis
3099 1852 3260 1913 atque
3297 1842 3400 1900 vil-

129 1954 312 2008 ﬁrmior
363 1953 668 2014 habeatur,
739 1947 820 2006 vel
875 1962 902 1998 a
957 1944 1202 2008 ﬁdelibus
1256 1942 1452 1998 nostris
1506 1939 1697 1996 melius

125 2053 472 2110 conservetur,
527 2041 605 2098 de.
644 2038 805 2093 anulo
837 2047 1040 2106 nostro.
1067 2035 1258 2092 subter
1305 2030 1540 2104 sigillare
1583 2032 1699 2101 jus-

131 2137 301 2197 simus.

195 2224 506 2289 Widolaicus
546 2221 615 2278 ad
655 2221 834 2282 vicem,
866 2216 1102 2275 Rationis
1139 2213 1424 2287 recognovi
1473 2223 1524 2270 et
1569 2211 1698 2267 sub.-

133 2316 324 2382 scripsi.

201 2408 314 2460 Data
360 2404 518 2460 tertio
547 2404 759 2460 decimo
787 2400 1055 2457 Kalendas
1087 2401 1353 2467 Augustas
1399 2409 1543 2451 anno
1574 2410 1700 2451 xxvt

143 2506 188 2550 et
216 2496 446 2566 uregni
478 2495 683 2565 nostri.
726 2495 916 2549 Actum
959 2487 1364 2548 Ft'attconofurd
1403 2487 1605 2559 palatio
1645 2487 1704 2562 in

143 2585 223 2644 Dei
252 2589 460 2642 nomine
488 2584 744 2652 feliciter.

788 2673 900 2732 LVI
941 2673 1038 2730 bis.

140 2789 449 2862 Pra'ceptunt
482 2792 656 2848 Caroli
707 2789 888 2862 Magni
926 2790 988 2862 de
1031 2786 1265 2862 omnique:
1304 2786 1453 2842 rebus
1487 2786 1714 2843 ecclesia

543 2853 928 2916 Cenot‘naniticw
955 2858 1115 2925 (anno
1146 2853 1294 2929 796).

437 2968 526 3033 (Et
551 2971 610 3020 D.
639 2965 881 3033 Bouquet,
909 2966 1104 3020 Recueit
1125 2968 1213 3018 des
1251 2964 1405 3029 Hist.)

215 3053 269 3107 In
309 3059 332 3088 ιι
371 3054 579 3109 nomine
631 3053 798 3108 Patris
852 3063 906 3108 et
961 3050 1083 3107 Ftlii
1137 3059 1192 3105 et
1239 3049 1468 3116 Spiritus
1519 3051 1712 3117 sancti,

151 3144 363 3200 Carolus
388 3146 547 3214 gratia
571 3145 661 3200 Dei
687 3161 775 3200 rex
802 3144 1125 3200 Francorum
1165 3154 1219 3198 et
1245 3142 1710 3213 Longobardorum

151 3249 211 3287 ac
235 3235 469 3302 patricius
499 3237 866 3292 Romanorum.
896 3233 952 3289 Si
983 3231 1318 3288 sacerdomm
1349 3246 1412 3286 ac
1439 3247 1717 3286 servorum

150 3323 236 3380 Dei
290 3326 582 3395 petitiones,
630 3339 760 3396 quas
806 3325 961 3381 nobis
1012 3339 1106 3394 pro
1150 3323 1263 3378 suis
1311 3322 1720 3378 necessitatibus

1799 1928 1900 1997 lis,
1931 1944 2062 1997 quas
2093 1929 2260 1986 nostri
2290 1929 2477 1995 ﬁdeles
2512 1940 2692 1986 nostra
2738 1932 3023 2003 largitione
3057 1934 3256 1992 habere
3301 1951 3396 1995 no-

1797 2029 2020 2075 scuntur
2036 2038 2049 2074 :
2067 2020 2136 2075 ibi
2163 2021 2474 2076 nominatim
2489 2021 2648 2085 easin
2672 2034 2856 2079 nostro
2877 2035 3145 2095 prmeepto
3161 2026 3402 2086 scribere

1801 2115 2252 2184 praecipissemus,
2284 2116 2384 2170 sub
2418 2117 2869 2184 logititttocettsn,
2896 2128 2949 2174 et
2977 2133 3146 2174 nonas
3171 2131 3226 2176 et
3251 2121 3402 2178 deci-

1803 2219 1915 2261 mas
1941 2203 2343 2270 persolvendas,
2365 2221 2457 2259 sett
2486 2208 2904 2264 restaurationes
2923 2208 3167 2264 ecclesiae
3190 2209 3402 2266 facien-

1803 2297 1937 2361 das;
1979 2311 2099 2365 qute
2143 2297 2320 2351 omnia
2362 2297 2617 2364 jubemns
2669 2305 2828 2368 atque
2883 2297 3227 2368 praecipimus
3273 2310 3333 2354 ut
3373 2315 3405 2356 ι

1806 2386 2004 2443 nostris
2037 2387 2280 2442 ﬁdelibus
2311 2390 2382 2441 ita
2423 2398 2830 2455 conserventur,
2860 2389 3000 2445 sicut
3037 2389 3088 2444 in
3122 2390 3239 2460 ipso
3266 2404 3406 2460 pra:-

1806 2486 1962 2545 cepto
2007 2489 2130 2537 sunt
2158 2479 2353 2533 inserta
2390 2496 2401 2532 :
2432 2480 2500 2534 de
2536 2480 2730 2550 quibus
2771 2481 3076 2550 praedictam
3125 2483 3407 2541 ecclesiam

1808 2577 1871 2622 et.
1899 2571 2007 2637 jam
2043 2570 2244 2625 dictum
2297 2573 2629 2642 pontilicem,
2677 2576 3102 2648 qnandocunqne
3143 2578 3402 2635 Dominus

1814 2673 1970 2728 posse
1997 2669 2051 2715 et
2077 2661 2251 2717 locum
2275 2662 2502 2729 dederit,
2538 2666 2804 2725 consolari
2828 2675 2884 2723 et
2901 2671 3231 2738 augmentari
3255 2672 3408 2740 cupi-

1815 2765 1955 2806 mus.
2003 2751 2401 2810 Praisentaliter
2430 2770 2556 2812 vero
2584 2754 2687 2812 hoc
2712 2757 3076 2824 concedimus,
3107 2769 3166 2816 ut
3191 2761 3408 2830 quando

1815 2846 2043 2914 quisque
2067 2846 2136 2901 de
2183 2847 2292 2902 illis
2326 2848 2417 2917 qui
2467 2863 2630 2917 saepe
2653 2848 2813 2907 dictae
2862 2851 3104 2909 ecclesiis
3152 2853 3412 2910 beneﬁcia

1819 2945 2002 2991 nostra
2035 2936 2318 3008 largitione
2347 2939 2566 3008 habent,
2597 2941 2666 2997 de
2710 2943 2812 2998 hoc
2851 2945 3071 3009 sarculo,
3120 2944 3410 3004 infantibus

1801 3013 2070 3100 ’ριιειδευΙίε
2123 3044 2227 3086 non
2281 3031 2442 3095 nalis,
2492 3032 2578 3087 vel
2637 3033 2792 3088 nobis
2845 3050 2951 3090 non
2999 3036 3412 3104 commendatis,

1824 3122 2168 3189 migraverint
2194 3140 2208 3187 ;
2232 3123 2342 3193 jam
2366 3123 2539 3179 dictus
2562 3127 2817 3194 pontifex,
2839 3127 2921 3182 vel
2942 3127 3024 3182 sui
3045 3141 3414 3198 successores.

1823 3214 1935 3266 sive
1964 3227 2150 3269 eorum
2182 3216 2407 3271 ministri
2445 3230 2605 3285 atque
2633 3218 2894 3282 canonici,
2923 3218 2976 3272 in
3007 3227 3323 3288 potestatem
3355 3226 3414 3273 et

1823 3301 2242 3358 dominationem
2279 3306 2509 3372 prmﬁxm
2548 3306 2790 3364 ecclesias
2825 3308 3031 3378 absque
3076 3308 3236 3365 ullius
3283 3323 3418 3366 con-

153 3418 474 3487 ienotuerint,
504 3420 569 3474 ad
600 3419 848 3476 effectum
879 3417 1238 3489 perducimus,
1281 3432 1388 3470 non
1433 3414 1607 3468 solum
1649 3409 1720 3468 le-

1823 3391 2122 3464 signatione
2151 3411 2405 3451 revocare
2446 3398 2659 3462 faciant.
2705 3398 2773 3453 Et
2806 3399 3232 3469 quandocunque
3267 3400 3416 3458 locus

159 3509 310 3575 patent
355 3486 785 3568 consuetudinem
835 3486 1173 3576 esercetuus,
1221 3523 1405 3562 verum
1451 3498 1611 3561 etiam
1658 3505 1726 3562 ad
1824 3486 2065 3542 θνθηθτίι
2113 3486 2218 3559 iam
2259 3489 2400 3544 diem
2457 3489 2712 3547 δειιθίῖοία
2741 3505 2862 3546 cum
2909 3492 3106 3548 ηοδῑΐίί
3145 3493 3422 3559 ηίΙεΙίδιηο

165 3599 506 3657 beatitudinem
546 3612 766 3658 aeteran
808 3600 1169 3666 retributionis
1213 3597 1336 3652 talia
1383 3596 1537 3650 nobis
1587 3594 1726 3648 facta
1828 3578 1918 3649 (Ιυί
1965 3590 2240 3636 33303170
2272 3581 2532 3640 ιηευθίίθίο
2559 3585 3426 3650 habent.COlanafe.'0|tlnml

161 3689 406 3759 profutura
429 3693 766 3748 confidimus.
797 3691 955 3762 Igitur
980 3691 1226 3746 omnibus
1252 3687 1539 3758 episcopis,
1565 3685 1728 3740 abba-

158 3784 300 3851 tibus,
321 3786 562 3854 ducibus,
590 3786 891 3850 comitibus,
917 3779 1287 3840 vicetlominis.
1324 3776 1557 3844 vicariis,
1601 3790 1730 3830 cen-

158 3883 233 3929 ten
252 3875 717 3941 ariis,actionariis,
744 3875 922 3930 missis
945 3869 1588 3933 nostristliscttrrtJntibus,
1620 3867 1733 3922 sive

153 3970 338 4024 cunctis
365 3969 614 4025 ﬁdelibus
638 3979 836 4026 sancta
867 3968 957 4024 Dei
990 3965 1241 4022 Ecclesia:
1269 3975 1321 4018 et
1349 3962 1568 4027 nostris,
1599 3975 1736 4030 prae-

152 4061 371 4116 sentibus
406 4072 570 4131 atque
601 4060 813 4127 futuris,
847 4071 1030 4114 notum
1059 4073 1179 4112 esse
1215 4057 1460 4109 volumus
1497 4053 1616 4122 quia
1657 4054 1740 4107 vir

150 4156 458 4210 venerabilis
504 4154 733 4222 Franco,
784 4152 1190 4210 Cenomannicm
1237 4147 1382 4202 urbis
1431 4147 1737 4215 episcopus,

149 4246 327 4307 adiens
356 4247 719 4313 Serenitatem
762 4255 1022 4309 nostram,
1064 4241 1375 4311 suppliciter
1411 4237 1733 4304 deprecatus

146 4352 173 4392 e
204 4348 220 4393 t
247 4348 300 4394 ut
335 4341 390 4395 ei
427 4347 747 4407 praiceptttm
777 4337 845 4393 de
882 4335 1128 4391 omnibus
1169 4335 1330 4388 rebus
1365 4330 1607 4384 ecclesia:
1641 4326 1756 4382 sibi.

147 4430 445 4483 commissa:
481 4427 655 4484 facere
686 4427 1123 4497 praecepissemus
1156 4441 1169 4477 :
1199 4433 1252 4477 et
1281 4419 1593 4477 nominatim
1636 4418 1745 4474 cel-

1830 3683 1893 3724 ea
1933 3670 2166 3739 przefatze
2198 3674 2442 3729 ecclesia:
2471 3675 2715 3741 reddere,
2744 3686 2799 3730 ut
2828 3675 2995 3745 ipsius
3023 3677 3263 3732 ecclesiae
3293 3692 3427 3746 pon-

1832 3762 2088 3828 tiﬁcibus,
2119 3765 2198 3818 vel
2229 3769 2621 3833 sacerdotibus,
2648 3772 2761 3823 sive
2794 3768 2884 3823 Dei
2917 3769 3109 3834 servis,
3146 3785 3241 3838 pro
3273 3770 3426 3826 nobis

1835 3851 1917 3906 vel
1947 3853 2093 3927 omni
2137 3855 2334 3922 popqu
2378 3858 2533 3911 nobis
2570 3873 2599 3909 a
2644 3857 2756 3914 Deo
2800 3861 3114 3924 commisso,
3165 3861 3281 3916 sive
3329 3875 3426 3928 pro

1837 3944 2125 3999 stabilitate
2155 3946 2305 4016 regni
2334 3956 2388 4002 et
2413 3948 2730 4018 pacetotius
2758 3949 2960 4019 populi,
2983 3949 3173 4006 melius
3201 3965 3430 4008 exorare

1838 4039 2166 4102 delectetur.

1910 4132 2133 4202 Insuper
2159 4132 2348 4189 detulit
2391 4133 2542 4189 nobis
2581 4134 2942 4192 immunitates
2980 4136 3432 4206 praedecessorum

1843 4232 2177 4294 nostrorum,
2234 4241 2416 4294 regum
2460 4226 2668 4281 scilicet
2730 4225 3085 4293 Francorum,
3141 4231 3194 4287 in
3239 4231 3435 4300 quibus

1845 4315 2216 4371 continebatur
2261 4318 2528 4386 quomodo
2559 4318 2865 4386 prtedictam
2903 4319 3113 4387 sedem,
3164 4337 3264 4376 una
3307 4337 3432 4379 cum

1848 4407 2007 4462 rebus
2045 4409 2292 4464 omnibus
2333 4410 2418 4465 vel
2475 4410 2776 4466 hominibus
2813 4411 3008 4470 ibidem
3033 4414 3436 4485 aspicientibus,

147 4518 276 4575 lulas
314 4519 407 4577 vel
439 4518 586 4575 vicos
619 4534 714 4574 seu
747 4519 922 4584 villas,
953 4531 1085 4587 quas
1111 4515 1210 4570 sub
1239 4529 1356 4580 sua,
1389 4513 1502 4568 sive
1531 4510 1718 4567 canonl

1821 4508 2070 4581 ,propter
2092 4515 2329 4554 amorem
2356 4501 2444 4558 Dei
2471 4511 2524 4557 et
2549 4504 2902 4560 reverentiam
2941 4515 3270 4572 sanctorum,
3305 4523 3440 4578 quo-

148 4627 350 4682 corum,
403 4613 484 4668 vel
523 4613 853 4668 vassalorttm
892 4625 1112 4667 suorum
1153 4623 1214 4662 ac
1256 4607 1482 4662 aliorum
1528 4603 1628 4658 sibi
1669 4603 1752 4658 vel

147 4708 390 4764 ecclesiae
439 4718 552 4760 suae
607 4705 800 4761 devote
854 4701 1263 4770 famulantittm,_
1301 4708 1409 4755 tam
1463 4698 1750 4754 liberorum

147 4808 300 4862 quant
340 4803 403 4852 et
436 4809 737 4860 servorum,
779 4803 1038 4864 potestate
1074 4793 1162 4847 vel
1205 4789 1570 4845 dominatione
1613 4803 1750 4852 prae-

148 4887 279 4940 senti
314 4896 560 4963 tempore
590 4887 789 4942 habere
818 4887 1074 4948 noscitur,
1108 4892 1165 4937 ttt
1199 4881 1389 4936 futuris
1421 4878 1752 4947 temporibus

149 4973 278 5043 ipse,
320 4978 440 5032 sive
468 4977 582 5047 ejus
619 4991 978 5041 successores,
1014 4975 1114 5030 sub
1139 4973 1258 5042 jure
1285 4981 1340 5027 et
1368 4970 1750 5036 dominatione,

153 5069 421 5131 praedicta:
482 5066 892 5124 Cenomannicze
941 5066 1215 5132 ecclesire,
1273 5063 1514 5130 ﬁrntius,
1571 5071 1753 5122 nostra

152 5153 276 5211 fulti
297 5158 643 5222 auctoritate.
665 5168 720 5214 et
746 5159 947 5227 absque
973 5156 1076 5210 ulla
1107 5153 1406 5224 pulsatione
1426 5154 1507 5206 vel
1535 5161 1754 5206 contra-

155 5249 344 5306 rietate
378 5250 574 5307 habere
601 5251 684 5307 vel
725 5264 913 5320 regere
945 5258 1262 5303 mereretur.
1304 5242 1471 5312 Cujus
1512 5241 1755 5312 petitioni

155 5336 386 5395 libenter
414 5355 696 5397 assensum
729 5341 1074 5412 praebuimus,
1103 5335 1500 5392 etnomiuatim
1531 5331 1757 5389 cellulas

155 5429 238 5482 vel
267 5429 422 5484 villas
443 5432 558 5486 sive
582 5434 732 5486 vicos
760 5431 812 5485 in
845 5430 946 5486 hoc
970 5436 1261 5499 praecepto,
1285 5426 1422 5481 sicut
1441 5423 1759 5490 deprecatus

157 5527 239 5572 est
260 5519 503 5575 inserere
525 5519 805 5591 iussimus,
839 5520 891 5575 id
916 5529 997 5576 est
1021 5517 1266 5573 cellulam
1293 5515 1472 5602 sancti.
1492 5512 1757 5569 Vincentii

160 5622 282 5666 eum
313 5612 560 5669 omnibus
588 5614 654 5668 ad
684 5630 743 5670 se
773 5611 1181 5684 pertinentibus,
1213 5621 1268 5666 et
1301 5607 1549 5664 cellulam
1583 5605 1756 5663 sancti

167 5699 368 5769 Albini,
398 5719 494 5760 seu
521 5705 765 5760 cellulam
790 5705 960 5761 sancti
989 5703 1257 5771 Attdoeni,
1286 5712 1341 5758 et
1367 5699 1613 5756 cellulam
1637 5713 1760 5756 san-

243 5847 270 5878 ι
316 5839 528 5896 lnsolita
555 5842 819 5898 invocatio
846 5857 907 5898 ac
938 5837 1153 5898 omnino
1181 5837 1495 5896 resecanda.

1855 4607 1971 4645 rum
2002 4591 2239 4663 reliquiae
2275 4592 2342 4648 ibi
2374 4605 2712 4661 venerantur,
2752 4596 2851 4652 sub
2887 4596 3193 4665 plenissima
3226 4611 3440 4664 semper

1853 4684 2162 4740 defensione
2212 4693 2266 4740 et
2305 4686 2654 4742 immanitatis
2699 4687 2922 4743 tttitione
2957 4687 3286 4745 habuissent.
3335 4687 3442 4744 Pro

1855 4775 2119 4830 ﬁrmitatis
2167 4791 2294 4845 ergo
2340 4777 2518 4832 studio
2563 4779 2712 4848 petiit
2757 4779 3041 4860 pradictus
3089 4780 3325 4846 pontifex
3382 4790 3445 4836 ut

1852 4868 1990 4922 circa
2025 4867 2193 4934 ipsum
2232 4881 2472 4922 sanctum
2503 4869 2674 4923 locutu
2701 4869 2876 4925 dunuo
2909 4885 3004 4937 pro
3044 4872 3312 4928 mercedis
3346 4887 3447 4928 no-

1851 4966 1979 5011 str-.e
2009 4969 2294 5028 augmento
2321 4961 2620 5015 concedere
2650 4969 2706 5014 et
2741 4961 3062 5019 conﬁrmare
3097 4963 3446 5026 deberemus.

1853 5050 2015 5118 Cujus
2039 5051 2345 5121 petitionem
2373 5067 2467 5120 pro
2485 5052 2664 5106 divino
2684 5066 2867 5108 amore
2887 5068 3114 5110 renuere
3134 5053 3445 5123 noluimus;

1854 5145 1947 5197 sed
1980 5143 2032 5197 in
2071 5143 2320 5198 omnibus
2348 5151 2400 5198 et
2432 5157 2718 5212 praesentes
2746 5153 2800 5197 et
2830 5143 2988 5198 futuri
3031 5143 3218 5202 ﬁdeles
3247 5155 3449 5203 sancta

1857 5238 1951 5294 Dei
1987 5237 2236 5294 Ecclesiae
2269 5246 2320 5292 et
2349 5238 2513 5291 nostri
2545 5239 2613 5290 ita
2637 5250 2949 5292 concessum
2978 5247 3138 5308 atque
3165 5249 3450 5310 perpetua-

1859 5329 1980 5383 liter
2008 5344 2038 5382 a
2069 5329 2222 5384 nobis
2261 5328 2633 5382 conﬁrmatum
2689 5341 2810 5382 esse
2864 5339 3207 5396 cognoscant.
3251 5329 3449 5384 Praeci-

1857 5417 2067 5489 pientes
2092 5433 2221 5489 ergo
2245 5417 2496 5487 jubemns
2517 5426 2574 5471 ut
2595 5415 2769 5470 nullus
2787 5417 2947 5485 judex
2979 5417 3238 5486 publicus,
3268 5433 3445 5489 neque

1859 5509 2114 5582 quislibet
2138 5525 2205 5565 ex
2231 5507 2512 5579 judiciaria
2542 5515 2823 5577 pote5tate,
2855 5523 2952 5563 nec
2981 5507 3174 5580 aliquis
3194 5525 3260 5566 ex
3283 5509 3456 5569 ﬁdeli-

1862 5605 1960 5660 bus
2007 5603 2207 5659 nostris
2251 5603 2304 5658 itt
2350 5601 2606 5658 ecclesias
2633 5611 2723 5654 aut
2778 5600 2926 5671 loca,
2978 5603 3064 5658 vel
3104 5618 3299 5676 agros,
3350 5620 3450 5663 seu

1864 5698 2099 5770 reliquas
2127 5694 2495 5769 possessiones
2525 5702 2835 5750 memoratae
2863 5696 3130 5764 ecclesize,
3163 5712 3294 5768 quas
3323 5713 3449 5754 mo-
