3964 6344
592 326 702 389 983

1408 364 1415 371 -
1481 336 1543 392 Β.
1579 337 1833 395 CAROLI
1871 337 2083 402 MAGNI
2125 336 2276 395 OPP.
2319 334 2498 392 PARS
2536 335 2578 390 1.
2618 334 2862 394 SECTIO
2900 337 2965 394 ll.
3778 344 3857 400 986

590 445 764 503 derno
788 453 1028 513 tempore
1049 444 1104 500 in
1129 445 1450 515 quibuslibet
1471 451 1620 522 pagis
1645 459 1700 506 et
1726 451 2011 507 territoriis
2039 451 2177 509 intra
2209 453 2253 510 Α
2355 446 2614 503 Genesius
2643 448 2710 504 ad
2740 449 2908 504 vicem
2932 448 3305 506 Ercbemhaldi
3335 453 3637 524 recognovi
3665 463 3718 509 et
3740 459 3855 513 subs.

590 537 848 594 ditionem
895 536 1043 607 regni
1089 539 1259 594 nostri
1285 540 1428 610 juste
1455 540 1658 601 habere
1685 559 1749 612 ac
1772 545 2047 613 possidere
2074 556 2168 598 co-

587 626 884 697 gnoscitur,
905 641 1129 697 quaeque
1147 628 1308 684 etiam
1331 629 1585 702 deinceps
1604 632 1656 708 in
1677 633 1796 704 jure
1819 634 1982 702 ipsius
2001 631 2170 687 sancti

584 715 690 772 loci
737 717 913 774 divina
961 719 1187 773 voluerit
1231 721 1398 790 pietas
1438 726 1642 797 augeri,
1695 741 1851 780 nemo
1881 725 1945 778 ad
1984 737 2174 779 causas

582 797 899 872 audiendas,
928 807 1009 864 vel
1035 808 1339 867 inferendae
1361 804 1732 882 requirendas,
1756 825 1848 874 aut
1872 817 2065 880 tributa
2089 814 2174 870 vel

582 899 730 954 freda
761 899 1044 969 exigenda,
1075 910 1166 956 aut
1205 903 1514 980 mansiones
1543 908 1628 962 vel
1650 917 1858 980 paratas
1883 907 2173 982 faciendas,

582 1002 678 1048 aut
719 993 983 1048 teloneum
1011 994 1352 1068 exigendum,
1383 1013 1484 1055 nec
1511 996 1855 1071 iidejussores
1884 1000 2174 1067 tollendos,

579 1093 674 1139 aut
705 1084 947 1140 homines
982 1085 1151 1154 ipsius
1193 1089 1456 1162 ecclesia,
1499 1099 1608 1146 tam
1637 1091 1897 1162 ingenuos
1924 1106 2083 1163 quam
2123 1101 2178 1148 et

579 1187 786 1240 servos,
839 1175 928 1244 qui
959 1190 1120 1245 super
1148 1185 1343 1233 terram
1375 1181 1613 1249 ejusdem
1642 1183 1879 1239 residere
1908 1183 2175 1247 videntur,

577 1262 781 1333 injuste
836 1264 1265 1337 distringendos,
1317 1285 1418 1326 nec
1471 1271 1610 1328 ullas
1652 1273 2037 1331 redhibitiones
2087 1283 2179 1346 aut

577 1356 811 1412 inlicitas
848 1357 1157 1416 occasiones
1196 1362 1569 1435 requiren‘das,
1603 1363 1711 1419 ullo
1747 1380 1995 1434 umquam
2040 1375 2176 1421 tem-

575 1461 708 1521 pore
749 1446 958 1518 ingredi
997 1449 1208 1518 audeat,
1239 1454 1323 1527 vel
1361 1461 1607 1510 exactare
1651 1456 1900 1530 praedicta
1939 1472 2006 1512 ex
2047 1457 2177 1528 ipsis

575 1541 738 1598 rebus
767 1546 995 1616 quodam
1025 1545 1079 1600 in
1110 1545 1230 1602 loco
1259 1555 1545 1615 prtesumat
1577 1563 1591 1602 :
1624 1555 1679 1603 et
1705 1542 1959 1619 quidquid
1989 1565 2054 1609 ex
2087 1565 2177 1606 re-

576 1630 679 1688 bus
701 1633 812 1704 jam
850 1634 1010 1690 dicta:
1035 1635 1276 1704 ecclesia:
1312 1634 1471 1694 fiscus
1497 1651 1715 1711 sperare
1742 1647 1964 1705 poterat,
2006 1649 2174 1714 totum

574 1735 676 1778 nos
703 1734 1016 1789 memorata:
1040 1725 1281 1801 ecclesiae
1305 1727 1677 1803 concedimus.

2347 535 2534 591 Datum
2564 538 2617 592 in
2653 553 2837 595 mense
2861 540 3180 598 Decembrio
3222 558 3308 598 xvt
3355 543 3851 621 Kalendalanuarii,

2274 643 2415 684 anno
2443 630 2591 699 regni
2622 632 2790 684 nostri
2823 647 2970 686 xxix.

2346 721 2534 775 Actum
2561 719 2922 790 Grani-Aquis
2954 723 3148 803 palatio
3187 733 3397 804 nostro,
3425 727 3495 780 ἰη
3537 726 3638 782 Dei
3673 729 3849 793 nomine

2276 810 2519 886 fcliciter.
2549 812 2740 871 Amen.

2994 927 3148 982 LVII.

2277 1014 2468 1074 Chatta
2491 1014 2733 1082 Ghiselre,
2767 1017 2940 1071 Caroli
2976 1018 3156 1086 Magni
3182 1019 3396 1084 sororis,
3428 1035 3540 1084 qua
3579 1023 3844 1087 monasteria

2349 1088 2670 1157 Dionysiano
2706 1091 2864 1161 amita
2881 1092 3091 1161 confert
3129 1090 3327 1159 prwdia
3361 1105 3487 1159 qua:
3527 1105 3562 1142 α
3600 1093 3847 1161 parentibus

2348 1167 2614 1226 acceperat
2646 1162 2660 1220 ί
2671 1175 2807 1212 armo
2835 1159 2992 1219 798).

2645 1288 2743 1352 (Ex
2769 1288 3044 1352 Mabillon.,
3069 1289 3132 1341 de
3175 1289 3248 1341 lie
3273 1290 3511 1356 diplom.)

2277 1549 2556 1636 beatorum
2587 1589 2879 1652 martyrum
2911 1581 3172 1654 Dionysii,
3192 1583 3279 1644 ubi
3305 1585 3424 1654 ipse
3451 1549 3835 1654 preciosnsvcor-

2279 1681 2410 1738 pore
2433 1670 2663 1740 quiescit
2690 1686 2811 1725 cum
2841 1671 2952 1728 suis
2981 1674 3184 1732 sanctis
3211 1675 3396 1741 sociis,
3426 1675 3503 1736 de
3531 1691 3710 1739 eorum
3735 1694 3834 1748 pra-

1710 1728 1930 1832 ξηδυξξθτ
1966 1739 2018 1829 (ξι
2043 1729 2176 1832 {nud-
2204 1823 2246 1832 _
2277 1728 2367 1820 dio
2393 1728 2763 1827 et'l‘acultates
2803 1763 2917 1832 ipse
2961 1764 3111 1819 locus
3150 1728 3606 1832 sanctus'ditatus
3646 1779 3695 1823 et

573 1812 628 1868 in
661 1812 766 1868 hoc
796 1825 1064 1887 praecepto
1081 1816 1328 1922 insere-re
1353 1815 1635 1922 jussimus,
1668 1826 1726 1873 ut
1754 1819 1942 1922 nullus
1971 1817 2168 1889 judex,
2204 1823 2252 1885 Β
2281 1812 2535 1918 ἐυδα’διυς’
2559 1851 2687 1917 tu“,
2729 1862 2786 1916 ει
2813 1812 2926 1918 ξεί,
2959 1863 3015 1912 ει
3043 1823 3372 1922 σοηοθαρηὶε
3403 1812 3638 1920 1)(ζωίηο
3675 1858 3761 1920 erit
3792 1812 3829 1917 iri

571 1912 667 1960 aut
690 1919 896 1971 comes,
926 1915 1019 1966 aut
1045 1907 1238 1978 aliquis
1263 1901 1400 1965 liber
1429 1909 1612 1978 homo,
1645 1919 1736 1965 aut
1767 1912 2022 1980 quaelibet
2051 1928 2175 1984 per-

571 2011 704 2055 sona
736 2001 1006 2070 praedictas
1043 1997 1288 2061 ecclesia:
1328 2003 1626 2072 ministros,
1667 2005 1760 2070 vel,
1791 2006 2077 2073 advocatos
2122 2009 2174 2064 in

571 2091 734 2146 mallo
756 2092 967 2162 publico
987 2107 1240 2151 accusare
1263 2105 1576 2165 praesumat,
1603 2081 1699 2152 sed
1725 2098 1873 2167 prius
1895 2101 2177 2160 conveniat

567 2180 852 2257 ministros,
877 2199 1084 2264 rerum,
1107 2194 1163 2242 et
1183 2186 1392 2258 judices
1421 2188 1671 2246 villarum
1709 2199 1871 2263 atque
1901 2191 2174 2267 hominum

569 2286 601 2340 ᾳ
631 2274 823 2349 quibus
861 2276 1018 2334 lassus
1054 2287 1157 2354 est,
1198 2272 1256 2349 ut
1299 2279 1366 2336 ab
1403 2280 1483 2348 eis
1521 2273 1842 2343 familiarem
1887 2292 1942 2338 et
1973 2285 2172 2353 justam

569 2367 800 2442 accipiat
839 2367 1140 2438 justitiam;
1185 2385 1342 2442 quam
1393 2371 1440 2427 si
1484 2373 1729 2444 accipere
1769 2389 1875 2440 non
1921 2376 2171 2446 voluerit,

571 2463 703 2517 tunc
735 2460 1020 2516 conveniat
1043 2450 1350 2529 episcopum
1373 2460 1486 2532 jam
1517 2461 1675 2519 dictae
1703 2463 1965 2529 ecclesias,
2006 2474 2064 2522 ut
2104 2466 2174 2527 ab

567 2549 684 2618 ipso
705 2563 857 2612 suam
871 2551 1128 2629 justitiam
1158 2549 1472 2629 familiarem
1499 2564 1552 2610 et
1579 2554 1772 2610 bonam
1795 2565 1954 2626 atque
1970 2556 2168 2632 justam

567 2641 819 2709 accipiat.
842 2641 911 2698 Et
929 2642 976 2697 si
1000 2644 1068 2697 ab
1091 2644 1205 2712 ipso
1227 2646 1501 2716 episcopo,
1523 2659 1696 2715 neque
1722 2661 1754 2701 a
1776 2647 1887 2701 suis
1911 2646 2171 2722 ministris

569 2744 723 2786 suam
761 2730 1023 2809 justitiam
1064 2733 1310 2810 accipere
1355 2733 1675 2805 nequiverit,
1727 2737 2062 2812 postmodum
2104 2738 2169 2794 li-

565 2814 802 2897 centiam,
845 2821 1040 2890 habeat
1087 2831 1144 2878 ut
1189 2824 1242 2879 in
1289 2824 1452 2898 mallo
1493 2825 1705 2900 publico
1747 2841 1872 2898 suas
1919 2830 2166 2903 querelas

563 2911 709 2982 justo
746 2919 803 2968 et
841 2911 1231 2984 rationabiliter
1259 2924 1420 2996 atque
1449 2916 1690 2987 legaliter
1711 2927 1934 2988 quaerat.
1980 2919 2086 2976 Sed
2116 2923 2163 2977 si

2281 1950 2634 2011 perpetuum;
2687 1945 2764 2013 ita
2805 1960 2945 2014 nunc
2997 1948 3050 2003 in
3099 1946 3194 2002 Dei
3243 1947 3468 2016 nomine
3515 1949 3625 2012 Deo
3664 1961 3828 2006 sacrata

2279 2032 2588 2102 Christique
2619 2049 2834 2104 semper
2862 2036 3056 2090 devota
3085 2036 3320 2108 Ghysela
3350 2039 3684 2104 nobilissima
3719 2042 3828 2110 regis

2281 2121 2384 2192 [ilia
2413 2122 2659 2192 Pippini,
2705 2135 2760 2180 et
2805 2127 3148 2184 Bertradante
3180 2129 3380 2201 regina:
3407 2131 3539 2200 olim
3561 2173 3576 2197 ,
3625 2147 3714 2200 pro
3752 2132 3824 2188 Dei

2277 2214 2472 2285 intuitu
2515 2229 2569 2273 et
2607 2218 2878 2289 desiderio
2908 2220 3146 2276 cmlestis
3195 2222 3346 2293 regni
3394 2231 3450 2277 et
3497 2225 3676 2288 anima:
3716 2239 3824 2290 mete

2276 2305 2543 2380 retiredio,
2572 2307 2837 2370 donamus
2863 2308 2930 2364 ad
2959 2311 3130 2379 ipsum
3161 2314 3406 2371 sanctum
3445 2313 3611 2372 locum
3631 2355 3645 2378 ,
3682 2313 3822 2374 dona-

2277 2402 2500 2466 tumque
2527 2400 2922 2468 prtcsentaliter
2951 2415 3073 2455 esse
3101 2401 3350 2455 volumus
3368 2442 3385 2468 ,
3431 2403 3561 2458 sicut
3587 2405 3712 2458 enim
3737 2405 3818 2458 ad-

2273 2496 2458 2543 monet
2507 2505 2603 2544 nos
2650 2501 2834 2544 sancta
2880 2493 3146 2561 scriptura
3197 2503 3256 2547 ut
3303 2497 3454 2549 homo
3480 2496 3591 2549 dum
3624 2497 3735 2550 vivit
3762 2497 3810 2551 in

2271 2596 2522 2653 corpore,
2551 2585 2751 2656 cogitet
2779 2584 2846 2640 de
2875 2587 3180 2641 aeternitate
3202 2588 3333 2652 vita,
3359 2597 3408 2641 ut
3431 2587 3493 2642 de
3521 2590 3792 2643 transitoria

2270 2687 2507 2744 meretur
2558 2684 2759 2730 aeterna
2788 2715 2804 2742 ,
2872 2675 3097 2744 Domino
3152 2676 3353 2732 dicente
3399 2676 3450 2731 in
3496 2676 3793 2748 Evangelia:

2269 2763 2454 2821 Facite
2493 2767 2632 2822 vobis
2674 2769 2941 2838 laesam-os
2981 2770 3035 2835 its
3069 2769 3196 2824 calo
3226 2787 3336 2841 qui:
3364 2785 3460 2840 non
3487 2771 3737 2838 deﬁciunt,
3767 2781 3806 2824 et

2267 2857 2331 2911 de
2359 2859 2533 2927 iniquo
2562 2875 2852 2913 mammona
2879 2870 3172 2931 comparate
3200 2861 3340 2914 vobis
3370 2872 3555 2925 retenta
3593 2861 3795 2914 taberna-

2264 2948 2408 3017 cula,
2441 2947 2595 3019 juxta
2629 2951 2950 3005 sententiam
2982 2950 3122 3006 beati
3152 2951 3392 3008 doctoris
3419 2952 3706 3020 Augustini,
3737 2940 3806 3007 ubi

563 3013 724 3107 {Mea
750 3019 909 3108 (illam
937 3007 1190 3076 Ρηεάῖθῑε
1239 3007 1450 3113 fec-81"“;
1475 3007 1586 3080 iam
1617 3010 1774 3113 (ξίοίξη
1799 3012 1942 3083 sedis
1980 3015 2164 3077 “019'-
2262 3007 2606 3095 alt:'t'Perit
2635 3041 2865 3096 mundus
2911 3050 2965 3097 et
3010 3055 3073 3097 ea
3122 3057 3242 3113 qua:
3292 3043 3347 3097 in
3402 3007 3602 3099 mundo
3644 3007 3796 3099 sunt.»

562 3095 660 3151 site
686 3096 995 3207 episcopum
1025 3109 1080 3154 et
1106 3115 1233 3156 suos
1263 3101 1541 3204 ministros
1569 3103 1650 3206 vel
1682 3104 1982 3207 advocatos.
2001 3122 2161 3207 accu-
2194 3193 2233 3207 Α
2263 3132 2396 3207 Illud
2430 3149 2558 3188 vero
2587 3150 2878 3205 numquam
2911 3135 3086 3205 perit,
3133 3139 3276 3207 quod
3326 3138 3382 3192 in
3423 3140 3658 3196 ecclesiis
3679 3141 3738 3194 vel
3759 3139 3792 3192 in

561 3201 690 3262 tare.
713 3198 804 3244 aut
831 3190 1046 3275 pulsare
1072 3193 1513 3267 praesumpserit:
1537 3195 1662 3264 quia
1693 3204 1930 3251 nostram
1961 3197 2159 3282 jussio;
2189 3193 2234 3260 C

565 3294 692 3352 nam
743 3271 904 3352 atque
950 3293 1192 3347 nostrum
1238 3284 1498 3360 indictum
1546 3296 1602 3358 et
1650 3275 1989 3361 praeceptum
2029 3306 2164 3367 con-

566 3372 808 3440 tempsit,
845 3373 962 3432 sive
989 3377 1378 3446 praevaricavit,
1409 3379 1646 3434 banttum
1683 3391 1924 3454 nostrum
1961 3397 2027 3454 es
2063 3382 2165 3437 boc

563 3462 724 3518 nobis
751 3455 1056 3534 componat,
1104 3477 1157 3522 et
1194 3469 1463 3537 praedicta:
1507 3471 1752 3527 ecclesia:
1788 3474 2039 3544 episcopo
2071 3475 2164 3531 'vel

563 3554 679 3608 suis
729 3556 988 3612 ministris
1035 3572 1068 3613 c
1112 3559 1216 3613 sol.
1265 3561 1472 3630 argenti
1525 3571 1846 3634 componat,
1898 3574 1954 3620 et
1989 3550 2161 3621 suam

561 3643 822 3713 justitiam
846 3647 1182 3716 postmodum
1207 3649 1408 3722 absque
1432 3652 1547 3722 lege
1571 3660 1666 3708 aut
1689 3654 1866 3724 aliqua
1887 3658 2161 3727 composi-

565 3737 720 3797 tione.
764 3737 1004 3808 recipiat.
1065 3739 1355 3808 Praedictas
1411 3744 1552 3800 enim
1608 3759 1799 3803 causas
1850 3758 2162 3813 memoratae

565 3828 813 3886 ecclesia
834 3829 1278 3902 pontiﬁcibusque
1297 3840 1456 3903 atque
1479 3834 1570 3890 Dei
1592 3837 1768 3908 servis
1788 3837 1916 3892 inibi
1933 3837 2162 3913 Domino

564 3917 948 3977 famulantibus
977 3934 1074 3992 pro
1105 3923 1196 3978 Dei
1228 3938 1414 3980 amore
1440 3934 1492 3984 et
1523 3929 1820 3982 reverentia
1850 3938 2159 3997 sanctorum

566 4014 950 4080 concessimus,
991 4028 1417 4085 concessumque
1456 4015 1645 4074 futuris
1681 4019 2009 4087 temporibus
2042 4036 2162 4094 esse

563 4103 834 4173 volumus,
878 4105 1018 4160 sicut
1060 4115 1115 4161 et
1143 4120 1172 4160 a
1215 4107 1412 4175 nostris
1447 4109 1902 4176 antecessoribus,
1947 4112 2161 4182 regibus

563 4194 814 4255 videlicet
865 4194 1226 4265 Francorum,
1271 4197 1384 4252 suis
1431 4198 1916 4267 praedecessoribus
1962 4203 2158 4270 factum

563 4301 687 4342 esse
717 4289 1004 4346 scrutando
1036 4291 1386 4359 cognovimus
1426 4308 1439 4344 :
1473 4301 1735 4361 quatenus
1765 4309 1926 4366 supra
1954 4312 2160 4358 memoe

563 4384 683 4430 rato
708 4376 945 4446 pontiﬁci
977 4379 1195 4448 suisque
1223 4383 1643 4448 successoribus,
1687 4400 1788 4441 una
1825 4400 1950 4453 cum.
1986 4387 2158 4457 servis

563 4467 661 4524 Dei
689 4467 819 4524 inibi
840 4468 949 4527 Deo
971 4467 1375 4548 famulantlbus,
1395 4488 1492 4541 pro
1513 4475 1666 4531 nobis
1689 4486 1847 4546 atquc
1874 4493 1970 4548 pro
1991 4479 2157 4534 stabi-

562 4557 712 4614 litate
738 4559 887 4630 regni
917 4561 1081 4616 totius
1103 4577 1132 4616 a
1157 4563 1266 4626 Deo
1291 4566 1443 4620 nobis
1473 4568 1711 4622 concessi
1741 4557 1904 4638 atque
1929 4585 2150 4626 conser-
2184 4568 2236 4628 D

562 4650 746 4715 vandi,
797 4666 919 4708 cum
967 4652 1116 4709 clero
1162 4656 1463 4727 populoque
1509 4658 1609 4713 sibi
1655 4659 1899 4729 subjecto
1949 4662 2158 4737 Domini

563 4742 985 4800 misericordiam
1007 4759 1232 4813 exorare
1253 4749 1568 4806 delectetur.
1603 4751 1667 4806 Et
1688 4761 1746 4806 ut
1764 4740 1880 4808 lucc
1907 4757 2157 4824 praecepti

563 4837 731 4892 nostri
756 4838 1042 4894 auctoritas
1070 4839 1277 4900 ﬁrmior
1306 4841 1585 4909 habeatur,
1615 4852 1670 4900 et
1691 4859 1791 4915 per
1815 4847 1989 4903 futura
2019 4859 2154 4904 tem-

564 4942 693 4998 pora
721 4939 1100 4996 conservetur,
1133 4945 1292 4987 manu
1326 4933 1537 5004 propria
1575 4937 1760 4993 subter
1799 4937 2154 5011 ﬁrmavimus,

562 5028 619 5074 et
641 5020 997 5091 impressione
1021 5025 1190 5095 nostri
1219 5026 1402 5094 annuli
1425 5027 1612 5099 subter
1639 5045 1764 5104 eam
1790 5033 2027 5102 roborari
2057 5033 2154 5094 dc-.

559 5125 851 5170 ετθνιιηυε.

635 5223 860 5298 signum,
883 5227 1056 5293 Caroli
1088 5227 1456 5300 gloriosissimi
1490 5233 1650 5303 regis.

636 5423 1202 5500 .‘mddratensispagus
1232 5429 1317 5484 hic
1346 5441 1432 5488 est
1465 5431 1848 5499 AtrabatenSts,
1885 5445 1940 5489 ut
1970 5438 2151 5498 natavi

562 5493 630 5568 ad
655 5493 828 5568 \litam
859 5493 1366 5568 sancti'Leodegarii
1401 5502 1451 5553 in
1483 5494 1684 5554 sacculo
1700 5493 1949 5560 secundo
1977 5493 2151 5562 Bene-

561 5563 784 5619 dictino.
814 5567 1071 5645 __Adverte
1102 5563 1804 5645 ltic__t_itul_utn_nobilissimi,
1847 5592 2005 5645 quem
2047 5582 2145 5633 sibi

563 5651 728 5698 unum
763 5636 1003 5718 tribuunt
1027 5641 1160 5709 regii
1193 5640 1363 5695 liberi.
1396 5641 1517 5718 _Nec
1552 5643 1768 5718 mirum,
1790 5636 2016 5715 'qu'ando
2048 5651 2147 5718 ipsi

563 5721 755 5789 reges,‘
774 5707 880 5759 itno
899 5707 1496 5789 letirnpjeraloresnltoc
1529 5707 1902 5789 nomine-olim
1932 5707 2146 5789 glariati

566 5786 710 5859 sunt.
737 5774 874 5846 Lege
895 5774 1155 5860 Gali-liciis
1182 5780 1406 5860 Trivorii
1437 5784 1868 5860 observationem
1893 5774 2146 5860 apologis;

568 5851 748 5924 ticam,
799 5849 973 5918 capite
1004 5849 1086 5917 lt),
1132 5859 1181 5904 et
1228 5851 1472 5906 chartam
1517 5853 1776 5911 Sansonis
1823 5849 2145 5918 Ritetttettsis

2269 3225 2592 3300 pauperibus
2616 3237 2889 3297 erogatur,
2911 3230 3006 3284 Sed
3031 3229 3312 3298 unicuique
3337 3232 3490 3301 quod
3519 3233 3588 3287 ad
3612 3244 3782 3288 meritam

2266 3314 2649 3390 beatitudinem
2698 3333 2794 3385 pro
2836 3317 3043 3388 jnstitia
3096 3329 3398 3387 reputatur.
3461 3321 3598 3378 Ideo
3629 3322 3774 3389 ὠθέει

2264 3424 2502 3479 amorem
2534 3410 2792 3480 donamus
2819 3411 2887 3466 ad
2919 3413 3088 3481 ipsum
3115 3422 3361 3469 sanctum
3395 3415 3588 3472 locum
3614 3415 3769 3483 superius

2264 3499 2690 3571 denominatum,
2723 3500 2812 3555 ubi
2843 3502 3092 3576 praesenti
3125 3513 3372 3572 tempore
3405 3504 3786 3562 Fardullusshb:

2264 3607 2384 3652 cum
2416 3607 2603 3647 norma
2633 3592 2862 3660 plurima
2887 3593 3272 3649 monachorum
3297 3611 3649 3664 conversare,
3669 3609 3795 3664 regere

2263 3683 2348 3748 vel
2397 3684 2696 3753 gubernare
2723 3682 2935 3739 videtur
2960 3701 2980 3757 :_
3011 3685 3133 3754 villa
3166 3696 3348 3741 nostra
3381 3696 3710 3758 nuncupatus
3731 3685 3798 3739 Pu-

2265 3775 2406 3843 tialis
2435 3775 2485 3828 in
2517 3790 2653 3845 pago
2682 3787 2708 3817 α
2735 3775 3024 3846 Adratinse
3049 3818 3065 3843 ,
3113 3790 3236 3833 cum
3283 3777 3403 3831 illas
3445 3780 3694 3835 ecclesias
3723 3789 3804 3845 qua

2265 3878 2390 3940 sunt
2419 3877 2746 3940 constructa)
2779 3869 2830 3922 in
2861 3869 3066 3940 honore
3093 3871 3262 3924 sancti
3295 3870 3517 3926 Vedasti
3541 3917 3558 3941 ,
3605 3873 3678 3928 vel
3702 3879 3805 3926 cete-

2262 3973 2443 4014 rorum
2495 3968 2804 4014 sanctorum
2856 3976 2979 4016 cum
3033 3963 3366 4032 appendiciis
3415 3966 3580 4032 suis,
3636 3967 3680 4021 id
3721 3972 3809 4018 sunt

2262 4047 2699 4118 Gunbodecurte,
2734 4067 2830 4107 seu
2860 4053 3305 4121 Postonevillare,
3336 4057 3423 4111 vel
3456 4057 3808 4115 Bertinocurte.

2261 4153 2470 4195 necnon
2517 4150 2573 4196 et
2618 4141 2670 4196 in
2719 4142 2962 4199 Linarias
2987 4184 3004 4211 ,
3052 4161 3147 4200 seu
3176 4155 3229 4201 et
3260 4147 3312 4200 in
3345 4147 3617 4206 llodricio
3658 4151 3700 4202 in
3734 4149 3810 4217 jar:

2261 4231 2408 4290 dicto
2450 4247 2584 4302 pago
2613 4233 2932 4300 Adratinse;
2983 4245 3040 4289 et
3081 4235 3134 4289 in
3177 4236 3578 4307 Magrasmvilla
3635 4245 3681 4294 in
3718 4252 3814 4308 pago

2263 4323 2684 4391 Vertnandinse;
2734 4325 3134 4384 Frisionecurte
3164 4344 3258 4384 seu
3303 4341 3357 4385 et
3387 4333 3758 4398 Agnonocurte
3779 4330 3814 4382 in

2262 4428 2396 4487 pago
2436 4415 2841 4486 Ambianense;
2891 4416 3101 4471 Vvalliu
3154 4419 3206 4471 in
3258 4434 3393 4489 pago
3431 4419 3816 4482 Camaracinse;

2261 4505 2375 4580 ipsa
2409 4505 2524 4562 loca
2557 4507 2807 4578 superius
2851 4519 3142 4576 praenotata
3189 4524 3310 4564 cum
3350 4512 3504 4565 omni
3552 4513 3820 4583 integritate

2265 4596 2351 4671 vel
2379 4597 2650 4671 soliditate
2680 4614 2894 4662 earum,
2931 4600 2979 4652 id
3013 4609 3096 4669 est
3127 4615 3228 4654 una
3257 4615 3378 4661 cum
3411 4604 3604 4670 terris,
3639 4603 3818 4662 mansis,

2262 4686 2532 4753 domibus,
2552 4689 2926 4758 superpositis,
2946 4690 3215 4764 mdiftciis,
3235 4692 3521 4760 praesidiis,
3546 4691 3821 4760 mancipiis,

2262 4780 2556 4851 inquilinis,
2588 4784 2894 4846 accolabus,
2930 4784 3163 4862 libertis,
3200 4786 3374 4844 servis
3403 4797 3512 4840 tam
3545 4787 3822 4855 ibidemque

2260 4873 2521 4938 oriundis,
2557 4889 2715 4942 quam
2746 4884 2799 4927 et
2829 4874 3044 4927 aliunde
3077 4875 3377 4940 translatis,
3408 4878 3642 4944 campis,
3668 4879 3822 4946 pratis,

2270 4964 2508 5032 pascuis,
2543 4965 2714 5032 aquis,
2747 4981 3076 5034 aquarumve
3107 4967 3442 5031 decursibus,
3478 4970 3762 5023 mobilibus
3786 4973 3826 5017 ct

2261 5054 2645 5121 innnobilibus,
2672 5055 2864 5124 grmgis
2885 5071 3005 5109 cum
3031 5056 3351 5129 pastoribus,
3378 5057 3602 5130 perviis,
3631 5057 3827 5128 publicis

2261 5147 2444 5219 psaltis
2474 5156 2649 5216 atquae
2679 5147 3000 5224 subiunctis,
3037 5151 3116 5203 vel
3153 5151 3406 5223 omnique
3440 5152 3750 5218 praesidium
3784 5158 3825 5202 et

2262 5239 2569 5305 universum
2605 5215 2852 5308 meritum
2881 5284 2896 5311 ,
2947 5254 3000 5296 et
3049 5243 3113 5296 ad
3165 5243 3417 5317 praedicta
3449 5243 3567 5298 loca
3600 5244 3829 5315 superius

2257 5438 2781 5514 arcltiepiscopi,_ttbi
2811 5441 3147 5514 Ludovicum
3167 5443 3435 5514 juniorem
3466 5447 3827 5502 nobilissimum

2257 5511 2404 5586 d‘cit.
2435 5509 2633 5586 Confer
2657 5511 2888 5586 diploma
2915 5513 3088 5586 Caroli
3120 5509 3289 5584 Magni
3318 5516 3561 5580 proxime
3583 5533 3822 5586 sequens.

2255 5581 2435 5634 datum
2466 5583 2528 5633 ad
2558 5583 2979 5637 conﬁrmandam
3004 5581 3427 5640 Gisclte'sororis
3452 5601 3567 5639 suae
3594 5581 3826 5642 donatio-

2257 5669 2399 5726 nem.
2447 5652 2588 5726 Cum
2609 5653 2726 5726 lego
2759 5655 2866 5726 hac,
2899 5655 2952 5707 in
2977 5657 3174 5726 charta
3218 5659 3387 5710 locum
3421 5673 3483 5710 ex
3520 5656 3823 5726 Augustino.

2257 5723 2434 5798 videre
2465 5723 2592 5798 tnilti
2625 5724 2812 5798 videor
2841 5725 3074 5779 Cisalam
3118 5729 3295 5792 illam,
3338 5728 3389 5781 itt
3421 5727 3581 5794 cujus
3610 5723 3821 5798 gratiam

2255 5794 2512 5871 {\lCllllllls
2535 5793 2814 5862 Augustini
2832 5798 3260 5871 continentarios
3291 5811 3455 5869 super
3481 5793 3824 5871 Evatigcliutn

2254 5864 2472 5919 Joattuis
2503 5866 2554 5918 iu
2582 5867 2956 5935 cumpcltdium
2987 5868 3212 5937 redegit.
3360 5864 3376 5869 ⁷
3638 5864 3664 5871 ⁷
3918 5869 3919 5937 l
