3964 6344
149 379 244 435 985

408 367 639 437 CODEX
685 357 1211 420 DIPI.0.\IATICUS.
1243 387 1309 400 -—
1352 351 1768 413 PRIVILEGIA.
1805 380 1876 396 -—
1913 350 1954 406 I.
1997 348 2242 406 PRIVIL.
2283 347 2422 404 PER.
2457 343 2728 402 CALLIZE
2767 341 3050 400 PARTES.

3266 341 3369 400 986

147 491 392 548 nominata
425 485 665 552 aspicere
703 478 783 530 νει
832 476 1101 544 Pertinere
1132 470 1403 533 Vide“le
1453 478 1506 522 ει
1555 480 1693 534 μηδ’
1725 466 1770 526 Α
1799 483 1930 538 abba
1953 522 1969 546 ,
2001 490 2108 536 tam
2137 497 2234 551 pro
2261 496 2319 536 se
2346 495 2502 548 quam
2535 481 2692 533 etiam
2725 493 2820 544 pro
2859 479 3029 532 salute
3072 475 3379 538 animarum

147 583 268 639 scnti
299 592 532 646 tempore
563 575 758 629 ibidem
792 569 1078 641 posscdeo,
1113 562 1362 635 quicquid
1409 562 1541 614 intra
1587 568 1696 611 ter-

149 678 303 729 minos
342 679 432 725 aut
472 677 626 724 extra
675 664 969 726 terminos,
1023 671 1129 726 tam
1179 657 1246 710 de
1293 654 1449 708 alode
1495 661 1584 704 aut
1630 648 1698 702 de

151 773 430 830 comparato
457 762 543 825 vel
575 759 640 814 de
681 756 920 826 qualibet
960 753 1203 808 adtracto
1253 748 1318 807 ad
1365 760 1450 805 me
1498 741 1700 812 legibus

151 858 374 923 obvenit,
417 869 444 916 a
475 851 566 916 die
597 858 859 918 praasente
888 859 949 898 ac
981 843 1193 911 prmfata
1224 853 1346 895 casa
1380 836 1470 890 Dei
1503 835 1554 895 in
1587 832 1702 886 ale-.

151 949 324 1009 nioniia
355 945 431 1000 vel
476 941 779 1000 substantia
811 935 1194 992 monachorum
1235 929 1427 985 ibidem
1461 925 1704 979 Itabitan-

153 1045 269 1107 tium
298 1037 507 1093 Christo
539 1040 856 1103 protegente
883 1027 1129 1098 proﬁciat
1156 1026 1207 1077 in
1237 1027 1573 1090 augmentum
1592 1054 1606 1078 ,
1653 1021 1707 1067 et

153 1133 209 1193 de
231 1131 346 1201 jure
375 1142 494 1183 meo
523 1127 575 1182 in
601 1124 726 1197 jure
772 1131 827 1180 et
874 1117 1238 1178 dominatione
1277 1113 1443 1182 ipsius
1471 1107 1707 1171 basilicae

154 1205 290 1280 trado
316 1231 472 1297 atque
500 1216 855 1282 transfunda;
905 1213 977 1276 ita
1025 1219 1082 1264 ut
1130 1209 1198 1262 ab
1243 1223 1307 1264 ac
1349 1206 1436 1266 die
1483 1220 1580 1260 vos
1625 1201 1710 1271 vel

155 1330 470 1384 successores
501 1311 664 1370 vestri
713 1306 980 1372 habeatis,
1031 1302 1288 1364 teneatis,
1339 1297 1712 1370 pussedeatis,

156 1412 228 1470 vel
265 1404 506 1478 quicquid
555 1403 752 1460 exinde
802 1401 979 1455 facere
1022 1395 1339 1458 volueritis,
1391 1393 1612 1447 liberam
1661 1400 1717 1445 et

159 1501 493 1556 firmissimam
526 1496 823 1552 auxiliante
853 1492 1080 1546 Domino
1109 1490 1161 1544 in
1193 1488 1440 1543 omnibus
1471 1485 1717 1540 habeatis

159 1601 476 1663 potestatem.
511 1590 578 1644 Et
604 1596 662 1642 ut
690 1588 802 1641 base
827 1583 1042 1638 donatio
1071 1597 1100 1635 a
1129 1596 1215 1635 me
1242 1579 1379 1633 facta
1406 1575 1551 1631 omni
1584 1583 1719 1630 tem-

166 1700 279 1759 pore
303 1685 448 1738 ﬁrma
477 1692 532 1737 et
559 1680 874 1736 inconvulsa
904 1677 1080 1731 valeat
1107 1674 1418 1744 perdurare.

225 1775 429 1846 Signum
457 1773 499 1844 -ι-
529 1772 781 1842 Cltyselze
811 1768 1142 1822 nobilissima
1175 1766 1280 1819 lilia
1313 1761 1524 1833 Pippini
1553 1761 1718 1831 regis,

163 1869 240 1938 qui
269 1870 395 1920 hanc
419 1866 711 1922 donatione
739 1861 852 1915 ﬁeri
884 1859 1086 1930 rogavi.

229 1963 434 2034 Signum
464 1959 506 2031 -ι-
535 1956 713 2013 Caroli
745 1951 1062 2009 nobilissimi
1095 1948 1186 2004 lilii
1217 1947 1403 2003 domui
1423 1945 1602 2002 Caroli
1633 1959 1724 2000 re-

165 2055 235 2124 gis
261 2049 757 2124 prmocllentissimi.

232 2146 438 2216 Signum
466 2142 518 2214 ἰν
549 2141 756 2210 Pippini
809 2135 1128 2195 nobilissimi
1175 2133 1268 2189 lilii
1316 2131 1502 2188 domni
1547 2128 1726 2184 Caroli

170 2235 628 2313 praecellentissimi
658 2232 818 2301 regis.

164 2309 187 2316 ’⁷
237 2332 441 2398 Signum
468 2329 514 2398 1-
543 2323 820 2383 Cblodoici
865 2315 1180 2376 nobilissimi
1211 2316 1303 2370 lilii
1331 2313 1514 2370 domui
1543 2309 1728 2368 Caroli

179 2417 630 2493 prtecollentissimi
660 2415 824 2485 regis.

240 2509 544 2567 Wineradus
563 2502 925 2566 Cancellarius
953 2500 1132 2568 jussus
1158 2515 1187 2554 a
1216 2497 1486 2570 praedicta:
1512 2499 1725 2552 domnm

179 2603 401 2673 Cliyselae
423 2599 610 2668 scripsi
639 2605 694 2653 et
715 2594 1035 2661 subscripsi.

239 2695 369 2753 Data
391 2693 464 2748 ιιι.
491 2692 617 2760 Jun.
649 2703 792 2754 anno
823 2701 980 2750 χχιι..
1020 2693 1075 2738 et
1114 2696 1238 2738 snt
1277 2694 1497 2750 regnum
1548 2676 1733 2732 domni

182 2785 360 2838 nostri.
397 2786 578 2840 Actum
608 2779 774 2852 Aquis
804 2777 999 2850 palatio
1029 2776 1081 2830 in
1111 2772 1206 2829 Dei
1237 2772 1452 2834 nomine
1481 2767 1734 2826 feliciter.

179 2875 368 2935 Amen.

869 2938 1046 2996 LVIII.

187 3059 416 3126 Diploma
457 3054 624 3114 Caroli
669 3055 843 3123 Magni
884 3052 1186 3106 donationes
1223 3051 1383 3126 facta:
1421 3044 1737 3126 monasterio

256 3115 556 3254 Melissian
593 3145 624 3182 a
661 3115 801 3181 uni};
852 3139 1026 3179 sorore
1061 3138 1155 3176 sua
1197 3115 1551 3189 conﬁrmantis
1590 3115 1738 3174 (an-

256 3217 318 3253 no
353 3217 368 3253 ι
485 3237 501 3253 .

255 3217 318 3253 no
345 3199 442 3254 799

491 3287 670 3354 (Ex-D.
696 3292 936 3352 Iiouquet,
957 3285 1145 3339 Recuei!
1161 3285 1244 3334 des
1271 3281 1423 3345 Hist.)

249 3377 459 3434 Carolus
485 3378 578 3433 Dei
609 3377 774 3448 gratia
805 3390 898 3429 rex
930 3373 1254 3428 Francorum
1285 3376 1339 3423 et
1367 3363 1745 3436 Longobardo-

193 3489 293 3528 rum
332 3486 392 3527 ac
433 3468 682 3541 patricius
727 3469 1112 3522 Romanorum.
1144 3462 1199 3518 Si
1231 3476 1290 3518 ea
1311 3501 1325 3524 ,
1357 3473 1474 3528 qua:
1514 3473 1543 3510 a
1577 3457 1741 3510 Deum

200 3563 476 3634 timentibus
505 3560 812 3616 hominibus
855 3555 1268 3626 parentibusque
1300 3551 1494 3605 nostris
1525 3547 1589 3600 ad
1632 3548 1744 3600 loca

194 3665 470 3712 Sanctorum
501 3651 890 3709 venerabilium
935 3648 1120 3716 largita
1162 3645 1245 3698 vel
1286 3642 1584 3696 coodonata
1626 3653 1748 3692 esse

195 3755 485 3809 noscuntur,
516 3744 752 3799 oraculis
783 3738 978 3794 nostris
1009 3735 1391 3815 confirmamus
1411 3773 1426 3795 ,
1461 3733 1560 3785 boc
1594 3729 1746 3783 nobis

189 3837 518 3908 proculdubio
557 3837 623 3889 ad
669 3843 924 3888 aeternam
967 3825 1346 3884 beatitudinem
1391 3833 1443 3876 et
1483 3819 1747 3875 mercedis

188 3941 520 4001 augmentum
541 3971 555 3995 ,
585 3944 679 3983 seu
707 3925 1056 3982 stabilitatem
1090 3920 1236 3988 regni
1271 3915 1436 3970 nostri
1480 3913 1749 3982 pertinere

186 4024 513 4080 conﬁdimus.
545 4019 778 4087 Ideoque
805 4025 992 4070 notum
1021 4011 1090 4066 sit
1120 4009 1358 4063 omnium
1393 4005 1624 4059 ﬁdelium
1656 4015 1749 4054 no-

181 4126 402 4170 strorum
433 4109 823 4182 magnitudini,
854 4104 1196 4176 praesentium
1229 4099 1436 4154 scilicet
1465 4105 1518 4150 et
1547 4092 1750 4146 futuro-

177 4223 317 4271 rum,
361 4204 596 4275 qualiter
635 4200 856 4256 illustris
897 4197 1006 4250 Deo
1044 4199 1251 4247 sacrata
1291 4188 1471 4251 Gisla,
1513 4182 1748 4238 dilectis-

177 4299 302 4354 sima
358 4312 524 4362 soror
569 4305 745 4348 nostra
767 4333 785 4365 ,_
823 4287 1096 4345 serenitati
1137 4293 1334 4340 nostra:
1384 4277 1647 4350 suggessit
1685 4289 1752 4330 eo

177 4391 314 4459 quod
342 4389 463 4459 ipsa
486 4428 502 4449 ,
533 4385 828 4452 inSerante
871 4381 1048 4436 divina
1095 4375 1327 4444 potentia
1352 4415 1367 4440 ,
1417 4373 1623 4440 aliquas
1666 4381 1750 4422 res

174 4481 519 4555 proprietatis
551 4492 659 4535 suae
689 4476 755 4528 ad
786 4471 1162 4527 monasterium
1195 4477 1505 4520 sanctorum
1548 4467 1750 4528 marty-

1803 572 2050 628 videlicct
2081 572 2262 626 domni
2293 586 2356 626 ac
2383 571 2640 642 genitoris
2671 568 2836 622 nostri
2875 568 3076 636 l’ippiui
3103 566 3369 636 quondam

1803 663 2172 734 gloriosissimi
2201 664 2361 732 regis,
2387 671 2443 717 et
2471 661 2702 715 dominae
2729 659 3063 714 Bertradanre
3102 656 3385 728 genitricis

1807 767 2005 818 nostra:
2036 755 2339 826 plenissima
2368 754 2751 811 deliberatione
2778 750 3112 821 delegasset,
3138 757 3192 804 et
3233 747 3377 803 unde

1809 860 1861 906 et
1891 851 2064 920 ipsum
2095 856 2466 902 testamentum
2498 843 2798 899 donationis
2824 857 2936 897 sua:
2965 839 3118 898 nobis
3145 839 3386 895 ostendit

1811 939 1875 993 ad
1906 937 2279 1008 relegendum,
2311 935 2399 990 ubi
2438 934 2810 992 continebatur
2851 932 3081 1000 qualiter
3119 930 3270 986 dedit
3305 930 3370 984 ad

1814 1029 1986 1099 ipsum
2020 1030 2193 1088 locum
2227 1025 2403 1082 villam
2434 1032 2792 1091 nuncupatam
2833 1022 3094 1082 Puciales.
3121 1022 3277 1075 sitam
3324 1021 3388 1076 in

1815 1135 1949 1190 pago
1995 1115 2378 1181 Adrapatensi,
2407 1130 2528 1170 cum
2575 1113 2816 1170 ecclesiis
2854 1113 2926 1168 ibi
2971 1110 3288 1167 constructis
3329 1110 3383 1164 in

1818 1211 2017 1266 honore
2056 1210 2222 1265 sancti
2275 1207 2486 1262 Vedasti
2531 1207 2610 1262 vel
2654 1207 2878 1266 aliorum
2920 1217 3258 1265 sanctorum,
3301 1205 3394 1260 vel.

1815 1302 2062 1359 omnibus
2107 1298 2436 1368 appendiciis
2479 1298 2590 1353 suis
2630 1295 2696 1350 ad
2726 1311 2784 1351 se
2824 1295 3208 1368 pertinentibus
3250 1293 3394 1352 infra

1820 1407 2010 1463 pagum
2060 1391 2273 1459 ipsum,
2326 1387 2352 1428 ιι
2404 1386 2886 1452 Gnndltodocurte,
2949 1386 3392 1453 Postinevillare.

1822 1485 2235 1545 Berninocurte,
2281 1490 2337 1536 et
2383 1480 2436 1535 in
2479 1480 2717 1536 Linarias
2759 1493 2855 1534 seu
2883 1486 2939 1533 et
2991 1479 3043 1534 in
3093 1477 3390 1532 llodricio:

1823 1576 1874 1631 iu
1917 1590 2053 1646 pago
2099 1590 2226 1630 vero
2275 1572 2661 1628 Vermandcnsi
2693 1582 2715 1611 ο
2753 1570 3203 1641 lmuagrastuilla,
3245 1577 3300 1625 et
3338 1569 3392 1622 in

1827 1681 1960 1737 pago
2011 1665 2350 1727 Ambianensi
2404 1663 2799 1719 Fricionecurte
2844 1669 2901 1716 et
2945 1661 3394 1729 Maguonecurte:

1828 1772 2033 1819 necnon
2065 1757 2116 1810 in
2146 1769 2279 1826 pago
2308 1754 2682 1819 Cameracensi
2714 1753 2832 1808 loco
2856 1750 2941 1820 qui
2974 1750 3166 1804 dicitur
3193 1746 3394 1804 Walin.

1747 1840 1790 1899 Β
1827 1850 1932 1904 Sed
1968 1863 2063 1918 pro
2093 1847 2296 1916 integra
2327 1844 2575 1900 ﬁrmitate
2618 1844 2768 1913 petiit
2809 1858 2839 1896 a
2869 1840 3191 1897 celsitudine
3222 1848 3406 1894 nostra

1829 1949 1888 1994 ut
1917 1939 2163 2009 quicquid
2197 1941 2306 2005 ipsa
2340 1952 2460 1992 cum
2489 1935 2755 2006 mquitatis
2784 1933 2972 1988 ordine
3002 1933 3052 1986 in
3084 1929 3407 2001 supradictis

1828 2029 1960 2085 lucis
1999 2029 2062 2082 ad
2108 2027 2384 2096 praefatum
2432 2025 2812 2080 monasterium
2857 2033 3164 2078 sanctorum
3208 2033 3408 2091 marty-r

1831 2137 1951 2177 rum
1977 2120 2120 2190 juste
2146 2129 2199 2174 et
2231 2118 2618 2174 rationabiliter
2656 2117 2956 2186 delegavit,
3003 2130 3097 2184 pro
3137 2112 3410 2168 communi

1833 2211 2083 2266 mercede
2103 2252 2118 2276 ,
2150 2218 2204 2264 et
2237 2223 2332 2278 pro
2362 2217 2562 2263 arterna
2597 2207 3033 2262 remuneratione
3061 2205 3260 2260 nostris
3287 2219 3411 2259 ora-

1832 2304 1968 2358 culis
2015 2302 2208 2358 cedere
2254 2310 2307 2356 et
2347 2299 2664 2355 conﬁrmare
2692 2298 3030 2352 deberemus.
3063 2296 3224 2364 Cujus
3271 2298 3411 2364 peti-

1835 2397 2032 2456 tionem
2065 2410 2160 2464 pro
2203 2393 2387 2448 divino
2432 2391 2624 2446 intuitu
2676 2390 2942 2460 denegare
2986 2388 3284 2449 noluimus.
3317 2385 3413 2440 sed

1839 2487 1889 2542 iu
1915 2488 2258 2554 eleemosyna
2282 2494 2460 2549 nostra
2480 2482 2547 2549 ita
2579 2497 2674 2540 nos
2695 2481 2838 2550 quod
2860 2480 3234 2548 perpetualiter
3259 2493 3414 2533 mane

1836 2592 2018 2632 sur-um
2062 2590 2181 2656 esse
2222 2573 2507 2638 volumus,
2556 2580 2613 2626 ut
2661 2573 2904 2637 inspecto
2953 2571 3068 2639 ipso
3099 2577 3419 2624 testamento

1838 2668 2142 2724 donationis
2174 2682 2317 2731 sum,
2349 2667 2491 2720 sicut
2519 2663 2647 2718 inibi
2682 2662 3004 2727 declaratur,
3036 2661 3288 2730 deinceps
3326 2672 3418 2728 per

1841 2761 1982 2818 banc
2037 2767 2279 2812 nostram
2332 2756 2702 2812 auctoritatem
2755 2762 2914 2822 atque
2962 2750 3421 2808 confirmationem

1839 2852 2235 2920 suprascriptus
2263 2849 2345 2902 vir
2390 2845 2709 2902 venerabilis
2739 2842 2762 2882 ἀ
2798 2841 3063 2898 Fulradus
3103 2843 3272 2908 abba,
3315 2841 3423 2898 sui:

1841 2958 1943 3010 que
1992 2941 2042 2995 in
2085 2949 2398 3009 perpetuum
2431 2949 2770 2991 successores
2790 2977 2806 3002 ,
2837 2933 2924 3003 qui
2955 2932 3153 2988 fuerint
3190 2940 3425 2992 rectores

1846 3050 1941 3104 per
1971 3042 2209 3102 tempora
2243 3030 2412 3099 ipsius
2441 3027 2612 3082 sancti
2654 3026 2752 3080 loci
2775 3066 2788 3089 ,
2831 3023 2954 3094 jure
2997 3024 3312 3084 ﬁrmissimo,
3343 3030 3424 3076 te.

1844 3137 2001 3182 neunt
2057 3134 2214 3192 atque
2273 3121 2622 3191 possideant,
2665 3118 2917 3188 quatinus
2971 3119 3021 3171 in
3073 3116 3426 3172 luminaribus

1846 3219 2010 3286 ipsius
2040 3215 2281 3274 ecclesiae
2311 3229 2404 3269 seu
2435 3213 2701 3282 stipendia
2743 3225 3025 3266 servorum
3061 3210 3153 3264 Dei
3199 3209 3380 3265 omnia
3402 3249 3419 3274 ,

1845 3312 1984 3372 sicut
2032 3325 2189 3378 supra
2221 3308 2487 3370 diximus,
2543 3305 2891 3374 perbenniter
2921 3303 3200 3373 proﬁciant
3239 3302 3291 3356 in
3333 3317 3429 3356 aus

1843 3401 2098 3472 gmcntis.
2129 3400 2193 3454 Et
2222 3408 2274 3452 ut
2325 3398 2440 3455 hazc
2486 3395 2774 3450 auctoritas
2825 3396 3027 3448 ﬁrmior
3059 3393 3337 3457 habeatur.
3371 3405 3427 3449 et

1847 3510 1951 3564 per,
1975 3503 2219 3564 tempora
2251 3491 2443 3546 melius
2471 3499 2844 3553 conservetur,
2877 3503 3032 3542 manu
3062 3486 3270 3556 propria
3301 3484 3430 3542 sub.-

1847 3595 1928 3642 ter
1957 3586 2306 3650 ﬁrmavimus,
2338 3590 2388 3637 et
2419 3582 2616 3636 annulo
2647 3591 2832 3634 nostro
2865 3579 3060 3650 signari
3086 3578 3364 3648 iussimus.

1922 3677 2142 3746 Signum
2173 3673 2348 3730 Caroli
2380 3671 2758 3741 gloriosissimi
2787 3670 2948 3738 regis.

1926 3766 2185 3820 Genesius
2223 3763 2290 3819 ad
2330 3763 2502 3818 vicem
2545 3762 2862 3816 Ercaaibaldi
2904 3759 3122 3831 scripsit
3167 3769 3222 3817 et
3269 3772 3420 3815 reco-

1849 3858 2052 3928 gnovit.
2126 3871 2134 3877 '

1923 3949 2114 4001 Datum
2145 3945 2265 3997 ldus
2289 3943 2468 4011 Junii,
2497 3957 2638 3997 anno
2668 3956 2800 3995 xxxt
2828 3950 2880 3994 et
2910 3955 3053 4006 xxvi
3073 3939 3222 4008 regali
3250 3937 3432 3990 domui

1849 4040 2015 4095 nostri
2057 4036 2254 4091 Caroli.
2302 4039 2492 4090 Actum
2531 4033 2698 4102 Aquis
2740 4031 2942 4101 palatio.
2977 4030 3029 4083 in
3074 4027 3166 4083 Dei
3212 4027 3432 4091 nomiue

1853 4131 2095 4190 feliciter.
2128 4129 2319 4190 Amen.

2576 4191 2712 4248 LIX.
2807 4195 2812 4201 ’

1891 4307 1914 4335 ε
1954 4292 2123 4350 Caroli
2155 4288 2334 4361 Magni
2361 4285 2591 4361 diploma
2623 4280 3064 4361 pr_o__mannsterio
3098 4275 3394 4334 Centulensi

2387 4379 2392 4384 ε
2421 4353 2429 4358 ⁷
2477 4359 2636 4425 (anno
2663 4353 2819 4422 798-).

2150 4473 2242 4535 (Ex
2271 4469 2472 4529 Mabill.,
2496 4468 2604 4518 Act.
2624 4469 2731 4516 0rd.
2758 4467 2807 4516 s.
2838 4464 3136 4520 Benedicti.)

178 4537 290 4627 rum
321 4537 564 4642 Dionpsii
588 4609 602 4632 ,
630 4565 832 4622 Rustici
857 4573 911 4619 et
936 4559 1255 4622 Eleutlterii,
1287 4557 1373 4610 ubi
1404 4553 1501 4619 ipsi
1531 4563 1756 4616 corpore
1784 4537 1835 4597 υ
1929 4559 2153 4615 Carolus
2189 4555 2354 4627 gratia
2398 4553 2490 4608 Dei
2534 4568 2625 4607 rex
2675 4551 3000 4606 ιεἠηοητυη,
3043 4555 3098 4600 ει
3137 4543 3438 4610 ιεηεοιηιν.

173 4639 553 4735 requiescunt,
601 4667 654 4713 et
700 4657 786 4711 ubi
833 4662 1028 4724 praeest
1070 4647 1387 4706 venerabilis
1437 4657 1460 4685 ο
1494 4639 1755 4698 Fulradus

243 4803 268 4830 ⁸
297 4795 424 4848 .lam
461 4791 666 4848 obierat
696 4787 958 4842 Fulradns
1001 4784 1069 4840 ab
1107 4797 1251 4840 anno,
1285 4780 1432 4845 784;
1475 4777 1756 4844 legendum

179 4863 498 4929 Fardulfus,
536 4869 592 4914 ut
622 4863 671 4913 in
702 4856 970 4928 superiori
994 4855 1178 4922 charta
1215 4853 1378 4922 ipsius
1407 4851 1566 4905 Cislm
1598 4849 1761 4901 dona-

175 4937 347 4988 tiones
375 4933 704 4988 centincnte.

248 5010 276 5047 b
317 4987 373 5057 in
409 4987 726 5070 praecedenti
757 5002 973 5057 cbarta.
1015 4994 1407 5050 Gunbodeourte
1443 5006 1532 5044 seu
1576 4987 1764 5042 Pasto-

173 5074 453 5135 ncvillare.
484 5073 560 5126 vel
589 5071 960 5128 Bertiuocurte.

249 5155 273 5182 ε
316 5143 464 5199 Ibid.
523 5139 914 5212 Magastrovifla
947 5175 962 5193 .
998 5177 1013 5191 .

175 5215 562 5282 Aguonocurte.

250 5285 278 5322 δ
326 5283 634 5349 Legendum
655 5323 669 5345 ,
703 5277 1011 5347 Fardnlfus.

254 5365 280 5392 ⁸
315 5345 434 5408 Hoc
460 5351 692 5418 diploma
711 5392 726 5414 ,
755 5345 1065 5418 quod-anno
1095 5345 1289 5418 Christi
1321 5346 1424 5418 798
1452 5356 1767 5418 concessum

181 5435 303 5486 est,
337 5424 444 5475 duo
476 5413 573 5476 nos
602 5413 810 5474 docet':
842 5420 1012 5488 primo
1057 5416 1274 5488 Argnbii
1308 5417 1512 5488 situm,
1559 5413 1626 5468 de
1665 5428 1772 5481 quo

178 5493 450 5550 Alcuinus
479 5493 532 5545 in
561 5493 758 5562 hymno
786 5487 854 5544 de
882 5498 1070 5543 sancto
1102 5487 1356 5542 Ricbario
1390 5503 1401 5514 -

503 5581 578 5630 'l‘u
597 5580 804 5630 fundasti
819 5580 1092 5629 emnobium

504 5640 632 5691 Loco
651 5654 802 5703 prOpe
820 5641 1091 5703 Argubium
1115 5653 1128 5688 :

503 5704 565 5753 Et
587 5702 718 5752 aliud
743 5705 792 5750 in
815 5702 1041 5758 Centulo,

500 5766 658 5816 Ambo
681 5767 888 5826 perenni
912 5765 1106 5812 merito.

187 5851 248 5909 In
283 5849 751 5907 observationibus
796 5847 862 5902 ad
907 5847 1081 5904 Vitam
1123 5847 1292 5904 sancti
1335 5843 1566 5901 Bicltarii
1603 5842 1780 5912 conje-

1047 5175 1061 5191 .
1095 5177 1112 5195 .
1154 5135 1531 5189 Frisionecurte
1578 5145 1668 5184 seu
1719 5138 1767 5183 et

1861 4653 2048 4708 dorum
2097 4664 2158 4704 ac
2187 4646 2440 4718 patricius
2471 4642 2853 4697 Romanorum.
2881 4635 3139 4706 Quicquid
3180 4634 3320 4688 enim
3367 4631 3438 4686 ob

1861 4796 2126 4842 ctavcram
2152 4781 2436 4852 Argubiom
2459 4777 2618 4852 situm
2644 4771 3196 4852 fuisse_pr0pe__sil1am
3217 4765 3442 4847 Criscia-

1861 4839 2077 4910 eeneem
2104 4853 2193 4922 Ide
2212 4839 2433 4919 C'ressi],
2466 4847 2517 4900 in
2551 4863 2650 4922 qua
2682 4844 2895 4922 condita
2911 4843 3058 4922 _rella
3086 4839 3435 4922 Coronensis.

1862 4908 2235 4992 cotijecttiram
2268 4908 2440 4992 meam
2470 4908 2656 4992 probat
2689 4917 2787 4992 ltoc
2815 4914 3044 4977 diploma
3077 4909 3163 4962 ubi
3183 4908 3436 4992 legimus,

1845 4976 2046 5063 ,λιιιῖιᾶ
2063 5001 2279 5046 sanctus
2293 4976 2572 5042 Richarius
2591 4989 2642 5063 in
2663 4985 2790 5063 silva
2815 4976 2934 5051 qua:
2949 4989 3167 5034 voratur
3183 4976 3438 5063 Ferasiis.

1868 5048 2032 5132 prope
2061 5064 2345 5117 cisternam
2369 5073 2488 5128 qua:
2506 5067 2600 5132 est
2610 5058 2749 5132 iuxta
2774 5048 2948 5132 locum
2973 5060 3308 5132 nuneupante
3328 5048 3436 5132 βπ·-

1867 5118 2084 5205 ᾇιιιιῖιίπι
2107 5175 2122 5200 ,
2155 5134 2206 5205 in
2250 5133 2366 5198 ipso
2389 5118 2541 5205 ’βλιχςο
2570 5118 2810 5188 Pontivo,
2840 5124 2940 5178 sibi
2982 5123 3057 5203 ad.
3091 5118 3436 5205 habitandum

1870 5189 2145 5270 Ziegeritﬁ
2172 5201 2241 5255 At
2271 5189 2744 5270 vero'Forestense
2774 5193 3154 5270 mouasteriunt
3185 5189 3441 5269 hactenus

1871 5258 2198 5343 conspicitur
2227 5285 2331 5325 non
2365 5271 2522 5343 lange
2543 5282 2578 5343 _a
2610 5267 2794 5321 dextra
2827 5265 3086 5343 S_o-m_en:e_
3114 5261 3230 5343 ripa
3244 5298 3262 5343 ,-
3296 5258 3440 5310 inter

1873 5331 2256 5401 abbaiisvillam
2302 5351 2356 5395 et
2397 5331 2648 5406 op'pidum
2690 5335 2861 5390 sancti
2893 5331 3161 5406 Walarici.
3201 5331 3441 5384 Alterum

1877 5416 2106 5470 notabile
2153 5422 2236 5466 est
2281 5401 2447 5478 quod
2473 5408 2699 5461 Carolus
2737 5407 2801 5457 ad
2842 5405 3076 5478 diploma
3117 5401 3218 5456 hoc
3246 5412 3441 5478 conce-

1877 5467 2105 5542 dendum
2139 5467 2385 5536 inducias
2413 5480 2476 5532 sit
2511 5478 2803 5542 Angilbcrti
2839 5495 2857 5528 ι
2889 5467 3107 5526 servitio
3129 5481 3190 5542 et
3235 5467 3443 5522 meritis

1878 5539 2342 5622 componentibus.
2385 5569 2407 5602 ι
2456 5539 2701 5622 Acceptis
2750 5545 2832 5622 bis
2881 5545 3072 5599 litteris
3109 5539 3444 5622 .Forestense

1881 5608 2261 5681 monasterium
2305 5608 2614 5674 Centulensi
2653 5619 2923 5671 subditum
2956 5613 3149 5668 mansit
3190 5626 3284 5678 per
3325 5608 3444 5663 lon-

1881 5712 2004 5764 gum
2035 5707 2284 5762 tempus:
2319 5693 2498 5759 ibique
2539 5688 2787 5764 collocati
2837 5698 2946 5764 tum
2995 5682 3251 5764 monachi
3269 5721 3302 5764 ..
3331 5691 3442 5731 tum

1883 5751 2275 5829 cationici,'sub
2307 5751 2567 5828 potestate
2593 5760 2801 5812 abbatis
2845 5755 3186 5829 Centulensis
3213 5770 3228 5810 :
3271 5751 3451 5829 donec

1888 5820 2206 5911 procedente
2236 5820 2476 5904 tempore
2505 5831 2678 5887 denuo
2710 5830 2760 5885 in
2803 5826 3030 5884 abbatis:
3075 5825 3282 5882 titulqu
3329 5820 3442 5874 hace
