3964 6344
566 279 671 358 98".

1455 281 1513 335 Β.
1557 279 1808 337 CAROLI
1851 277 2063 335 MAGNI
2107 277 2260 332 OPP.
2305 277 2480 334 PARS
2519 279 2560 349 Ι,
2600 281 2843 340 SECTIO
2886 283 2952 340 ll.

3733 295 3822 350 938

561 409 800 452 amorem
831 393 1042 451 Domini
1075 393 1239 449 nostri
1271 393 1398 450 Iesu
1426 393 1620 448 Christi
1654 406 1707 450 et
1738 394 2136 464 Opporttmitate

2247 388 2403 455 tatis,
2435 391 2828 462 concessionis,
2861 406 3023 464 atque
3050 394 3470 468 conﬁrmationis
3513 414 3820 474 praeceptum

561 502 840 542 servorum
875 489 966 542 Dei
998 487 1061 541 ad
1095 489 1207 542 loca
1257 494 1562 541 sanctorum
1610 487 1850 541 benivola
1880 487 2150 541 delibera-

561 581 710 635 tione
738 581 976 636 cedimus
1008 581 1088 635 vel
1119 579 1534 645 conﬁrmamus,
1587 579 1688 634 hoc
1737 581 1888 634 nobis
1934 579 2001 633 ad
2053 594 2150 632 au-

559 680 835 741 gmentum
862 671 1127 726 mercedis
1151 686 1246 726 seu
1277 671 1616 734 stabilitatem
1648 673 1796 741 regni
1823 672 1996 725 nostri
2029 685 2152 740 per-

567 762 739 828 tinere
786 762 1129 826 conﬁdimus.
1179 762 1516 832 Quapropter
1558 775 1740 817 notum
1793 765 1864 818 sit
1909 765 2148 818 omnium

566 850 800 905 ﬁdelium
829 861 1133 906 nostrorum
1161 853 1507 924 magnitudini
1527 898 1542 921 ,
1575 855 1917 923 praesentium
1946 855 2148 913 scilicet

566 947 622 993 et
657 941 960 1002 futurorum
982 983 996 1007 ,
1031 944 1258 1013 qualiter
1286 943 1664 1014 Anghilbertus
1689 946 2016 1001 venerabilis
2056 948 2149 1002 ab-

561 1028 658 1085 bas
701 1046 762 1084 ex
817 1034 1139 1087 monasterio
1177 1033 1435 1101 Centulo,
1470 1037 1610 1105 quod
1655 1046 1738 1096 est
1781 1048 2146 1094 constructum

563 1121 618 1177 in
655 1121 858 1177 honore
890 1123 1096 1180 Domini
1127 1135 1180 1180 et
1214 1125 1505 1182 Salvatoris
1546 1128 1714 1188 nostri
1747 1128 1872 1184 Iesu
1902 1129 2101 1187 Christi
2129 1173 2145 1198 ,

558 1213 785 1284 ejusque
813 1227 1011 1280 sanctze
1057 1219 1328 1288 genitricis
1374 1233 1588 1286 semper
1617 1220 1837 1290 virginis
1881 1221 2060 1279 Mariae
2091 1233 2146 1280 et

557 1307 726 1365 sancti
763 1306 901 1363 i‘etri
927 1348 943 1373 ,
975 1319 1389 1379 ceterorumque
1415 1311 1650 1366 omnium
1688 1313 2049 1382 apostolorum
2091 1323 2147 1371 et

561 1397 851 1451 multorum
885 1399 1204 1455 Sanctorum
1228 1441 1242 1463 .
1277 1402 1328 1458 in
1358 1417 1464 1472 quo
1491 1404 1654 1472 etiam
1685 1413 1901 1461 sanctus
1945 1406 2144 1462 Richa-

564 1487 674 1542 ritts
723 1489 1163 1563 pra-c'arissimus
1212 1491 1408 1547 Christi
1458 1494 1737 1550 confessor
1784 1510 2009 1566 corpore
2050 1514 2142 1555 re-

558 1578 820 1646 quiescit,
851 1580 1009 1634 situm
1041 1581 1092 1634 in
1127 1595 1261 1650 pago
1295 1583 1555 1651 Pontivo;
1600 1585 1665 1640 ad
1708 1587 1952 1642 notitiam
1995 1604 2142 1645 sere-

556 1671 741 1724 nitatis
779 1684 976 1725 nostra:
1007 1674 1288 1741 perduxit,
1331 1690 1396 1737 eo
1436 1677 1579 1745 qttod
1629 1678 1744 1746 ipse
1789 1689 2005 1734 sanctus
2048 1680 2138 1735 Ri-

2255 487 2474 540 teneant
2503 492 2662 552 atque
2691 488 2995 554 possideant
3021 507 3032 541 :
3063 489 3134 542 ita
3167 501 3222 544 ut
3250 505 3279 544 a
3309 493 3473 548 modo
3501 504 3559 549 et
3587 496 3819 573 deinceps

2253 570 2365 627 laus
2397 573 2489 628 Dei
2519 585 2574 630 et
2613 579 2898 634 concordia
2940 597 3220 637 servorum
3270 585 3521 654 Domini,
3559 604 3661 657 pro
3700 570 3820 649 me}.

2249 665 2383 718 cede
2415 668 2609 720 anima:
2641 681 2862 739 nostra,
2887 673 2987 725 sub
3016 689 3199 727 norma
3227 676 3575 732 rectitudinis
3605 689 3661 734 et
3689 683 3820 741 unius

2249 753 2463 808 abbatis
2511 757 2760 824 nomine,
2810 761 3040 834 nostris,
3089 762 3198 816 Deo
3244 764 3491 832 favente,
3543 765 3820 838 futurisque

2251 845 2579 914 temporibus
2611 850 2912 916 perenniter
2942 863 3150 906 maneat
3190 854 3576 911 ittcunrulsutn
3604 873 3624 912 :
3664 864 3816 928 quati-

2253 949 2354 988 nus
2403 938 2592 990 melius
2633 938 2862 994 delectet
2904 942 3047 1009 ipsos
3096 957 3280 1000 semis
3329 945 3462 1020 Dei,
3507 945 3601 1016 qui
3647 949 3821 1007 ibidem

2257 1024 2370 1081 Deo
2400 1027 2645 1083 famulari
2676 1030 2944 1099 videntur,
2981 1048 3076 1102 pro
3107 1035 3258 1090 nobis
3285 1046 3338 1091 et
3364 1035 3562 1106 liberis
3592 1055 3685 1095 seu
3713 1056 3822 1102 cun,

2248 1129 2329 1174 cta
2363 1121 2526 1176 domu
2560 1133 2745 1196 nostra
2776 1133 2836 1197 et
2864 1141 2959 1194 pro
2990 1127 3280 1196 stabilitate
3309 1132 3466 1200 regni
3503 1132 3676 1187 nostri
3703 1133 3818 1204 jogi-

2248 1218 2329 1265 ter
2373 1209 2584 1282 Domini
2628 1215 3057 1271 misericordiam
3101 1233 3347 1276 exorare.
3393 1219 3465 1275 Et
3512 1231 3575 1275 ut
3603 1221 3715 1278 haec
3740 1237 3817 1276 au-

2245 1304 2471 1366 ctoritas
2518 1304 2724 1361 ﬁrmior
2762 1305 3041 1383 habeatur,
3096 1319 3152 1366 et
3193 1311 3468 1368 diuturnis
3513 1317 3815 1386 temporibus

2247 1391 2437 1447 melius
2467 1408 2858 1466 conservetur;
2895 1411 3055 1454 manu
3089 1402 3299 1470 propria
3346 1404 3548 1460 subter
3591 1408 3814 1464 robome

2244 1483 2582 1539 decrevimus
2602 1528 2617 1552 ,
2650 1498 2705 1544 et
2735 1489 2803 1543 de
2835 1492 2995 1545 anulo
3027 1502 3210 1550 nostro
3239 1495 3467 1563 sigillari
3495 1496 3767 1567 jussituus.

2315 1574 2536 1646 Signum
2564 1576 2740 1636 Caroli
2769 1581 3136 1649 gloriosissimi
3169 1584 3332 1656 regis.

2321 1669 2656 1725 Eranhaldus
2687 1673 2851 1742 relegi
2882 1682 2936 1727 et
2967 1659 3277 1742 subscripsi.

556 1761 779 1828 charius
807 1764 982 1818 adhuc
1029 1766 1079 1818 in
1127 1766 1374 1839 praisenti
1423 1768 1621 1822 saeculo
1663 1769 1885 1835 vivens,
1928 1771 1980 1826 itt
2025 1773 2136 1842 ipsa

2317 1758 2442 1813 Data
2473 1775 2547 1814 tttt
2574 1760 2692 1815 Kal.
2717 1762 2838 1817 Maii
2857 1752 2998 1831 anno
3027 1780 3218 1822 xxvttn
3241 1777 3294 1821 et
3323 1781 3440 1826 xxv
3460 1767 3614 1836 regni
3640 1769 3802 1830 nostri.

554 1851 687 1906 silva
719 1867 838 1923 qua:
871 1866 1091 1910 vocatur
1119 1855 1374 1922 Furestis,
1406 1872 1568 1926 prope
1597 1860 1881 1915 cisternam
1914 1879 2030 1932 qua:
2058 1873 2140 1936 est

551 1938 706 2011 juxta
761 1945 934 2004 locum
989 1957 1325 2014 nuttcttpante
1374 1950 1697 2019 Argubium,
1750 1955 1800 2009 in
1845 1955 1960 2023 ipso
2005 1973 2138 2026 pago

556 2029 816 2098 Pent-Ero,
861 2035 963 2090 sibi
1009 2039 1074 2091 ad
1125 2039 1471 2094 habitandum
1525 2041 1697 2097 locum
1750 2046 2040 2116 elegisset:
2085 2059 2141 2105 et

559 2123 701 2177 tirca
735 2124 901 2191 ipsam
929 2127 1218 2182 cisternam
1252 2131 1372 2186 bina
1404 2131 1484 2187 vel
1519 2143 1667 2188 terna
1700 2135 1953 2192 bunuaria
1985 2137 2134 2211 [Lrg.

551 2213 857 2284 bunuariis,
891 2217 1020 2296 etc.]
1053 2222 1348 2277 secundum
1392 2223 1510 2293 ejus
1552 2227 1858 2293 petitionem
1901 2246 1929 2283 a
1973 2232 2135 2301 regali

550 2303 817 2375 digniate
846 2323 1062 2378 accepta
1085 2354 1098 2375 ,
1131 2312 1262 2367 satis
1294 2314 1399 2369 vile
1431 2318 1696 2385 tugurium
1727 2329 1992 2380 amatores
2023 2339 2138 2377 ser-

553 2408 746 2452 Vurum
780 2399 873 2456 Dei
903 2403 952 2455 ei
981 2404 1046 2456 ad
1079 2404 1410 2459 militandum
1441 2409 1797 2478 omnipotenti
1826 2409 1935 2470 Deo
1963 2415 2136 2468 aedili-

550 2502 680 2544 care
729 2493 1090 2562 studuerunt,
1144 2497 1320 2566 ibique
1367 2500 1541 2554 divina
1591 2502 1872 2558 vocatione
1918 2519 1986 2560 ex
2036 2505 2138 2563 hoc

550 2581 748 2638 mundo
773 2583 839 2636 ad
873 2584 1153 2640 Dominum
1187 2588 1486 2658 ntigrasset,
1523 2591 1584 2644 Et
1617 2608 1720 2646 non
1756 2604 1876 2660 post
1904 2597 2130 2664 multum

555 2677 766 2737 tempus
813 2673 1005 2729 fratres
1036 2689 1064 2728 a
1100 2679 1320 2744 pra-fato
1369 2681 1692 2735 monasterio
1731 2682 1958 2737 Cetttttlo
1997 2686 2133 2740 tule-

559 2769 689 2814 runt
717 2776 926 2817 sacrum
958 2766 1071 2833 ejus
1100 2781 1331 2836 corpus,
1377 2780 1428 2829 et
1471 2772 1797 2840 sepelierunt
1840 2775 1968 2828 illttd
2009 2790 2132 2832 cum

554 2865 745 2921 magna
778 2858 1079 2912 reverentia
1112 2857 1162 2912 itt
1192 2864 1446 2929 praedicto
1469 2866 1792 2920 monasterio
1818 2885 1830 2920 :
1862 2882 1954 2935 per
1983 2869 2135 2945 cujus

549 2944 781 3012 merita,
815 2949 1181 3015 omniporente
1225 2952 1334 3007 Deo
1375 2966 1730 3024 cooperante,
1777 2958 1829 3014 in
1874 2959 1985 3029 ipsa
2029 2944 2136 3015 duo

548 3037 666 3092 loca
717 3040 883 3094 multa
934 3042 1198 3097 declarata
1249 3055 1371 3098 sunt
1422 3048 1703 3116 magnalia.
1756 3049 1885 3104 Nam
1936 3061 1993 3106 et
2037 3053 2134 3108 sub

547 3134 706 3188 unius
737 3135 944 3190 abbatis
973 3137 1213 3191 dominio
1245 3139 1425 3194 multis
1457 3141 1784 3210 temporibus
1813 3159 1916 3196 una
1947 3143 2135 3199 fuisset

550 3225 798 3282 Fratrum
829 3243 1058 3284 concors
1090 3231 1140 3285 in
1172 3231 1266 3286 Dei
1299 3233 1542 3291 laudibus
1571 3236 1726 3303 digna
1775 3240 2134 3295 conversatio.

545 3321 659 3384 Qua
708 3334 772 3376 ex
821 3335 884 3376 re
931 3323 1080 3389 petiit
1129 3323 1470 3380 clementiam
1522 3326 1668 3396 regni
1719 3329 1924 3394 nostri,
1977 3337 2037 3384 ut
2085 3331 2134 3384 in

547 3425 734 3467 timore
765 3411 972 3466 Domini
1006 3415 1173 3469 nostri
1204 3415 1332 3471 Jesu
1363 3416 1557 3472 Christi
1586 3428 1639 3472 et
1661 3421 1832 3472 sancti
1865 3419 2095 3476 lticharii
2119 3465 2133 3487 ,

548 3511 956 3572 ceterorumque
1003 3515 1342 3574 sanctorum,
1393 3523 1486 3572 pro
1535 3521 1819 3578 augmento
1868 3515 2132 3576 mercedis

553 3605 626 3643 no
658 3600 774 3654 trzn,
807 3591 972 3660 ipsam
1004 3595 1188 3648 cellam
1209 3637 1224 3660 ,
1257 3596 1310 3649 in
1340 3611 1441 3665 qua
1468 3596 1578 3652 Deo
1603 3609 1820 3654 sanctus
1846 3601 2131 3671 Ricltarius

557 3682 792 3735 militare
820 3684 1059 3750 studuit,
1091 3699 1184 3753 per
1211 3697 1536 3755 praeceptum
1567 3689 1898 3748 auctoritatis
1936 3704 2130 3748 no~trre

549 3772 618 3825 ad
649 3787 807 3841 supra
840 3776 1097 3844 scriptum
1128 3780 1510 3834 monasterium
1538 3779 1822 3836 Centulum
1841 3825 1860 3861 ,
1894 3785 1982 3840 ubi
2013 3786 2131 3856 ejus

549 3876 762 3917 sacrum
813 3867 1102 3934 requiescit
1134 3884 1363 3938 corpus,
1397 3869 1701 3938 plenissima
1745 3867 2130 3934 deliberatione

550 3956 748 4009 cedere
791 3967 843 4011 et
887 3959 1194 4015 condonare
1235 3962 1572 4018 deberemus.
1615 3963 1779 4032 Cujus
1821 3967 2130 4034 petitionem

544 4047 663 4116 ejus
716 4051 938 4105 servitio
990 4060 1046 4106 et
1101 4055 1306 4108 merit‘s
1358 4055 1808 4124 compellentibtts
1861 4057 2129 4127 denegare

545 4137 856 4193 noluimus:
890 4140 983 4195 sed
1017 4157 1112 4210 pro
1145 4146 1347 4199 honore
1375 4156 1428 4199 et
1455 4160 1640 4212 amore
1677 4145 1887 4202 Domini
1926 4157 1981 4204 et
2012 4152 2128 4206 Sal-

545 4232 749 4286 vatoris
778 4235 946 4290 nostri
975 4234 1102 4290 Jesu
1132 4235 1364 4303 Christi,
1399 4238 1482 4293 vel
1510 4253 1605 4308 pro
1634 4249 1833 4294 aeterna
1881 4256 2129 4300 remune-

555 4309 766 4382 ratione
812 4328 882 4380 ita
930 4330 1264 4384 concessisse
1309 4340 1363 4384 et
1408 4331 1458 4384 in
1504 4333 1755 4387 omnibus
1803 4335 2129 4392 conﬁrmare

551 4417 881 4485 cognoscite.
911 4417 1218 4473 Statuentes
1247 4436 1376 4488 ergo
1411 4422 1660 4490 jubemus
1682 4463 1699 4488 ,
1743 4425 1886 4492 quod
1938 4440 2126 4494 perpe-

543 4507 756 4563 tualiter
804 4509 945 4562 circa
996 4520 1350 4563 memoratum
1400 4514 1786 4567 monasterium
1836 4513 2122 4570 Centulum

542 4595 664 4666 jure
697 4597 1005 4652 ﬁrmissimo
1033 4614 1344 4654 mansurum
1377 4617 1498 4656 esse
1543 4603 1820 4667 volumus,
1869 4613 1928 4659 ut
1967 4621 2129 4674 supra

545 4691 778 4756 scriptus
809 4691 1227 4760 Anghtlbertus,
1261 4695 1454 4761 suique
1487 4693 1538 4746 in
1571 4704 1882 4762 perpetuum
1913 4710 2129 4749 succes-

545 4792 697 4832 sores
718 4820 732 4844 ,
764 4779 854 4848 qui
882 4778 1083 4834 fuerint
1111 4796 1206 4851 per
1239 4792 1476 4849 tempora
1509 4792 1747 4837 rectores
1795 4783 1960 4852 ipsius
2004 4799 2122 4837 mo-

545 4868 798 4934 nasterii,
831 4869 1191 4936 supradictam
1223 4872 1412 4926 cellam
1443 4871 1663 4926 Foreste
1693 4888 1812 4928 cum
1855 4873 1999 4927 omni
2041 4889 2130 4928 or-

545 4968 673 5014 natu
702 4960 948 5015 ecclesia
975 4971 1031 5017 et
1060 4963 1308 5017 omnibus
1338 4965 1497 5017 rebus
1529 4964 1612 5018 vel
1653 4966 1985 5033 appendiciis
2029 4980 2126 5024 seu

546 5049 859 5116 adjacentiis
889 5051 1002 5105 suis
1024 5093 1040 5119 ,
1071 5053 1322 5121 quicquid
1353 5052 1417 5106 ad
1453 5067 1688 5120 praisens
1714 5053 1855 5123 juste
1884 5061 1940 5108 et
1967 5058 2127 5108 ratio-

545 5143 797 5196 ttabiliter
855 5143 1128 5207 possidere
1185 5145 1424 5206 videtur,
1488 5153 1578 5197 aut
1633 5146 1843 5200 ittatttea
1901 5145 2127 5201 Domino

548 5237 815 5291 tribuente
844 5236 1039 5291 ibidem
1069 5237 1303 5291 additum
1335 5238 1415 5292 vel
1445 5238 1745 5305 delegatum
1773 5253 1892 5291 cum
1916 5235 2125 5306 justitia

543 5335 598 5383 et
628 5326 896 5397 mquitatis
927 5327 1117 5384 ordine
1147 5326 1339 5394 fuerit;
1388 5344 1481 5398 per
1529 5330 1633 5384 hoc
1674 5339 1873 5384 nostra:
1919 5331 2126 5387 sereni-

546 5481 680 5534 ceila
729 5490 907 5537 erecta
952 5490 1071 5546 cst,
1110 5497 1216 5552 quo
1258 5483 1309 5536 in
1351 5491 1492 5537 statu
1541 5483 1798 5537 hactenus
1844 5482 2122 5550 persistit,

547 5552 669 5603 licet
700 5553 998 5607 tenuissimi
1036 5555 1234 5608 reditus
1277 5553 1382 5617 sit,
1432 5554 1671 5621 pauculis
1720 5553 2000 5608 monachis
2050 5554 2121 5608 ibi

548 5621 936 5687 residentibus,
972 5623 1346 5676 corrttontibtts
1377 5623 1641 5676 aediliciis.
1673 5623 1729 5676 In
1762 5623 2125 5687 descriptione

549 5705 820 5774 censuum-
837 5695 1145 5774 monasterii
1188 5693 1529 5774 Ceutttlensis
1572 5693 1640 5746 ab
1687 5695 2124 5774 llericoiabbate

552 5763 686 5816 facta
714 5777 728 5815 :
759 5779 777 5814 t
802 5761 859 5818 In
889 5761 1255 5818 Forestiocella
1289 5764 1549 5820 habentur
1578 5773 1686 5820 tres
1714 5763 1985 5831 ecclesia,
2017 5764 2120 5835 pri-

2242 1950 2348 1995 ter.
2385 1942 2556 1996 Amen

2240 1851 2432 1919 Apinio
2465 1851 2634 1920 Aquis
2666 1855 2870 1922 palatio,
2894 1856 3138 1925 publico,
3181 1858 3233 1912 itt
3266 1856 3363 1931 Dei
3411 1859 3638 1915 nomine
3662 1859 3803 1917 felici.

2981 2013 3089 2069 LX.

2239 2101 2482 2175 Diploma
2527 2105 2702 2172 Caroli
2752 2105 2930 2184 Magni
2968 2108 3512 2184 quo_Cellam.-noooyn
3563 2116 3806 2184 conﬁrmi-

2550 2180 2856 2230 mouasterio
2878 2180 3155 2233 Auionmsi
3184 2187 3346 2248 (arma
3374 2183 3528 2254 799).

2547 2287 2640 2350 (Ex
2667 2289 2725 2340 D.
2752 2289 2998 2352 )iouquet,
3023 2290 3218 2344 Recueil
3236 2293 3325 2346 des
3349 2295 3504 2358 Hist.)

2307 2392 2533 2449 Karolus
2561 2397 2724 2464 gratia
2761 2397 2852 2452 Dei
2884 2413 2972 2453 rex
3003 2399 3329 2456 Francorum
3361 2412 3410 2457 et
3441 2401 3789 2474 Langobardi).

2237 2500 2354 2541 rum
2401 2501 2466 2542 ac
2507 2488 2763 2558 patricius
2807 2489 3191 2561 Romanorum,
3242 2497 3478 2552 omnibus
3520 2499 3782 2568 episcopis,

2237 2579 2542 2646 abbatibus,
2576 2581 2824 2650 ducibus,
2849 2584 3161 2650 comitibus,
3195 2587 3408 2650 vicarii-1,
3451 2589 3764 2654 centenariis,

2235 2684 2329 2725 seu
2360 2674 2566 2727 cunctis
2600 2673 2848 2731 ﬁdelibus
2870 2687 3070 2732 sancta:
3103 2678 3193 2733 Dei
3231 2678 3459 2733 Ecclesia
3483 2689 3534 2735 et
3563 2680 3762 2748 nostris,

2238 2764 2588 2833 pnesentibus
2618 2775 2671 2820 et
2709 2766 2922 2823 futuris.
2969 2768 3160 2824 Notum
3199 2771 3268 2826 sit
3292 2771 3500 2841 qualiter
3525 2772 3602 2825 vir
3626 2786 3775 2827 vene-

2236 2855 2420 2910 r..hilis
2471 2855 2790 2920 Benedictus
2829 2860 2962 2914 abba
3007 2870 3072 2932 et,
3112 2866 3434 2923 monasterio
3482 2873 3666 2918 sancta
3699 2863 3785 2923 Dei

2233 2949 2506 3018 genitricis
2549 2965 2870 3022 semperque
2897 2953 3119 3024 virginis
3150 2956 3354 3023 Mariae,
3398 2957 3540 3028 quod
3568 2968 3642 3012 est
3672 2971 3782 3012 eun-

2243 3048 2502 3096 structum
2533 3040 2586 3096 in
2629 3041 2748 3098 loco
2779 3054 3118 3112 nuncupante
3147 3047 3392 3114 Aniano,
3424 3048 3478 3101 in
3508 3062 3634 3118 pago
3657 3047 3778 3117 cujus

2245 3133 2555 3187 vocabulum
2589 3144 2670 3189 est
2695 3135 3123 3206 Magdalonense,
3155 3141 3435 3194 serenitati
3463 3151 3650 3198 nostra
3674 3157 3782 3209 sugs

2240 3225 2406 3293 gessit
2433 3227 2667 3295 eoqnod
2701 3229 2812 3295 ipse
2847 3245 2948 3282 una
2977 3245 3099 3285 cum
3126 3231 3410 3287 monachis
3434 3235 3554 3288 suis
3588 3234 3683 3289 loca
3703 3232 3769 3288 ali-

2239 3330 2340 3385 qua
2371 3331 2550 3371 erema
2582 3317 2713 3371 inira
2762 3320 2946 3384 iiscum
2993 3331 3239 3387 nostrum
3280 3334 3630 3392 nuncupante
3659 3321 3757 3377 1πεὶ-

2240 3411 2471 3472 niacum,
2500 3410 2721 3480 antiquo
2759 3428 2894 3468 vero
2924 3415 3182 3472 vocabulo
3210 3426 3435 3472 VOCuIIII‘
3467 3417 3748 3486 Fontetgrio

2237 3501 2384 3566 colae,
2437 3517 2577 3556 nunc
2605 3512 2782 3558 autem
2816 3503 3097 3562 Novacella
3142 3509 3470 3578 appellatur,
3517 3525 3667 3580 quam
3699 3507 3776 3574 ipsi.

2237 3593 2451 3661 proprio
2490 3609 2656 3662 opere
2700 3596 3131 3666 trditicaveruut;
3177 3603 3336 3656 etiam
3370 3609 3430 3655 et
3478 3605 3671 3659 molina
3702 3602 3774 3656 duo

2235 3683 2371 3738 infra
2403 3684 2568 3752 ipsius
2617 3688 2901 3742 terminum
2945 3689 3057 3744 lisci
3096 3705 3258 3760 super
3300 3691 3529 3747 ﬂuvium
3565 3693 3684 3750 Leto
3707 3690 3781 3745 risi

2233 3783 2357 3830 sunt
2400 3779 2764 3834 constrnxisse
2786 3820 2803 3846 ,
2852 3790 2907 3835 et
2953 3779 3093 3838 inter
3124 3797 3270 3854 mare
3296 3793 3351 3838 et
3396 3793 3652 3856 stagnum
3676 3785 3781 3852 loca,

2233 3864 2333 3934 qui.
2355 3875 2570 3920 vocatur
2592 3867 2894 3938 Porcarias,
2917 3886 3020 3927 una
3039 3887 3176 3936 cum
3197 3887 3460 3934 consensu
3484 3878 3728 3932 comitum
3747 3885 3787 3930 et

2234 3965 2539 4010 ceterorum
2571 3958 2997 4030 Christianorum
3031 3962 3102 4023 ibi,
3127 3964 3551 4034 circumquaque
3587 3966 3789 4022 habitan-

2236 4047 2361 4101 tium
2393 4049 2461 4104 de
2491 4051 2603 4104 loca
2639 4053 2852 4107 berema
2879 4054 3196 4124 accepisset.
3229 4055 3495 4112 Similiter
3518 4061 3573 4112 in
3602 4059 3706 4113 loco
3723 4056 3796 4126 qui

2233 4139 2428 4194 dicitur
2456 4141 2732 4214 Asogrado
2761 4142 2948 4198 cellam
2980 4145 3317 4212 aediﬁcasset,
3347 4163 3471 4202 cum
3495 4151 3649 4205 omni
3674 4148 3793 4220 adja-

2232 4233 2406 4288 centia
2437 4248 2529 4286 sua
2558 4251 2570 4286 :
2605 4235 2765 4289 etiam
2795 4245 2851 4294 et
2877 4237 2979 4291 alia
3011 4237 3124 4292 loca
3151 4238 3470 4308 Comajacas
3500 4250 3558 4295 et
3591 4241 3796 4296 Caecina

2232 4338 2394 4393 super
2421 4324 2640 4380 ﬂuvium
2691 4329 2984 4402 Araurem,
3021 4327 3108 4396 ubi
3153 4328 3348 4384 dicitur
3377 4331 3717 4396 Ad-Salices,
3743 4329 3796 4384 ad

2235 4431 2426 4486 pascua
2459 4428 2820 4472 armentorum
2852 4429 2904 4473 et
2930 4419 3118 4474 alenda
3167 4436 3380 4490 pecora,
3411 4437 3535 4476 cum
3571 4425 3692 4479 aliis
3712 4421 3796 4478 usi-

2233 4512 2330 4562 bus
2358 4507 2470 4562 suis
2511 4509 2766 4563 hactenus
2796 4509 3044 4580 habeant,
3086 4511 3152 4566 Et
3179 4512 3369 4566 asserit
3395 4527 3454 4566 se
3484 4511 3610 4569 haec
3644 4516 3801 4569 omnia

2232 4614 2353 4652 cum
2377 4599 2642 4666 aequitatis
2670 4600 2856 4653 ordine
2878 4601 3078 4669 absque
3108 4602 3250 4655 illius
3281 4602 3478 4656 inlicita
3509 4604 3797 4659 contrarieo

2233 4699 2343 4749 tate
2375 4690 2670 4757 possidere.
2717 4691 2823 4746 Sed
2857 4707 2951 4760 pro
2977 4691 3182 4762 integra
3221 4694 3472 4758 ﬁrmitate
3513 4697 3673 4762 petiit
3700 4694 3800 4750 Cel-

2229 4779 2447 4833 situdiui
2481 4791 2675 4838 nostra:
2718 4789 2773 4835 ut
2803 4781 3051 4852 quicquid
3083 4799 3225 4838 nunc
3273 4793 3516 4854 tempore
3545 4785 3669 4855 ipse
3695 4799 3800 4841 cum

2232 4869 2507 4924 monachis
2536 4872 2647 4924 suis
2691 4871 2834 4940 juste
2855 4885 2910 4928 et
2954 4875 3338 4932 rationabiliter
3365 4875 3433 4931 ad
3477 4892 3647 4947 supra
3678 4877 3801 4933 dicta

2229 4960 2349 5015 loca
2383 4961 2581 5017 habere
2609 4960 2923 5030 dinoscitur,
2949 4963 3124 5020 denuo
3145 4980 3240 5035 per
3262 4976 3459 5020 nostra:
3478 4968 3801 5024 auctoritatis

2231 5061 2550 5121 praeceptum
2597 5052 2645 5106 ei
2685 5065 2738 5107 et
2767 5054 3046 5110 monachis
3075 5058 3189 5111 suis
3215 5055 3342 5110 inibi
3373 5057 3474 5112 sub
3499 5072 3687 5114 saneta
3727 5073 3802 5113 re-

2200 5145 2344 5212 .gula
2369 5143 2786 5200 consistentibus
2805 5145 3110 5214 plenissima
3132 5147 3519 5206 deliberatione
3551 5165 3650 5217 pro
3673 5165 3802 5216 nter-

2227 5233 2357 5290 Cede
2399 5233 2594 5287 animm
2647 5243 2844 5291 nostra:
2873 5237 2938 5290 ad
2987 5237 3268 5307 praefatum
3300 5242 3689 5296 monasterium
3714 5255 3801 5296 ce-

2225 5324 2355 5379 dere
2399 5333 2456 5379 et
2489 5315 2843 5381 confirmare
2888 5327 3244 5384 deberemus.‘
3285 5328 3450 5399 Cujus
3495 5333 3802 5401 petitionem

2228 5495 2311 5535 ma
2344 5490 2544 5538 sancta:
2575 5479 2773 5545 Mariae,
2806 5483 3038 5540 secunda
3063 5487 3230 5540 sancti
3250 5486 3422 5549 Petri,
3450 5487 3607 5542 tertia
3634 5482 3802 5542 sancti

2231 5551 2508 5626 Richarii,
2538 5551 2625 5604 ubi
2658 5563 2785 5626 sunt
2822 5557 3022 5626 altaria
3073 5570 3204 5610 auro
3248 5567 3576 5626 argi-tuoque
3622 5567 3800 5624 parata

2229 5624 2488 5697 quinque,
2519 5633 2624 5697 etc.
2653 5623 2789 5697 §ttnt
2819 5624 2888 5676 ibi
2922 5625 3178 5680 Canonici
3211 5623 3450 5691 triginta,
3479 5623 3566 5697 qui
3601 5623 3802 5680 habent

2229 5693 2292 5744 ad
2322 5691 2583 5762 stipendia
2620 5691 2772 5745 villas
2802 5704 3047 5761 quatuor,
3076 5711 3093 5748 r
3122 5707 3251 5762 etc.,
3278 5697 3330 5753 itt
3371 5691 3622 5754 Chronici
3659 5698 3796 5756 Ceu-

2232 5761 2456 5820 tulensis
2483 5760 2572 5814 lib.
2611 5775 2693 5825 tu,
2728 5760 2847 5832 cap.
2882 5765 2936 5818 '5.
