3964 6344
120 381 215 437 939
375 374 610 431 CDDEX
655 365 1186 426 DlPLOMATICUS.
1227 393 1298 406 --
1336 358 1754 420 PRIVILEGIA.
1800 389 1868 400 —-
1909 359 1950 418 1.
1993 360 2242 418 Ριιιγιι..
2283 360 2420 416 ΡΕῆ
2463 359 2740 416 GALLl/E
2783 359 3075 418 PARTES.
3262 321 3365 417 99D

120 497 360 562 denegare
389 488 682 552 noluimus,
713 484 806 540 sed
838 484 892 538 in
915 478 1208 537 eiemosina
1238 484 1421 532 nostra
1451 475 1521 530 ita
1551 489 1678 528 con-
1712 480 1752 531 Α
1785 471 1996 525 minari.
2022 471 2330 528 Statuentes
2351 485 2479 541 ergo
2502 472 2751 542 iubemus
2775 482 2832 532 ut
2864 487 3037 542 neque
3061 486 3180 535 vos,
3199 486 3366 538 neque

119 560 345 648 cessisse,
367 596 419 642 et
451 583 504 638 in
533 581 781 636 omnibus
807 577 1153 633 conﬁrmasse
1174 569 1498 642 cognoscite.
1530 567 1675 622 Pras—
1776 561 2017 630 iuniores
2057 576 2153 616 seu
2179 576 2622 633 successoresque
2653 562 2835 626 vestri,
2887 563 2968 615 vel
3015 560 3268 631 quislibet
3296 576 3361 616 ex

121 682 356 750 cipieutcs
386 690 514 745 ergo
538 673 786 743 iubemus
812 678 870 724 ut
900 680 1073 732 neque
1102 678 1221 727 vos,
1249 658 1678 729 nequeiuuiores
1774 654 2050 724 iudiciaria
2085 662 2344 724 potestate
2371 655 2422 710 in
2451 653 2694 715 ecclesiis
2719 652 2803 706 vel
2829 651 2959 708 locis
2984 652 3066 707 vel
3097 654 3241 721 agris
3271 665 3370 750 seu

121 743 543 835 successoresque
577 767 873 816 memorato
901 757 1018 812 viro
1047 752 1340 810 venerabili
1387 749 1678 816 Benedicto
1781 746 2002 816 reliquis
2029 745 2455 816 possessionibus
2479 745 2830 814 suprascripti
2854 744 3162 800 monasterii
3192 743 3364 798 nostri

121 861 276 918 abbati
323 866 414 913 aut
466 852 873 911 successoribus
921 851 1034 906 suis
1078 847 1147 903 de
1179 861 1339 916 supra
1367 845 1507 899 dicta
1541 843 1675 908 loca,
1781 838 1846 892 ad
1873 852 2064 894 causas
2086 837 2402 893 audiendum
2425 881 2439 904 ,
2469 838 2555 897 vel
2598 837 2744 894 l'reda
2772 837 3004 908 undique
3029 837 3371 906 exigendum,

124 955 470 1020 undecumque
523 949 589 1001 ad
634 957 873 1016 praesens
915 940 1028 1010 ipse
1075 947 1130 994 et
1171 936 1416 992 monachi
1447 934 1528 990 sui
1560 949 1681 989 cum
1783 943 1883 985 nec
1911 931 2215 1020 mansiones
2241 938 2333 984 aut
2365 939 2575 999 paratas
2603 929 2928 992 iaciendum,
2971 929 3057 984 vel
3090 927 3374 1020 ﬁdeiusso-

124 1045 363 1116 eqnitatis
392 1041 582 1098 ordine
605 1054 666 1094 ac
690 1038 835 1109 iuste
863 1044 916 1091 et
943 1032 1330 1093 rationabiliter
1360 1029 1538 1085 vestiti
1564 1043 1684 1083 esse
1785 1035 1872 1075 res
1899 1019 2217 1116 tollendum.
2268 1029 2358 1116 αξξί
2399 1020 2647 1116 homines
2677 1021 2842 1091 ipsius
2876 1022 3122 1116 ecclesiae
3154 1019 3375 1116 distrin-

126 1109 415 1200 no-scuntur,
444 1131 745 1202 inquietare
775 1137 865 1182 aut
903 1125 1221 1181 calumniam
1261 1135 1541 1200 generare,
1583 1133 1687 1176 nec
1785 1111 2016 1180 gendum
2043 1149 2060 1177 ν
2108 1125 2209 1166 nec
2260 1111 2397 1202 ullos
2441 1110 2784 1202 red‘ibiliones
2838 1111 3217 1181 requirendum
3268 1109 3378 1202 ulla

126 1227 304 1298 aliquid
333 1197 535 1281 exinde
562 1230 746 1276 contra
785 1218 1045 1287 justitiam
1094 1198 1404 1269 abstrahere
1449 1218 1542 1273 aut
1587 1209 1688 1263 mi-
1788 1207 2312 1298 umquam-tempore
2341 1197 2547 1268 ingredi
2596 1207 2687 1252 aut
2707 1208 2976 1298 exactare
3021 1200 3380 1269 praesumatis.

127 1288 273 1385 ηυείιιο
317 1328 528 1385 quoque
572 1321 815 1381 tempore
851 1305 1226 1380 praesumatis;
1275 1301 1369 1357 sed
1407 1316 1502 1371 per
1551 1299 1690 1355 banc
1791 1289 1894 1346 Sed
1925 1289 2066 1360 quod
2098 1305 2194 1344 nos
2237 1300 2456 1360 propter
2485 1303 2677 1385 nomen
2707 1288 2932 1385 Domini
2953 1300 3007 1346 et
3050 1302 3247 1346 a-terna
3295 1306 3381 1346 re-

131 1381 348 1474 msuam'
404 1381 779 1461 amorim",
838 1415 999 1471 alque
1066 1395 1530 1454 οοηίιι-ωειίοιιειη
1594 1391 1692 1446 ha-
1792 1382 2158 1463 muneratione
2191 1382 2507 1437 indulsimus
2548 1381 2747 1474 adiam
2799 1381 3076 1466 pra-latum
3106 1393 3384 1438 ["0035in

132 1469 289 1563 beant
314 1499 364 1554 in
412 1499 722 1568 elemosyna
764 1469 946 1549 nostra
977 1491 1230 1560 omnique
1267 1496 1513 1556 tempore
1557 1497 1691 1540 con-
1792 1472 1950 1547 rium,
1985 1473 2237 1568 perennis
2269 1469 2869 1568 temporibus-proﬁciat
2906 1475 2959 1530 in
2993 1486 3378 1546 augmentum:

132 1605 336 1655 cessum,
395 1590 466 1643 ita
521 1595 586 1642 ω
623 1564 712 1642 'eis
759 1583 950 1640 melius
1005 1581 1232 1640 σθιεειει
1285 1596 1380 1649 pro
1437 1576 1593 1633 nobis
1641 1584 1695 1631 ει
1793 1573 2056 1636 quatenus
2094 1564 2301 1619 avidius
2330 1565 2560 1620 delectet
2603 1565 2748 1634 ipsos
2789 1580 2973 1622 servos
3005 1566 3136 1634 Dei,
3165 1569 3252 1636 qui
3285 1565 3386 1619 ibi-

135 1684 242 1740 ﬁliis
278 1696 339 1738 ac
387 1679 601 1737 ﬁliabus
656 1678 856 1732 ηοω-εδ
902 1690 998 1730 seu
1030 1679 1218 1729 cuncta
1252 1669 1451 1725 familia
1504 1667 1695 1722 domus
1795 1656 1915 1712 dem
1951 1656 2060 1711 Deo
2107 1655 2347 1734 l‘anntlari
2384 1657 2651 1722 videntur,
2689 1673 2786 1728 pro
2829 1661 2982 1714 ηοιιὶς
3009 1673 3280 1728 uxoreque
3324 1673 3389 1715 ao

137 1749 348 1838 ῂοειτω,
374 1754 604 1828 310mm
640 1767 835 1838 populo
865 1765 1040 1836 genus
1073 1770 1272 1818 nostra
1309 1759 1562 1815 attentius
1594 1757 1696 1812 Do.
1734 1834 1763 1838 Α
1796 1745 1979 1802 liberis
2023 1749 2217 1814 nostris
2265 1751 2516 1803 attentius
2570 1748 2779 1804 Domini
2821 1748 3242 1814 misericordiam
3288 1766 3387 1806 εχει

137 1833 261 1924 ξιιῑηῖ
291 1833 725 1920 misericordiam
754 1833 1000 1921 exorare.
1050 1857 1119 1911 Et
1157 1865 1213 1910 ut
1257 1855 1373 1924 limc
1409 1850 1701 1907 auctoritas
1731 1834 1778 1896 Β
1805 1855 1983 1900 orare.
2006 1841 2067 1896 Et
2097 1851 2152 1896 ut
2183 1841 2298 1896 ltazc
2326 1856 2589 1906 remsensa
2613 1842 2868 1896 uctoritas
2900 1842 3098 1896 nostris
3120 1851 3174 1896 et
3203 1841 3391 1896 futuris

141 1958 320 2012 ﬁrmior
360 1956 659 2016 habeatur,
704 1960 760 2007 et
809 1925 1074 2005 diuturnis
1122 1945 1452 2014 temporibus
1502 1941 1696 1997 melius
1799 1933 2128 2002 temporibus
2191 1932 2445 1987 inviolata
2491 1932 2779 2002 perdurare
2823 1933 3019 1995 valeat,
3073 1946 3259 1986 manus
3296 1946 3391 1984 uo-

140 2018 476 2113 οοήεθηθιυτ,
528 2059 723 2100 manus
775 2051 975 2096 nostra;
1025 2035 1311 2114 εῖεηπηιίε
1354 2034 1539 2110 subter
1577 2047 1697 2086 eam
1796 2033 1923 2078 straa
1973 2023 2258 2094 signaculis
2309 2039 2429 2078 eam
2481 2023 2814 2114 decrevimus
2877 2021 3114 2078 roborari
3150 2063 3165 2090 ,
3223 2031 3276 2078 et
3327 2023 3394 2077 de

143 2141 446 2202 decrevimus
485 2139 770 2200 roborare.
815 2143 870 2196 et
906 2133 974 2188 de
1012 2130 1175 2186 anulo
1231 2140 1413 2184 nostro
1437 2123 1696 2197 iussimus

1833 2115 1959 2172 nulo
1983 2126 2167 2171 nostro
2189 2117 2444 2185 iussimus
2472 2109 2688 2185 sigillari
2732 2125 2780 2169 ⁸.

141 2237 408 2377 “33min
431 2301 617 2358 Caroli
647 2294 1016 2372 gloriosissimi
1044 2293 1206 2366 regis.

209 2395 324 2450 Data
375 2398 428 2464 in
475 2409 663 2448 mense
705 2391 885 2455 Junio,
915 2403 1057 2462 anno
1107 2398 1233 2442 xxxi
1273 2391 1329 2438 et
1379 2396 1508 2451 xxvi
1551 2377 1701 2446 regni

153 2491 313 2548 nostri.
345 2487 530 2540 Actum
562 2484 731 2558 Aquis
773 2481 969 2553 palatio
999 2487 1207 2543 nostro,
1261 2490 1313 2529 to
1357 2471 1455 2544 Diei
1486 2470 1702 2525 nomine

152 2563 364 2634 feliciter.
397 2581 586 2645 Amen.

842 2642 985 2716 th.

146 2737 452 2809 Prmeptttm
485 2738 657 2795 Caroli
707 2737 885 2804 Magni
933 2735 996 2787 de
1041 2721 1706 2809 immunitate“‘monasterii

415 2808 720 2880 Corrofmsis
745 2799 1083 2880 [Cbarrouxi
1100 2809 1257 2874 (anno
1285 2799 1442 2868 799).

616 2898 707 2962 (Ex
729 2899 788 2948 D.
810 2898 1055 2960 Bouquet,
1071 2895 1211 2957 ibid.)

219 2983 432 3040 Carolus
455 2985 614 3055 gratia
648 2984 735 3038 Dei
770 2983 1096 3060 Francorum
1128 2993 1220 3034 rex
1246 2984 1304 3033 et
1333 2969 1710 3044 Langobardo-

153 3089 266 3137 rum
315 3084 367 3130 et
413 3075 654 3143 patricius
680 3076 1064 3129 Romanorum.
1110 3070 1400 3132 Maximum
1431 3063 1580 3135 regni
1612 3076 1708 3127 no-

1801 2301 1831 2344 ιι
1862 2299 2184 2373 Pra'ccptum
2217 2301 2391 2373 ϐίῃ-οη
2418 2230 2734 2372 mmihi-0
2775 2301 3039 2373 ntouacltis
3068 2301 3129 2358 S.
3183 2298 3398 2356 Martini

2265 2372 2577 2426 Turonensis
2608 2372 2767 2443 (anno
2791 2372 2944 2440 799).

1938 2463 2099 2527 (Apud
2127 2464 2434 2525 Martenium,
2460 2451 2575 2514 tum.
2605 2462 2623 2513 t
2647 2463 2797 2521 Thes.
2822 2461 3006 2515 Auecd.
3023 2461 3116 2513 col.
3145 2461 3246 2523 ιδ.)

1873 2546 2099 2605 Carolus
2127 2548 2294 2617 gratia
2348 2547 2441 2600 Dei
2474 2563 2567 2602 rex
2617 2546 2943 2603 Francorum
2991 2555 3048 2601 et
3097 2545 3404 2615 Longobar-

1804 2638 1993 2695 dorum
2032 2653 2094 2693 ac
2122 2639 2375 2706 patricius
2409 2637 2790 2702 Romanorum,
2824 2635 3072 2690 omnibus
3108 2635 3397 2706 episcopis,

1806 2727 2111 2792 abbatibus,
2152 2727 2386 2795 virisque
2434 2725 2749 2791 illustribus,
2801 2725 3044 2788 ducibus,
3091 2724 3398 2788 comitibus,

1807 2817 2139 2882 domesticis,
2171 2815 2521 2885 gralionibus,
2561 2815 2797 2882 vicariis,
2844 2815 3185 2882 centenariis,
3229 2813 3411 2884 iunio-

1809 2911 2064 2981 ribusque
2094 2912 2313 2977 nostris,
2343 2921 2504 2981 atque
2527 2911 2703 2965 missis
2730 2912 2927 2966 nostris
2955 2911 3404 2978 discurrentibus,

1811 2999 2162 3068 prazsentibus
2192 2999 2442 3056 videlicet
2465 3007 2520 3055 et
2546 2998 2758 3055 futuris.
2794 3001 2954 3055 Decet
2973 3001 3170 3056 etenim
3207 2999 3403 3070 reg-alis

1811 3091 2109 3150 clementia
2165 3092 2500 3162 dignitatem,
2560 3103 2748 3148 cuncta
2794 3108 2912 3160 quae
2959 3107 2989 3147 a
3041 3093 3411 3148 sacerdotibus

157 3167 249 3223 mi
289 3167 338 3222 ίη
368 3166 463 3222 "0c
491 3167 669 3237 “ﬁeri
707 3166 971 3221 "edimus
1013 3156 1512 3254 “‘“”i"‘°"mm{5i
1544 3156 1702 3254 bim”
1731 3191 1778 3254 (ζ
1811 3185 2138 3242 rationabilia
2168 3185 2432 3253 postulata
2464 3178 2891 3250 luerint,‘solerti
2923 3200 3048 3240 cura
3085 3185 3411 3254 prospicere,

155 3259 268 3321 licia
299 3269 548 3330 oportuna
597 3261 726 3314 locis
752 3260 1100 3322 ecclesiarum
1132 3254 1388 3312 benevola
1421 3249 1708 3310 devotione

155 3352 493 3422 concedimus,
524 3367 586 3407 ac
615 3351 840 3410 Domino
871 3357 1185 3420 protegente
1225 3343 1489 3401 stabiliter
1521 3341 1716 3408 perdite.

160 3459 266 3502 rare
286 3443 676 3510 conscribimus.
709 3444 869 3514 igitur
893 3453 1077 3497 notum
1099 3442 1170 3495 sit
1195 3437 1442 3492 omnibus
1473 3432 1718 3497 ﬁdelibus

167 3537 353 3605 nostris,
387 3537 737 3608 praesentibus
767 3534 972 3590 scilicet
1015 3542 1069 3588 et
1113 3531 1330 3598 futuris,
1371 3531 1601 3599 qualiter
1637 3530 1718 3583 vir

167 3627 358 3685 illustris
400 3629 678 3702 Rotgerius
705 3642 890 3684 comes
942 3625 1116 3686 ﬁdelis
1158 3635 1340 3681 noster
1385 3622 1452 3678 ad
1482 3633 1718 3677 nostraru

162 3725 365 3790 accessit
408 3723 780 3787 clementiam,
829 3729 885 3776 et
930 3717 1308 3774 monasterium
1359 3713 1720 3784 proprietatis,

160 3813 285 3883 quod
309 3815 416 3884 ipse
443 3829 584 3869 novo
610 3827 778 3883 opere
805 3813 859 3867 in
901 3811 1105 3864 honore
1148 3805 1360 3863 Domini
1391 3814 1447 3861 et
1485 3804 1725 3862 Salvato-

159 3906 224 3960 ris
244 3908 399 3962 nostri
432 3907 486 3962 in
513 3907 631 3961 loco
665 3911 969 3973 nuncupato
997 3900 1287 3974 Karrol’um
1315 3913 1477 3968 super
1500 3897 1726 3960 ﬂuvium

157 3997 370 4057 Karante
417 4000 473 4056 in
510 4013 646 4070 pago
677 3998 994 4054 Pictavense
1021 3995 1342 4062 construxit,
1385 4006 1508 4052 cum
1555 3989 1730 4046 omni-

156 4090 248 4146 bus
273 4093 428 4148 rebus
469 4102 527 4148 et
553 4089 886 4146 ornamentis
911 4085 1156 4144 ecclesite
1177 4125 1193 4149 ,
1225 4099 1320 4140 seu
1364 4080 1730 4138 voluminibus

157 4182 421 4248 librorum,
465 4191 523 4239 et
546 4197 667 4238 cum
691 4182 942 4238 omnibus
968 4177 1289 4250 appenditiis
1313 4176 1425 4233 suis
1455 4175 1548 4234 vel
1577 4173 1732 4242 adia-

155 4276 366 4344 centiis,
416 4277 474 4330 in
506 4275 751 4329 manibus
780 4273 978 4334 nostris
1007 4272 1318 4342 plenissima
1347 4267 1734 4324 deliberatione

156 4367 290 4422 visus
337 4379 426 4426 est
469 4368 740 4438 delegare,
801 4366 890 4421 ubi
934 4365 1108 4423 virum
1157 4361 1520 4418 venerabilem
1570 4357 1735 4414 David

152 4459 424 4520 constituit
461 4457 734 4514 abbatem.
781 4457 984 4512 Idcirco
1013 4455 1080 4509 ad
1128 4453 1244 4524 eius
1289 4452 1600 4522 petitionem
1634 4451 1737 4506 tale

1815 3285 1870 3333 et
1912 3284 2210 3344 opportuna
2257 3275 2340 3329 vel
2391 3289 2624 3344 congrua
2675 3274 2926 3330 beneficia
2977 3292 3081 3329 non
3118 3276 3408 3345 denegare,

1816 3364 1962 3422 circa
1990 3367 2326 3420 anteriorum
2377 3382 2560 3436 regum
2603 3376 2741 3430 acta,
2787 3367 2996 3436 plenius
3029 3381 3150 3436 qua!
3199 3381 3293 3435 pro
3323 3365 3416 3421 Dei

1819 3466 1948 3516 sunt
1975 3457 2170 3512 intuitu
2198 3471 2455 3511 concessa
2496 3458 2839 3514 conﬁrmare.
2893 3457 3056 3526 Igitur
3091 3457 3417 3512 venerabilis

1824 3548 1907 3603 vir
1937 3547 2235 3604 Alcliuinus
2285 3547 2450 3602 abbas
2497 3548 2565 3604 de
2614 3548 2829 3602 basilica
2887 3549 3168 3618 peculiaris
3208 3547 3418 3618 patroni

1829 3643 1998 3699 nostri
2029 3641 2091 3708 S,
2122 3641 2354 3706 Martini,
2391 3641 2478 3696 ubi
2512 3641 2624 3711 ipse
2654 3642 2920 3712 pretiosus
2945 3643 3171 3696 domnus
3191 3655 3420 3712 corpore

1827 3734 2139 3804 requiescit,
2177 3736 2538 3791 immunitates
2564 3736 2922 3806 gloriosorum
2955 3751 3137 3804 regum
3176 3744 3423 3790 anteces-

1824 3838 2007 3880 sorum
2043 3834 2373 3890 nostrorum,
2425 3827 2670 3880 manibus
2708 3841 2894 3880 eorum
2935 3827 3231 3890 roboratas,
3263 3836 3425 3897 atque

1828 3915 2089 3986 genitoris
2146 3917 2315 3970 nostri
2376 3916 2547 3984 Pipiui
2604 3916 2756 3969 bona:
2819 3918 3091 3969 memoria:
3149 3916 3420 3984 quondam

1830 4007 1996 4077 regis,
2049 4007 2203 4060 nobis
2229 4005 2449 4075 protulit
2481 4005 2546 4060 ad
2576 4005 2886 4076 relegendus
2917 4005 3028 4074 (ubi
3051 4004 3425 4060 continebatur

1831 4098 2140 4167 insertum),
2202 4097 2432 4166 qualiter
2489 4095 2730 4164 prtedicti
2783 4109 2938 4164 reges
2995 4109 3090 4163 pro
3120 4095 3420 4150 reverentia

1833 4187 2128 4245 beatissimi
2152 4189 2210 4245 S.
2241 4188 2473 4253 Martini,
2496 4187 2564 4242 de
2586 4187 2743 4242 rebus
2772 4187 2940 4256 ipsius
2960 4188 3129 4242 sancti
3160 4188 3210 4240 in
3238 4201 3425 4255 regno,

1836 4281 1948 4337 Deo
1975 4280 2228 4350 propitio,
2252 4293 2460 4347 nostro,
2486 4278 2716 4340 Austria,
2741 4278 2988 4332 Neustria
3011 4288 3066 4334 et
3097 4279 3426 4350 Burgundio,
3451 4291 3454 4295 '

1838 4372 2146 4438 Aquitania,
2179 4382 2232 4426 et
2275 4371 2571 4434 Provincia,
2601 4371 2670 4426 de
2707 4372 2956 4427 omnibus
2983 4373 3144 4428 rebus
3167 4383 3220 4428 et
3263 4373 3430 4428 lacul-

1845 4473 1955 4519 tate
1984 4465 2154 4534 ipsius
2201 4464 2495 4520 beatissimi
2545 4464 2776 4530 Martini,
2822 4466 3000 4535 quiete
3047 4466 3098 4520 in
3139 4481 3299 4535 regna
3331 4480 3426 4521 su-

150 4563 246 4618 pro
272 4559 482 4606 aeterna
511 4549 862 4606 retributione
891 4546 1204 4609 beneﬁcium
1238 4560 1365 4617 erga
1399 4547 1570 4615 ῑρειιω
1606 4558 1734 4600 Ball-
1767 4550 1820 4612 D
1847 4557 2025 4625 perius
2083 4553 2279 4624 scripta
2332 4554 2756 4624 quibuscumque
2809 4555 2940 4610 locis
3001 4555 3292 4624 maioribus
3347 4556 3434 4611 vel

152 4651 289 4698 ctum
324 4642 508 4698 locum
535 4643 636 4697 visi
669 4641 864 4696 fuimus
891 4639 1209 4705 indulsisse,
1246 4649 1304 4694 ut
1332 4638 1384 4693 in
1415 4639 1657 4694 ecclesiis
1684 4648 1740 4694 et

152 4732 277 4790 locis
306 4735 395 4790 vel
429 4717 573 4804 agris
598 4748 694 4798 seu
721 4731 941 4804 reliquis
972 4731 1400 4802 possessionibus
1427 4732 1594 4801 ipsius
1628 4745 1743 4790 mo-

153 4827 399 4893 nasterii,
432 4839 566 4896 quas
591 4827 852 4884 moderno
897 4835 1136 4894 tempore
1159 4824 1306 4894 iuste
1329 4832 1384 4878 et
1408 4823 1743 4879 rationabili-

154 4927 234 4974 tcr
281 4917 566 4989 possidere
614 4917 846 4983 videtur,
897 4917 984 4972 vel
1028 4917 1171 4986 quod
1224 4915 1479 4984 deinceps
1532 4914 1586 4969 in
1629 4914 1748 4983 iure

154 5006 322 5079 ipsius
374 5007 552 5062 sancti
599 5006 701 5069 loci
749 5007 979 5076 voluerit
1031 5005 1212 5073 divina,
1257 5008 1425 5075 pietas
1465 5003 1748 5074 ampliare,

157 5101 339 5155 nullus
390 5099 556 5170 iudex
606 5098 847 5170 publicus
897 5099 964 5152 ad
1013 5112 1204 5154 causas
1247 5096 1610 5163 audiendum,
1663 5096 1746 5152 vel

159 5192 307 5250 [reda
336 5193 577 5264 undique
605 5192 926 5264 exigendum
973 5207 1186 5262 quoque
1231 5201 1468 5261 tempore
1497 5189 1752 5264 [ingredi]

157 5304 264 5344 non
298 5296 588 5358 praesumat
620 5303 637 5343 :
682 5287 780 5343 sed
811 5286 913 5341 hoc
935 5287 1052 5355 ipse
1079 5286 1268 5350 abbas,
1301 5284 1382 5340 vel
1411 5298 1751 5342 successores

157 5383 261 5447 sui,
292 5398 391 5438 seu
407 5381 751 5451 congregatio
783 5379 948 5449 ipsius
971 5380 1282 5435 monasterii
1314 5388 1527 5450 propter
1556 5394 1753 5436 nomen

158 5474 381 5532 Domini
407 5475 509 5531 sub
547 5473 768 5543 integra:
810 5472 1122 5529 emunitatis
1163 5469 1383 5526 nomine
1418 5471 1633 5527 valeant
1655 5470 1755 5543 dos

235 5613 263 5643 ⁸
307 5611 421 5667 Hoc
464 5611 694 5682 diploma
731 5613 876 5667 notis
903 5606 1292 5679 cbrnnologicis
1338 5616 1484 5682 caret
1511 5650 1522 5662 .
1553 5617 1614 5682 at
1628 5625 1754 5682 cum

159 5681 393 5751 Carolus
432 5685 486 5736 in
516 5679 583 5736 eo
619 5698 678 5736 se
709 5695 912 5736 tantum
948 5697 1126 5751 regem
1165 5694 1225 5734 ac
1269 5679 1546 5748 patricium
1587 5679 1753 5751 dicat,

167 5750 310 5805 baud
344 5753 514 5807 serius
543 5767 684 5806 anno
707 5754 810 5808 799
833 5750 1028 5806 datum
1047 5753 1272 5817 videtur,
1297 5761 1351 5806 et
1380 5751 1513 5806 forte
1541 5750 1756 5820 quidem

167 5823 518 5894 quvisgraui,
554 5824 679 5878 dum
711 5824 934 5880 Carolus
972 5822 1222 5894 Itotgcrio
1255 5822 1437 5880 comiti
1469 5821 1758 5883 Dominicat

1845 4648 2162 4716 minoribus,
2195 4659 2300 4703 tam
2342 4649 2482 4719 quod
2513 4665 2608 4720 per
2635 4651 3018 4718 prmceptiones
3044 4651 3124 4703 vel
3157 4648 3435 4717 indulgen-

1846 4741 1946 4794 tias
1973 4755 2068 4796 scu
2097 4741 2460 4801 immunitates
2487 4756 2694 4811 regum,
2724 4743 2807 4795 vel
2838 4755 2868 4795 a
2920 4740 3234 4796 Christianis
3263 4741 3436 4795 homi-

1848 4835 2004 4887 nibus
2032 4841 2194 4901 atque
2237 4833 2464 4887 diversis
2514 4833 2898 4896 contractibus,
2948 4847 3042 4901 per
3084 4847 3437 4902 quocumque

1848 4923 2203 4978 instrumenta
2231 4933 2496 4978 cartarum
2524 4924 2588 4978 ad
2623 4923 2892 4993 praefatam
2923 4939 3101 4979 casam
3130 4926 3186 4978 S.
3229 4924 3436 4980 Martini

1853 5011 1956 5071 fuit
1999 5015 2292 5081 conlatum,
2348 5015 2435 5071 vel
2482 5014 2804 5086 delegatum,
2865 5025 2959 5069 aut.
3004 5015 3178 5070 adhuc
3226 5018 3438 5071 inautea

1851 5105 2046 5161 futuris
2078 5105 2414 5174 temporibus
2459 5106 2762 5162 addendum
2793 5107 2876 5160 vel
2908 5105 3282 5175 deleganduut,
3313 5121 3444 5161 con-

1853 5201 2224 5267 ﬁrmaverunt,
2242 5213 2298 5256 ut
2322 5204 2421 5256 sub
2440 5202 2733 5257 emunitate
2756 5211 2936 5256 nostra
2960 5201 3088 5270 ipsa:
3109 5215 3215 5267 res,
3232 5202 3314 5255 vel
3340 5199 3442 5270 ipsi

1853 5293 2096 5350 homines
2115 5292 2174 5349 S.
2211 5295 2420 5350 Martini
2452 5295 2628 5350 vivere
2654 5293 2904 5350 debeant.
2936 5293 3136 5349 Idcirco
3154 5292 3448 5364 suprascri-

1854 5399 1977 5457 ptus
1998 5389 2293 5445 Alchuinus
2319 5389 2452 5444 abba
2475 5403 2503 5443 a
2521 5389 2813 5444 serenitate
2839 5389 2986 5458 regni
3018 5388 3184 5443 nostri
3216 5373 3367 5455 petiit
3391 5394 3449 5442 ut

1856 5481 1912 5541 iu
1968 5482 2202 5554 idipsum
2254 5481 2708 5544 cor-roborandam
2745 5523 2762 5551 ,
2815 5482 3069 5538 bonitatis
3127 5481 3448 5538 beneﬁcium

1857 5621 2032 5674 crucis
2049 5628 2358 5688 particutam
2385 5601 2621 5684 tradidit,
2651 5617 2952 5674 Corrotensi
2977 5619 3300 5676 monasterio
3321 5633 3452 5674 con-

1848 5691 2191 5817 sii‘gir't'ar‘giiun.
2224 5693 2295 5744 ita
2326 5689 2660 5745 Mabillonius
2701 5691 2794 5746 tib.
2832 5705 2955 5745 xxvr
3002 5693 3197 5747 Annal.
3225 5690 3448 5758 Bened.,

1935 5830 1962 5872 ι’
1995 5831 2154 5888 Forte
2177 5829 2244 5888 ad
2275 5845 2360 5888 an.
2397 5831 2501 5889 800
2530 5832 2866 5891 referendum
2904 5831 3004 5890 ltoc
3033 5833 3287 5906 diploma.
