3964 6344
605 313 713 378 9.94.

1496 317 1551 372 Β.
1588 319 1837 374 εςιιιοιιι
1869 317 2095 374 'MAGNI
2133 316 2175 371 0

2282 357 2284 368 .
2324 314 2501 371 PARS
2536 314 2573 370 I.
2625 315 2876 376 SECTIO
2905 315 2968 371 II.
3755 327 3840 380 993

604 432 785 504 largiri
801 431 1140 492 deberemus.
1173 430 1340 500 Cujus
1372 446 1470 490 nos
1492 433 1729 502 petitioni
1757 433 2172 498 consentientes,
2205 443 2252 495 Α
2281 445 2488 485 vuisttm
2517 439 2608 502 aut
2652 432 2984 487 confractum
3033 431 3211 497 fuerit,
3257 433 3594 488 omnimodis
3625 435 3743 500 ipsis
3767 454 3838 490 an.

605 536 657 590 et
685 525 970 596 patrocinia
1001 526 1056 580 8.
1090 523 1297 586 Martini
1326 533 1661 589 venerantes,
1709 526 1847 580 sicut
1879 528 2172 594 praedeces-

605 633 757 675 sores
804 630 955 684 reges
1004 615 1341 683 singulariter
1389 616 1781 685 expleverunt,
1825 625 1881 669 et
1935 631 2031 669 nos
2079 614 2179 668 hoc

606 707 946 773 indulgentia:
970 705 1167 770 donum
1197 713 1504 776 grantauter
1529 706 1831 772 pra-stitisse
1852 693 2177 774 Cognoscite.

604 795 981 864 Praecipientes
1008 794 1200 863 quippe
1230 803 1286 851 ut
1334 809 1522 850 omnes
1556 811 1640 848 res
1691 795 1852 864 ipsius
1893 794 2178 848 beatissimi

601 881 658 939 S.
691 883 900 947 Martini
931 895 1413 959 quantumcumque
1441 885 1492 941 in
1538 900 1722 952 regno,
1773 885 1881 946 Deo
1924 884 2178 952 propitio,

603 983 813 1037 nostro,
843 981 946 1026 tam
981 972 1042 1037 in_
1070 973 1223 1036 villas
1267 980 1322 1028 et
1352 972 1547 1042 praedia
1603 973 1799 1044 majora
1831 974 1916 1029 vel
1945 969 2176 1039 modica,

599 1078 695 1124 seu
746 1063 799 1132 in
845 1079 1043 1128 omnes,
1081 1064 1358 1128 facultates
1406 1064 1696 1127 beatissimi
1755 1065 1924 1126 sancti
1975 1063 2178 1118 Martini

598 1155 1027 1217 subemunitatis
1061 1156 1268 1212 titulum
1305 1157 1598 1214 consistere
1637 1157 1883 1234 debeant,
1913 1165 1969 1209 ut
1991 1156 2180 1224 aliquis

595 1245 761 1322 iudex
807 1244 1049 1315 publicus
1097 1243 1224 1306 fisci,
1259 1246 1426 1303 nostri
1466 1245 1534 1302 in.
1565 1245 1676 1315 jam
1723 1245 1892 1300 dictas
1921 1245 2068 1299 villas
2099 1245 2179 1300 vel

597 1339 872 1394 facultates
902 1337 1066 1406 ipsius
1096 1337 1264 1394 sancti
1297 1337 1381 1409 ad
1411 1339 1710 1409 agendum,
1741 1339 1824 1392 vel
1869 1354 2054 1393 causas
2085 1353 2176 1394 au-

594 1431 869 1497 diendum,
903 1446 996 1484 seu
1048 1429 1192 1484 frcda
1227 1429 1306 1482 vel
1359 1429 1658 1486 inferendas
1687 1430 2062 1498 exactandum,
2095 1429 2178 1490 vel

595 1525 861 1589 telouettm
895 1521 1204 1585 tollendum.
1233 1535 1325 1575 seu
1375 1521 1680 1583 mansiones
1722 1519 2044 1586 faciendum,
2081 1535 2178 1577 nec

595 1613 940 1683 ﬁdeiussores
999 1611 1312 1674 tollendum,
1368 1610 1582 1674 nullum,
1625 1610 1926 1680 ingressum
1975 1611 2182 1670 necin-

595 1704 817 1769 troitum
848 1703 900 1769 in
931 1703 1071 1772 ipsas
1102 1702 1254 1756 villas
1283 1701 1580 1765 S._Martini
1629 1701 1824 1762 habere
1853 1712 2176 1769 presumat;

2285 521 2621 578 ctoritatibus
2673 524 2869 578 nostris
2922 533 2981 578 et
3040 525 3310 580 beneﬁciis
3374 535 3733 582 restauretur.
3790 531 3840 586 Et

2285 614 2507 669 ulterius
2539 615 2677 669 ullus
2707 628 2968 682 vestrum,
2993 618 3235 688 ullusque
3259 619 3542 689 iuniorum
3576 631 3836 678 vestrorum

2281 715 2373 760 aut
2413 719 2805 772 successorum,
2855 707 3142 778 infringere
3189 721 3280 766 aut
3309 711 3525 765 violare
3575 711 3711 780 quod
3736 727 3835 766 cori.

2279 794 2545 849 sensimus
2575 809 2679 849 non
2712 807 3020 865 praesumat,
3051 799 3145 860 sed
3198 800 3332 854 sicut
3368 801 3638 867 superius
3673 802 3833 858 dictum

2280 888 2386 945 est,
2433 896 2554 936 cum
2604 883 2908 952 plenissima
2971 888 3264 942 emunitate
3313 889 3363 943 in
3416 903 3559 958 pace
3605 903 3722 943 cum
3767 890 3835 949 Dei

2279 972 2539 1039 adiutorio
2590 973 2674 1030 vel
2725 988 2904 1030 nostra
2952 979 3118 1046 gratia
3172 979 3383 1032 valeant
3431 995 3560 1048 quae
3605 980 3704 1034 sibi
3744 982 3832 1038 data
3910 1004 3911 1020 ι

2282 1059 2494 1123 [uerunt
2523 1063 2817 1131 possidere.
2850 1063 2917 1118 Et
2944 1069 3299 1134 utprazceptio
3320 1069 3469 1121 circa
3496 1067 3666 1134 ipsam
3692 1083 3830 1123 casam

2280 1167 2343 1207 ac
2372 1155 2728 1211 venerabilem
2760 1157 3041 1211 ecclesiam
3073 1157 3130 1214 S.
3156 1156 3364 1212 Martini
3403 1173 3508 1226 pro
3533 1160 3832 1213 futuriSteiu-

2285 1247 2504 1311 poribus
2528 1247 2701 1308 valeat
2733 1248 3042 1315 perdurare,
3067 1264 3226 1303 manu
3269 1251 3493 1318 propria
3523 1265 3641 1304 eam
3663 1251 3828 1308 sublu-

2282 1334 2632 1401 flrmavitnus,
2655 1345 2710 1390 et
2729 1337 2911 1400 annuli
2935 1340 3102 1401 nostri
3129 1340 3490 1407 impressione
3526 1341 3827 1410 signaviiuus.

2353 1427 2572 1498 Signum
2600 1429 2772 1488 Caroli
2801 1431 3169 1499 gloriosissirui
3198 1433 3360 1502 regis.

2352 1521 2546 1574 Actum
2575 1529 2758 1577 castra
2780 1519 3064 1589 Laudano,
3102 1522 3157 1576 in
3208 1523 3299 1578 Dei
3340 1523 3574 1578 nomine
3624 1519 3824 1578 feliciter.

2283 1611 2475 1675 Amen.

2986 1681 3167 1740 LXIII.

592 1795 684 1849 sed
713 1793 968 1864 quidquid
998 1793 1192 1860 exinde
1237 1795 1303 1848 ab
1352 1792 1586 1862 antiquis
1647 1793 1973 1862 temporibus
2021 1793 2176 1849 ﬁscus
2208 1779 2256 1842 Β
2286 1791 2616 1863 Praeceptum,
2632 1793 2804 1856 Caroli
2828 1795 3006 1865 Magni
3037 1813 3128 1868 pro
3155 1799 3483 1867 monasteria
3505 1797 3825 1860 Camtariccnsi

594 1895 780 1950 noster
809 1896 915 1942 tam
947 1886 1216 1956 praeterito
1243 1901 1400 1956 quam
1427 1894 1482 1947 et
1532 1898 1782 1954 praesenti
1819 1894 2057 1954 tempore
2083 1901 2177 1940 ac-.

593 1979 771 2047 cipere
796 1978 876 2034 vel
899 1988 1145 2042 exactare
1165 1978 1745 2048 consueverat,vomnia
1766 1985 1820 2032 et
1840 1977 2088 2035 omnibus
2110 1992 2178 2036 ex

598 2070 730 2123 lisco
776 2078 958 2123 nostro
997 2068 1258 2134 cedimus,
1307 2079 1361 2133 et
1410 2069 1460 2124 in
1504 2069 1850 2134 luminaribus
1897 2069 2063 2144 ipsius
2113 2069 2171 2126 S.

591 2158 825 2228 Martini,
856 2161 939 2217 vel
969 2161 1218 2216 alimenta
1251 2176 1561 2230 pauperum,
1611 2177 1704 2217 seu
1748 2163 2010 2232 stipendia
2054 2177 2172 2217 mo-

596 2252 914 2319 nachorum,
945 2249 1190 2321 proficiat
1219 2250 1272 2306 in
1315 2263 1673 2321 augmentum.
1711 2254 1996 2314 Ettiullam
2029 2268 2178 2322 pote.

592 2352 784 2397 statem
826 2343 987 2413 judes
1035 2342 1276 2412 publicus
1317 2344 1431 2398 fisci
1482 2346 1660 2399 nostri.
1700 2360 1862 2416 super
1892 2345 2174 2414 praedictas

589 2438 741 2491 villas
784 2437 866 2492 vel
897 2436 1190 2500 facultates,
1213 2437 1383 2490 sancti
1430 2435 1639 2491 Martini
1671 2437 2176 2506 penqualecumque

588 2529 859 2598 ingenium
889 2528 1086 2583 ibidem
1119 2527 1318 2583 habere
1347 2542 1408 2582 se
1435 2537 1757 2596 cognoscat;
1785 2529 1881 2583 sed
1907 2527 1992 2584 ab.
2026 2527 2176 2583 omni

589 2624 756 2680 fiscah’
790 2633 1057 2693 potestate
1079 2623 1146 2679 de
1172 2623 1444 2694 praedictis
1469 2625 1629 2679 rebus
1648 2624 1706 2679 S.
1739 2624 1944 2679 Martini
1965 2639 2179 2696 semper

590 2725 882 2771 extraneus
911 2715 982 2770 sit
1010 2721 1169 2783 atque
1197 2727 1460 2778 remutus,
1493 2724 1550 2768 ut
1579 2729 1676 2769 nec
1702 2715 1905 2785 aliquas
1930 2731 2176 2785 umquam

601 2806 912 2862 occasiones
939 2805 1222 2876 Inquirere,
1273 2805 1416 2861 unde
1457 2804 1790 2875 dispendium
1834 2805 1900 2860 ad
1941 2805 2180 2863 homines

591 2899 652 2954 8.
682 2898 896 2954 Martini
946 2899 1124 2953 facere
1169 2896 1382 2963 debeat,
1415 2898 1666 2954 sitausus
1694 2913 2013 2968 praesumere
2039 2915 2054 2964 ;
2083 2898 2178 2954 sed

590 2994 846 3058 inspectae
875 2988 1199 3046 emunitates
1244 2989 1575 3044 anteriorum
1623 3004 1806 3059 regum
1851 2989 1933 3042 vel
1960 3002 2179 3064 .praeceo

589 3083 796 3151 ptiones
822 3090 1021 3137 nostra:
1067 3079 1121 3135 in
1152 3081 1398 3136 onmibus
1426 3091 1834 3136 conserventur.
1878 3081 1944 3135 Et
1969 3081 2013 3135 si
2058 3080 2178 3150 quis

589 3169 753 3232 fuerit
782 3190 963 3232 comes
1015 3175 1098 3230 vel
1149 3174 1496 3239 domesticus,
1542 3187 1636 3228 seu
1685 3173 1872 3241 gratio,
1925 3171 2174 3236 vicarius,

588 3269 676 3323 vel
731 3267 997 3333 tribunus,
1051 3283 1148 3323 seu
1193 3267 1566 3337 qualicumque
1605 3265 1866 3336 judicaria
1915 3273 2179 3336 potestate

585 3359 908 3425 succinctus,
939 3358 1032 3426 qui
1071 3357 1458 3427 indulgentiam
1502 3364 1558 3411 et
1595 3355 1886 3410 bonitatem
1936 3353 2176 3423 priorum

585 3463 650 3505 ac
699 3448 1055 3518 posteriorum
1100 3464 1283 3518 regum
1335 3447 1417 3502 vel
1464 3455 1701 3502 nostram
1761 3447 2172 3514 praeceptionem

586 3541 883 3610 irrumpere
935 3551 1028 3595 aut
1077 3541 1282 3595 violare
1338 3541 1738 3610 praesumserit,
1801 3549 2176 3594 sescentorum

587 3631 880 3687 solidorum
921 3646 1090 3699 usque
1134 3634 1200 3685 ad
1239 3629 1400 3686 ﬁnem
1445 3629 1562 3684 auri
1604 3631 1742 3685 cocti
1791 3629 1876 3684 vel
1907 3629 2181 3699 purissimi

587 3735 896 3785 numerum,
945 3735 1004 3775 se
1037 3731 1327 3791 cognoscat
1373 3720 1739 3775 mulctandum
1785 3727 1969 3776 contra
2015 3721 2179 3789 ipsam

589 3799 772 3868 casam
802 3812 861 3869 S.
893 3812 1128 3876 Martini,
1177 3823 1231 3868 et
1275 3814 1379 3867 alia
1430 3812 1583 3868 tertia
1633 3826 1752 3881 pars
1780 3812 1830 3866 in
1859 3812 1971 3867 fisci
2015 3813 2182 3868 nostri

587 3904 847 3962 sacellum
905 3906 1124 3960 veniat:
1157 3915 1211 3960 et
1259 3920 1364 3959 non
1411 3905 1638 3960 delectet
1684 3920 1808 3972 qua:
1859 3920 1954 3973 pro
2001 3905 2182 3961 divino

589 3997 780 4054 intuitu
826 3995 1026 4052 indulta
1075 4006 1200 4050 sunt
1255 3996 1664 4062 sacerdotibus,
1717 3997 1800 4050 vel
1858 3997 2180 4050 anteriorum

589 4102 775 4157 regum
805 4088 1130 4146 emunitates
1162 4087 1242 4144 vel
1267 4097 1476 4142 nostras
1507 4087 1891 4156 prmceptiones
1914 4087 1982 4140 ab
2009 4086 2182 4155 impiis

587 4177 899 4236 hominibus
951 4179 1170 4234 lacerari
1210 4195 1227 4233 δ
1277 4180 1369 4233 sed
1421 4178 1789 4246 undecumque
1838 4176 1903 4230 ad
1945 4190 2182 4245 prmsens

594 4268 708 4338 ipsa
737 4283 861 4329 casa
909 4267 969 4323 S.
1019 4268 1229 4323 Martini
1262 4269 1451 4322 vestita
1493 4282 1614 4322 esse
1645 4268 1873 4331 videtur,
1903 4265 1985 4321 vel
2027 4276 2182 4321 antea

589 4359 1074 4428 aquibuscumque
1125 4358 1291 4414 Deum
1324 4359 1630 4412 timentibus
1680 4358 1761 4412 vel
1811 4356 1964 4411 bonis
2011 4355 2183 4410 horni-

2911 1867 3068 1937 (anno
3097 1867 3249 1937 800)..

2348 1973 2425 2054 Lln
2486 1976 2703 2032 nomine
2757 1987 2781 2014 ³
2828 1978 3034 2041 Domini
3085 1979 3194 2040 Dei,
3246 1983 3416 2038 nostri
3478 1981 3601 2038 Jesu
3650 1982 3820 2051 Christi;

2277 2067 2498 2122 Carolus
2538 2069 2629 2124 Dei
2678 2072 2845 2144 gratia
2893 2071 3216 2132 Francorum
3283 2091 3405 2140 rex,
3470 2078 3708 2144 patricius
3746 2078 3821 2132 Ilu-

2279 2175 2586 2216 mauorum.
2655 2164 2914 2220 Omnibus
2967 2166 3215 2222 ﬁdelibus
3270 2169 3445 2224 sancti
3502 2169 3712 2235 Martini,
3754 2169 3819 2237 qui

2279 2256 2526 2324 praesenti
2577 2265 2820 2324 tempore
2867 2257 2975 2314 Deo
3021 2261 3278 2316 serviunt.
3311 2261 3364 2315 in
3415 2263 3538 2316 loco
3561 2272 3728 2316 sancto
3753 2263 3818 2316 ubi

2281 2345 2552 2414 pretiosus
2591 2347 2873 2404 confessor
2917 2347 3116 2406 Christi
3156 2365 3384 2419 corpore
3428 2353 3710 2424 requiescit,
3751 2355 3816 2408 vel

2281 2440 2442 2492 etiam
2497 2437 2656 2493 futuri
2709 2448 2836 2494 sunt
2887 2441 3216 2509 temporibus
3268 2446 3504 2512 posteris,
3552 2444 3814 2512 abbatibus,

2279 2531 2626 2604 presbyteris,
2684 2532 3016 2597 diaconibus,
3076 2544 3131 2590 et
3181 2537 3415 2594 omnibus
3473 2536 3809 2591 ecclesiastica:

2279 2625 2555 2694 dignitatis
2581 2625 2856 2696 gradibus,
2892 2627 3197 2681 senioribus
3227 2642 3310 2682 seu
3329 2627 3618 2696 junioribus,
3658 2635 3795 2680 reter-

2282 2717 2486 2773 namin
2528 2715 2724 2772 Christi
2770 2717 3031 2776 cbaritate
3076 2719 3296 2772 salutem
3321 2731 3370 2772 et
3406 2717 3797 2786 prosperitatem.

2281 2807 2474 2863 Nomm
2505 2807 2575 2863 sit
2601 2807 2928 2863 fraternitati,
2965 2818 3156 2880 vestrae
3187 2808 3325 2878 quod
3355 2807 3564 2863 dilectus
3597 2807 3808 2873 magster

2283 2905 2466 2957 noster
2497 2898 2720 2958 Albinus
2766 2900 2852 2968 pia
2917 2900 3203 2954 devotione
3251 2898 3534 2968 postulavit
3576 2898 3726 2962 nobis,
3767 2906 3809 2948 ul

2284 2988 2483 3044 licitum
2517 2989 2738 3045 haberet
2768 2990 3060 3045 monachos
3086 2989 3413 3044 constituere
3451 2989 3504 3042 in
3532 2987 3650 3044 cella
3673 2987 3802 3042 sancti

2286 3081 2431 3135 Pauli
2463 3095 2580 3152 qua;
2621 3082 2826 3137 rustico
2872 3084 3087 3137 nomine
3133 3081 3469 3136 cormaricus
3521 3081 3708 3144 dicitur.
3741 3080 3802 3150 qui

2285 3169 2604 3240 regulariter
2633 3171 2924 3225 secundum
2977 3171 3144 3225 sancti
3191 3170 3470 3231 Benedicti
3504 3179 3681 3225 statuta
3704 3183 3797 3221 mea

2284 3262 2549 3318 viverent.
2580 3262 2748 3330 Quem
2785 3264 2956 3317 locum
2990 3261 3175 3316 lterius
3202 3262 3335 3316 abba
3381 3270 3677 3317 antecessor
3699 3260 3789 3312 illius

2281 3367 2348 3407 ex
2377 3362 2686 3424 comparato
2737 3351 3046 3430 adqtlISlt’Il,
3081 3360 3136 3408 et
3184 3361 3520 3416 construxit,
3573 3363 3621 3408 et
3647 3349 3779 3403 manli!

2281 3453 2468 3498 sancto
2511 3443 2760 3498 Martino.
2817 3445 2924 3498 [Vos
2975 3459 3101 3498 vero
3147 3454 3251 3501 tam
3285 3446 3384 3513 pia:
3435 3442 3779 3499 devotiotiiiliss

2282 3546 2519 3587 aunuere
2549 3541 2719 3590 ratum
2770 3532 3044 3598 duximus,
3089 3548 3313 3602 eamque
3361 3533 3552 3589 literis
3595 3530 3663 3587 vel
3684 3528 3793 3597 suillo

2283 3623 2512 3678 nominis
2541 3625 2709 3678 nostri
2740 3625 3044 3678 conﬁrmari
3083 3623 3324 3687 fecimus,
3365 3638 3436 3678 ne
3472 3625 3582 3679 ulla
3611 3631 3704 3693 post
3721 3620 3798 3672 dies

2281 3713 2422 3768 illius
2463 3728 2695 3780 unquam
2745 3715 3006 3785 disruptio
3052 3714 3166 3768 ﬁeri
3219 3715 3487 3782 potuisset
3537 3731 3568 3770 a
3611 3725 3805 3784 quoquam

2281 3819 2653 3860 successorum
2685 3806 2849 3861 illius.
2890 3806 3020 3862 Nam
3050 3810 3095 3860 sl
3124 3806 3300 3861 divina
3331 3808 3649 3876 parentibus
3667 3804 3808 3857 nostris

2284 3895 2542 3964 nobisque
2593 3895 2759 3964 pietas
2809 3906 3122 3966 potestatem
3188 3897 3410 3952 contulit
3475 3899 3639 3952 totius
3679 3906 3811 3949 mona-

2283 3989 2430 4042 sterii
2455 3988 2625 4042 sancti
2644 3987 2874 4053 Martini,
2899 4003 3183 4058 rerumque
3209 3988 3348 4042 illius
3379 3989 3684 4044 facultatem
3701 3983 3813 4040 dandi

2283 4078 2369 4132 cui
2417 4079 2794 4146 voluissemus,
2845 4090 3042 4149 quanto
3093 4081 3259 4149 magis
3304 4079 3460 4133 nobis
3515 4089 3730 4149 potestas
3758 4076 3820 4128 tri-

2284 4164 2478 4220 buendi
2525 4171 2590 4222 ad
2649 4169 2744 4223 Dei
2795 4169 3070 4224 servitium
3119 4169 3503 4237 perpetualiter
3547 4168 3813 4238 prrdirtuu

2284 4255 2456 4311 locum
2475 4258 2504 4311 ’ἒ
2527 4256 2636 4312 Nec
2660 4257 2741 4312 fas
2767 4266 2848 4314 est
2875 4260 3119 4329 cuiquam
3145 4260 3333 4329 regalis
3358 4260 3700 4330 benignitatis
3718 4274 3822 4328 sper-

2285 4362 2412 4402 nere
2453 4348 2796 4403 donationem
2842 4349 2928 4405 vel
2980 4349 3464 4416 conﬁ'rtnationem,
3521 4353 3751 4408 maxime
3791 4351 3826 4401 ia

592 4449 754 4506 nibus
808 4449 991 4506 datum
1044 4450 1124 4504 vel
1175 4449 1424 4504 collatum
1479 4449 1673 4512 fuerit,
1729 4448 1828 4503 sub
1879 4446 2184 4502 emunitatis
2213 4449 2394 4537 Diam
2423 4441 2508 4508 pio
2531 4449 2583 4494 et
2604 4440 2804 4496 salubri
2830 4452 3115 4511 praecepto.
3163 4442 3364 4497 Idcirco
3386 4443 3833 4512 omninajubemns

589 4547 798 4603 titulum
823 4545 1074 4602 resideat.
1107 4546 1173 4600 Et
1201 4545 1524 4614 quicumque
1563 4542 1629 4596 ad
1675 4542 1841 4610 ipsam
1872 4553 2050 4594 casam
2080 4536 2174 4590 Dei

589 4652 674 4695 res
722 4653 911 4694 eorum
966 4637 1094 4693 dare
1144 4637 1450 4699 voluerint,
1505 4650 1569 4688 ex
1620 4643 1802 4688 nostra
1856 4627 2176 4684 auctoritate

587 4731 825 4786 habeant
856 4731 1124 4785 licentiam
1173 4729 1421 4795 faciendi,
1459 4737 1513 4783 et
1557 4726 1658 4781 sub
1703 4721 2010 4780 emunitatis
2039 4717 2171 4771 titu—

591 4818 706 4875 lum
735 4820 937 4890 absque
975 4819 1078 4874 ulla
1131 4819 1294 4874 f‘tscali
1348 4827 1606 4887 potestate
1652 4813 1816 4885 quieti
1867 4809 2176 4872 resideant;

596 4916 852 4986 quidquid
883 4916 1044 4971 ﬁscus
1071 4914 1510 4971 consuetudinem
1561 4911 1744 4965 habuit
1781 4903 2092 4976 recipiendi,
2127 4903 2178 4956 in

593 5008 949 5065 luminaribus
982 5007 1148 5077 ipsius
1187 5009 1244 5066 S.
1299 5005 1507 5062 Martini
1543 5006 1596 5061 in
1628 5012 1807 5057 nostra
1838 5001 2180 5066 eleemnsyna

591 5104 660 5160 ad
711 5118 947 5173 praesens
997 5103 1248 5157 intercisa
1291 5108 1630 5168 computetur
1678 5111 1798 5151 cum
1847 5095 1958 5158 ipsa
1989 5091 2180 5144 subse-

589 5197 809 5267 quentia
834 5211 851 5261 ;
893 5206 1000 5249 tam
1028 5203 1084 5249 et
1127 5195 1240 5262 ipse
1269 5194 1432 5247 abbas
1461 5197 1618 5260 quam
1651 5201 1704 5243 et
1734 5198 2071 5241 successores
2097 5179 2179 5235 sui

592 5301 779 5343 omnes
820 5300 906 5340 res
955 5284 1121 5353 ipsius
1163 5284 1223 5340 8.
1277 5283 1486 5338 Martini
1517 5283 1616 5336 sub
1657 5280 1866 5346 integra
1893 5274 2180 5330 emunitate

594 5372 980 5450 perpetualiter
1032 5376 1261 5431 debeant
1310 5375 1507 5430 habere
1553 5384 1604 5428 et
1651 5370 1944 5442 possidere.
2010 5367 2076 5420 Et
2131 5364 2178 5420 si

589 5478 717 5524 ante
745 5467 880 5521 actis
924 5467 1254 5534 temporibus
1295 5482 1388 5535 per
1416 5466 1648 5532 aliquam
1693 5459 2063 5531 negligentiam
2099 5455 2182 5510 vel

592 5558 924 5623 tepidrtatem
953 5557 1227 5622 abbatum,
1257 5566 1346 5610 aut
1373 5553 1805 5626 prtcsumtionem
1827 5548 2084 5618 iudicum,
2115 5544 2183 5600 de

592 5627 708 5719 Ipsa
733 5651 1026 5705 emunitate
1055 5634 1338 5720 quicquam
1385 5647 1673 5712 minutum,
1724 5645 2006 5712 irruptum,
2047 5638 2178 5695 cuti-

667 5793 692 5822 ⁸
725 5784 957 5845 Delenda
985 5785 1099 5842 haec
1124 5783 1405 5842 invocatio.

2287 4543 2340 4586 ut
2370 4532 2484 4587 haec
2509 4534 2726 4589 donatio
2756 4544 2936 4590 nostra
2964 4545 3017 4589 et
3043 4535 3214 4605 jussio
3245 4544 3355 4590 rata
3381 4543 3434 4588 et
3454 4533 3713 4589 inviolata
3741 4542 3831 4585 ten

2279 4625 2498 4694 poribus
2526 4629 2797 4696 perpetuis
2826 4639 3138 4696 permaneat
3167 4644 3182 4693 ;
3235 4641 3334 4681 nec
3379 4629 3552 4691 locum
3595 4627 3737 4682 illum
3763 4639 3833 4676 au-

2279 4718 2408 4773 ferri
2440 4719 2686 4775 volumus
2732 4719 2800 4774 de
2851 4729 3117 4790 potestate
3169 4718 3352 4774 sancti
3390 4719 3636 4786 Martini,
3687 4717 3832 4773 sedat

2281 4809 2352 4863 ibi
2387 4809 2612 4866 uleniter
2657 4811 2756 4865 sub
2789 4811 2965 4881 regula
3013 4812 3183 4865 sancti
3232 4809 3505 4864 Benedicti
3561 4813 3740 4865 vivant
3765 4807 3836 4860 de-

2281 4911 2476 4970 gentes
2499 4903 2770 4971 monachi,
2801 4911 2857 4956 et
2905 4903 3133 4956 habeant
3173 4901 3561 4970 protectionem
3599 4909 3659 4957 et
3699 4897 3842 4953 subsi-

2280 4993 2426 5047 dium
2459 4993 2528 5047 ab
2552 4993 2838 5047 abbatibus
2868 4993 3179 5047 monasterii
3210 4991 3380 5046 sancti
3412 4989 3650 5045 Martini.
3691 4989 3742 5046 Si
3766 4991 3844 5040 hoc

2284 5092 2548 5149 nostrum,
2593 5083 2735 5154 quod
2783 5083 2945 5150 absit,
2992 5082 3275 5153 quisquam
3307 5083 3557 5137 abbatum
3609 5080 3846 5152 spreverit

2283 5188 2606 5247 praeceptum
2645 5179 2975 5247 temporibus
3023 5177 3270 5246 posreris,
3326 5176 3462 5230 sciat
3503 5190 3562 5230 se
3609 5175 3845 5231 ratiunem

2285 5271 2514 5326 reddere
2568 5269 3003 5340 praesumptionis
3059 5267 3180 5339 ejus
3229 5267 3460 5322 Domino
3511 5275 3698 5320 nostro
3744 5265 3848 5318 less

2283 5359 2498 5415 Christo
2526 5359 2577 5414 in
2609 5359 2695 5414 die
2723 5360 2898 5430 magni
2948 5357 3214 5413 adventus
3238 5355 3340 5412 sui.
3389 5355 3457 5411 Et
3487 5354 3737 5410 similiter
3777 5349 3847 5420 qui

2283 5456 2483 5523 aliquid
2511 5453 2715 5508 minuet
2742 5452 2810 5507 de
2838 5452 3000 5507 rebus
3025 5465 3157 5522 quas
3185 5452 3351 5507 beatae
3385 5451 3658 5504 memorias
3683 5445 3850 5500 lterius

2283 5547 2440 5612 abba,
2488 5547 2788 5616 acquisivit,
2837 5551 3186 5614 comparavit,
3239 5552 3331 5597 aut
3371 5542 3440 5598 de
3489 5541 3648 5600 rebus
3701 5535 3850 5591 sancti

2287 5638 2500 5698 Martini
2537 5652 2669 5709 quas
2713 5635 2975 5707 ecclesire
3005 5633 3178 5690 sancti
3225 5631 3375 5689 Pauli
3426 5629 3660 5697 tradidit,
3712 5627 3792 5682 vel
3819 5623 3851 5677 si
