3964 6344
387 341 617 400 coosx
658 335 1180 396 mrtcnsrtcus.
1223 365 1287 377 —
1331 331 1746 390 PfthfLEGIA.
1781 361 1848 372 -
1887 331 1927 388 ι.
1969 332 2212 389 PRIVIL.
2256 332 2386 389 rstt
2425 323 2702 389 suum
2743 328 3036 389 PARTES.
3235 316 3340 387 tot

66 465 203 538 quid
236 463 378 519 idem
405 461 571 516 abbas
601 457 844 518 Albinus,
877 455 941 508 ad
988 451 1142 521 cuius
1185 449 1494 517 petitionem
1528 449 1663 499 hanc
1691 448 1739 504 Α
1769 444 1910 498 nium
1960 445 2191 500 fidelium
2241 445 2455 500 solertia
2487 443 2610 513 quia
2637 443 2798 497 Fttlco
2831 443 2995 496 atinas
3037 443 3345 497 monasterii

66 534 550 611 confirmationem
606 546 776 603 scribi
833 546 1074 607 fecimus,
1140 537 1427 605 addiderit,
1483 535 1564 590 vel
1619 534 1664 588 si
1772 535 1942 591 sancti
1983 538 2172 593 Aniani
2221 538 2542 607 postulabat,
2575 545 2633 591 ut
2661 536 2921 605 stipendia
2951 544 3007 589 et
3028 547 3114 589 res
3141 535 3347 604 praefati

67 645 336 718 quislibet
382 645 596 698 inautea
651 637 850 692 addere
894 631 1126 688 voluerit
1168 630 1222 684 in
1264 629 1666 696 eleemosynam
1773 629 2108 684 monasterii.
2151 630 2422 684 canonicis
2489 627 2772 683 πιιτίδηιη
2824 626 3159 681 “cunmm
3214 641 3352 696 pm.

67 740 280 796 enim
308 744 623 802 suae,‘recto
664 729 852 784 ordine
898 724 1278 796 pcrpetualiter
1325 720 1522 774 serviat
1567 719 1671 770 fra-
1775 727 1932 786 cepto
1971 718 2102 788 ipsis
2145 720 2416 774 canonicis
2456 727 2713 788 perpetuo
2751 717 3099 787 possidendas
3117 726 3178 773 'et
3207 717 3351 772 arui.

69 831 260 887 tribus
287 827 428 883 illius
455 823 578 879 ioci.
609 820 944 888 Quicumque
972 816 1158 884 legerit
1185 813 1321 866 hanc
1347 809 1667 872 chartulam,
1776 807 1979 862 nandas
2016 808 2476 862 confirmaremus.
2506 808 2670 875 Cujus
2696 808 3039 874 petitionibus
3067 817 3348 863 assensum

69 923 186 979 sub
215 922 414 976 timore
465 915 561 971 Dei
611 916 746 969 hanc
801 907 1170 965 rationabilem
1220 905 1530 972 scripturam
1553 900 1672 954 dili-
1778 898 2308 964 prmbuimus.-Unde
2340 903 2438 952 hoc
2467 899 2762 952 altitudinis
2805 904 3000 952 nosti-te
3027 906 3351 968 praeceptum

70 1028 277 1088 genter
318 1023 640 1070 conservare
691 1007 924 1068 studeat,
975 1013 1029 1054 ut
1057 1002 1248 1054 habeat
1283 997 1519 1088 gratiam
1573 993 1670 1088 Do-
1780 988 1892 1042 fieri
1925 989 2202 1057 iussimus,
2259 1003 2351 1056 per
2387 989 2526 1058 quod
2557 989 2892 1056 prmeipimus
2919 998 3076 1056 atque
3103 988 3353 1058 iubemus

73 1108 219 1164 mini
269 1103 440 1160 nostri
465 1101 591 1156 Jesu
635 1093 836 1152 Christi
868 1094 918 1146 in
963 1098 1246 1144 aeternum.
1282 1085 1351 1140 Et
1382 1094 1438 1136 ut
1466 1081 1674 1135 firmius
1781 1089 1856 1144 ut,
1909 1082 2048 1135 sicut
2098 1080 2395 1134 insritutum
2447 1088 2530 1134 est
2569 1081 2715 1134 circa
2765 1080 3053 1134 canonicos
3083 1078 3211 1133 inibi
3246 1080 3356 1134 Deo

73 1207 234 1255 esset
269 1194 384 1251 'lioe
416 1197 671 1246 nostrum
705 1191 1054 1255 pra-ceptum,
1104 1193 1264 1233 mauu
1313 1174 1523 1245 propria
1552 1172 1678 1226 suh-
1783 1173 2137 1236 famulantes,
2195 1174 2270 1226 ita
2331 1171 2531 1226 nostris
2590 1171 2885 1240 futurisque
2942 1171 3275 1239 temporibus
3327 1185 3355 1222 a

75 1303 171 1346 ter
197 1289 457 1345 roborare
484 1282 844 1342 decrevimus,
895 1285 949 1330 et
995 1272 1063 1328 de
1085 1269 1283 1326 annulo
1315 1275 1499 1321 nostro
1527 1262 1678 1332 sigila
1781 1266 2077 1320 rectoribus
2105 1263 2309 1333 prtefati
2351 1263 2660 1318 monasterii
2684 1264 3025 1326 observetur,
3056 1271 3110 1316 et
3139 1276 3360 1316 cauom-

76 1381 186 1438 lari
213 1379 501 1450 iussimus.
1783 1371 1878 1423 cus
1918 1357 2052 1410 ordo
2095 1364 2356 1410 teneatur.
2404 1355 2509 1409 lies
2547 1369 2762 1424 quoque
2809 1370 2926 1422 quae
2975 1363 3100 1407 sunt
3141 1353 3192 1406 in
3227 1366 3361 1421 pago

71 351 181 406 905

161 1471 384 1540 Signum
410 1461 590 1521 Caroli
619 1453 990 1530 gloriosissimi
1022 1450 1185 1521 regis.

162 1531 293 1616 θέω
317 1571 375 1614 ιιι
396 1567 561 1610 nonas
579 1550 746 1614 Junii,
765 1561 904 1602 anno
928 1557 1072 1598 χχχιι
1087 1550 1138 1596 et
1163 1552 1303 1593 xxvii
1327 1543 1471 1605 regni
1490 1531 1678 1588 nostri.

160 1653 359 1708 Actum
388 1644 621 1700 Turonis
659 1638 876 1695 civitate
904 1637 956 1691 in
991 1630 1315 1689 monasterio
1342 1625 1513 1682 sancti
1542 1624 1683 1679 Mar:-

83 1742 215 1809 tiui,
247 1738 338 1796 ubi
372 1738 488 1807 ipse
511 1745 739 1803 corpore
764 1725 1056 1798 requiescit
1080 1721 1333 1779 feliciter.

795 1837 983 1896 LXIV.

99 1946 434 2018 Priscorum:
481 1933 655 1996 Caroli
701 1932 886 2018 Maglm'
935 1921 1394 2018 prgn‘ir‘tanasmio
1433 1917 1693 1976 (formari-

648 2006 784 2061 cmsi
800 1997 976 2074 '(amto
997 1997 1147 2063 800).

406 2102 503 2166 (Ex
529 2099 591 2151 D.
617 2097 863 2156 Bouquet,
891 2085 1089 2142 Recucil
1122 2085 1208 2136 des
1237 2081 1386 2144 Hist.)

166 2180 399 2247 Karolus
437 2183 606 2255 gratia
658 2178 751 2233 Dei
806 2191 901 2231 rex
943 2173 1272 2228 Francorum
1304 2175 1359 2220 et
1388 2159 1696 2232 Langobar-

96 2283 295 2337 dorum
325 2291 391 2332 ac
423 2253 678 2344 patricius
711 2268 1095 2322 Romanorum}
1125 2257 1386 2314 Omnibus
1405 2253 1691 2324 episcopis,

104 2340 787 2433 comitibus-domesticis,
819 2353 1058 2417 vicariis,
1089 2344 1414 2405 ccnt'enariis
1442 2357 1537 2399 seu
1568 2340 1694 2396 reli-

104 2466 223 2534 quis
264 2459 516 2517 fideiibus
545 2451 773 2512 noStris,
808 2443 1165 2518 praesentibus
1192 2450 1246 2496 et
1269 2437 1479 2504 futuris,
1507 2443 1692 2489 notum

112 2522 180 2612 sit
203 2554 324 2624 quia
379 2539 640 2620 petitione
686 2537 1027 2598 dilectissimi
1079 2532 1252 2588 fidelis
1298 2522 1468 2586 nostri
1515 2523 1694 2581 Albini

110 2619 428 2703 venerabilis
470 2634 790 2696 monasterii
831 2625 1274 2691 sanctislartini,
1307 2621 1392 2677 ubi
1430 2619 1546 2689 ipse
1573 2631 1696 2688 pre-

106 2739 278 2792 tiosus
305 2745 530 2804 corpore
555 2715 869 2798 requiescit,
917 2719 1148 2786 abbatis,
1197 2715 1373 2772 taliter
1427 2707 1696 2768 concessi-

112 2840 258 2890 mus,
305 2834 364 2880 ut
406 2799 653 2880 monachi
704 2817 794 2888 qui
833 2813 935 2870 sub
979 2811 1158 2882 regula
1207 2807 1379 2864 sancti
1424 2799 1696 2860 Benedicti

111 2914 426 2975 Conversari
470 2912 738 2975 videntur,
788 2907 841 2963 in
894 2901 1246 2968 monasterio,
1291 2897 1432 2966 quod
1461 2901 1546 2950 est
1570 2907 1697 2949 con-

113 3012 384 3064 structum
412 3004 466 3058 in
495 3001 697 3058 honore
721 2995 889 3053 sancti
921 2992 1068 3050 Pauli
1098 2987 1351 3060 apostoli,
1384 2988 1436 3040 in
1465 2985 1583 3040 loco
1607 2981 1699 3052 qui

116 3101 313 3158 dicitur
343 3094 702 3161 Cormaricus,
732 3088 1004 3146 licentiam
1051 3084 1309 3138 baberent
1357 3091 1522 3133 naves
1561 3075 1694 3130 duas

124 3206 223 3273 per
267 3185 502 3260 Ligerim
550 3144 763 3239 fluvium
787 3193 838 3238 et
875 3177 1189 3236 Meduanam
1237 3173 1351 3228 sive
1395 3170 1604 3225 Sartam
1647 3174 1702 3221 et
1728 3144 1778 3218 C

119 3261 325 3338 Latium
383 3276 470 3332 vel
522 3269 807 3344 Vigeimam
855 3270 1113 3326 Viennam
1183 3264 1285 3318 huc
1333 3261 1562 3331 illucque
1605 3272 1704 3328 pro

126 3365 534 3427 necessitatibus
555 3363 849 3434 dirigendi,
879 3371 936 3415 ut
961 3359 1161 3414 nullum
1185 3355 1498 3412 theloneum
1529 3364 1706 3418 neque

124 3461 186 3516 de
203 3460 310 3517 sale
332 3472 435 3514 nec
462 3457 532 3513 de
560 3449 682 3511 ullis
705 3453 1031 3526 quibuslibet
1058 3449 1219 3505 rebus
1250 3447 1304 3501 in
1333 3444 1445 3500 ullo
1475 3439 1698 3498 omnino

128 3553 243 3607 loco
284 3551 381 3620 ipsi
427 3558 518 3604 aut
564 3545 812 3603 homines
865 3556 1052 3600 eorum
1091 3540 1302 3596 solvere
1331 3545 1425 3590 aut
1453 3535 1584 3588 dare
1611 3531 1706 3587 de-

130 3647 300 3702 beant.
330 3646 625 3716 Propterea
654 3648 973 3713 praesentem
1001 3635 1370 3692 auctoritatem
1401 3627 1509 3683 fieri
1531 3623 1700 3697 jussi-

127 3753 268 3804 mus,
294 3753 392 3809 per
428 3750 590 3808 quam
630 3731 1010 3806 perpetualiter
1050 3725 1298 3797 iubemus
1327 3728 1384 3775 ut
1411 3732 1580 3788 neque
1610 3729 1708 3771 nos

122 3847 299 3902 neque
346 3831 592 3900 iuniores
641 3841 738 3884 seu
789 3834 1140 3880 successores
1187 3816 1356 3873 nostri
1411 3818 1710 3868 memorato

117 3901 238 3980 viro
260 3920 551 3979 venerabili
594 3919 790 3975 Albino
833 3913 1010 3971 abbati
1039 3920 1132 3966 aut
1157 3904 1560 3967 successoribus
1589 3901 1701 3956 suis

116 4018 237 4072 sive
265 4013 545 4070 monachis
583 4020 675 4067 aut
703 4009 1005 4066 hominibus
1032 4017 1216 4061 eorum
1244 4000 1310 4055 de
1335 3993 1704 4067 suprascripto

117 4105 453 4164 monasterio
478 4104 648 4160 sancti
677 4100 827 4159 Pauli
851 4113 946 4172 pro
968 4096 1098 4168 ipsis
1126 4091 1350 4149 navibus
1379 4087 1707 4159 inquietare,

116 4213 219 4260 aut
240 4200 560 4259 calumniam
591 4211 869 4270 generare,
899 4209 998 4251 nec
1025 4191 1293 4248 teloueum
1317 4195 1408 4240 aut
1430 4181 1714 4250 ripaticum

116 4295 194 4351 ab
245 4295 324 4351 eis
367 4307 466 4348 nec
516 4269 852 4348 salutaticum
908 4299 1008 4341 nec
1057 4281 1378 4354 portaticum
1431 4286 1530 4329 nec
1577 4269 1715 4323 ullas

115 4385 517 4444 redhibitiones
567 4381 846 4452 requirere
905 4384 998 4432 aut
1058 4381 1310 4429 exactare
1382 4364 1496 4419 ullo
1555 4359 1715 4416 modo

116 4490 500 4557 praesumant:
531 4477 628 4536 sed
661 4475 726 4532 ad
755 4475 902 4530 illum
946 4479 1187 4526 sanctum
1230 4467 1408 4522 locum
1449 4455 1718 4514 Cormari-

113 4588 256 4631 cum
281 4585 337 4628 ct
365 4571 434 4626 ad
460 4569 653 4625 fratres
681 4568 828 4637 ipsos
857 4566 908 4620 in
939 4563 1283 4629 eleemosyna
1309 4561 1490 4608 nostra
1525 4545 1720 4603 nostris

112 4665 440 4734 futurisque
507 4635 835 4729 temporibus
916 4649 1302 4725 perpetualiter
1367 4639 1610 4714 proficiat
1668 4635 1721 4689 in

112 4731 510 4828 augmentum.
545 4752 613 4807 Et
641 4760 700 4806 ut
728 4750 844 4806 hazc
871 4744 1160 4801 auctoritas
1197 4735 1399 4794 firmior
1445 4731 1722 4791 habeatur,

113 4860 181 4908 et
204 4821 312 4918 per
344 4857 586 4914 tempora
614 4840 810 4896 melius
830 4841 1202 4898 conservetur,
1229 4827 1295 4883 de
1322 4821 1521 4878 annulo
1543 4826 1726 4874 nostro

115 4940 328 5000 subter
356 4935 590 5008 sigillare
615 4932 892 5004 iussimus.

209 5031 476 5088 Cenesius
497 5029 564 5084 ad
592 5030 762 5083 vicem
789 5017 1181 5080 llercamboldi.

209 5123 346 5178 Data
377 5136 458 5177 itu
485 5119 666 5176 Nonas
693 5115 859 5182 Junii,
903 5127 1046 5168 anno
1092 5120 1240 5163 sub
1289 5112 1343 5160 ct
1389 5115 1532 5157 xxvii
1581 5095 1729 5167 regni

122 5214 339 5274 nostri.

213 5307 410 5362 Actum
438 5301 672 5358 Turonis
703 5298 756 5355 in
787 5291 1119 5353 monasterio
1147 5285 1319 5344 sancti
1352 5280 1589 5341 Martini.

868 5404 1029 5460 LXV.

134 5487 474 5556 Promptum
516 5479 706 5556 Caroli
767 5477 946 5547 Magni
981 5490 1104 5556 .pr‘o
1172 5467 1524 5556 Augel‘i‘aneust

489 5553 677 5609 Anitmi
716 5539 1025 5603 monasterio
1063 5549 1220 5612 (anno
1253 5539 1398 5606 800).

649 5641 743 5704 (Ex
765 5639 824 5690 D.
845 5639 1091 5700 Bouquet,
1107 5631 1246 5693 ibid.)

224 5737 456 5795 Karolus
495 5731 664 5806 gratia
699 5731 789 5786 Dei
832 5746 922 5784 rex
953 5728 1282 5784 Francorum
1329 5729 1384 5775 et
1428 5715 1736 5786 Longobar-

138 5837 345 5894 dorum
397 5849 460 5890 at:
509 5829 768 5904 patricius
820 5824 1206 5879 Romanorum.
1273 5811 1581 5884 Conipcriat
1628 5823 1742 5865 om-

1784 1449 2175 1518 Aurelianensi,
2225 1450 2276 1504 in
2319 1449 2442 1502 villa
2472 1450 2780 1518 Apponiaco
2805 1455 2859 1502 et
2888 1446 3205 1510 llerbiliaeo,
3238 1461 3358 1500 cunt

1787 1540 1986 1594 villulis
2026 1549 2082 1595 et
2128 1540 2454 1609 appendiciis
2501 1540 2646 1605 suis;
2697 1547 2752 1591 et
2801 1539 2853 1591 in
2899 1534 3141 1592 Berclllis
3186 1535 3356 1589 mansi

1791 1640 1919 1698 tres,
1963 1641 2016 1686 et
2046 1633 2098 1686 in
2130 1632 2269 1686 villis
2313 1630 2595 1685 Sucaraute
2626 1639 2844 1683 manans
2882 1642 3035 1690 unus,
3065 1635 3119 1682 et
3148 1627 3199 1681 in
3230 1639 3364 1696 pago

1791 1723 2029 1778 Bicsensi
2059 1723 2110 1778 in
2138 1723 2339 1777 'l‘urmo
2366 1719 2484 1777 cum
2512 1721 2840 1790 appendiciis
2868 1721 3011 1786 suis;
3040 1733 3180 1774 area:
3205 1720 3363 1772 etiam

1711 1792 1762 1863 Β
1790 1813 1928 1869 intra
1974 1814 2218 1881 citraque
2259 1811 2526 1867 civitatem
2566 1813 2630 1866 ad
2663 1809 2942 1865 luminaria
2975 1812 3026 1864 in
3059 1809 3372 1863 dormitorio

1791 1904 2104 1961 eorumdem
2154 1904 2373 1959 fratrum
2418 1903 2810 1970 concinnanda,
2843 1910 2899 1958 et
2927 1901 2992 1955 ad
3027 1901 3188 1972 ligna,
3224 1899 3370 1956 unde

1799 1998 1957 2067 panis
2002 2011 2186 2051 eorum
2230 1995 2468 2065 quotidie
2511 2003 2790 2063 coquatur,
2820 1993 3066 2048 emenda.
3097 1993 3150 2047 Si
3175 1991 3369 2059 aliquis

1798 2089 2098 2148 futurorum
2154 2088 2431 2153 abbatum,
2489 2101 2584 2156 pro
2628 2100 2810 2140 amore
2858 2083 2948 2139 Dei
2988 2093 3042 2138 et
3077 2081 3372 2138 reverentia

1795 2182 1964 2252 ipsius
2011 2180 2207 2247 sancti,
2257 2179 2390 2249 ipsis
2437 2179 2710 2234 canonicis
2756 2175 3024 2246 quippiam
3059 2174 3258 2227 addere
3285 2187 3376 2226 vo-

1794 2272 1973 2337 luerit,
2031 2271 2081 2326 id
2110 2285 2230 2326 cum
2278 2269 2444 2342 gratia
2478 2269 2568 2323 Dei
2603 2275 2850 2338 peragat,
2903 2274 2960 2322 et
2999 2266 3128 2319 nihil
3159 2261 3375 2319 auferre

1796 2371 2123 2433 prasumat;
2175 2374 2431 2416 numerus
2473 2359 2852 2414 canonicorum
2895 2356 3133 2426 eiusdem
3178 2370 3377 2409 mona—

1794 2454 1942 2510 sterii
1995 2455 2131 2510 ultra
2193 2454 2436 2523 citraque
2481 2451 2881 2522 sexagenarium
2934 2463 3213 2505 numerum
3273 2457 3377 2504 non

1801 2547 2172 2619 progrediatur
2197 2555 2290 2601 aut
2314 2544 2604 2615 minuatur,
2633 2555 2740 2602 etc.

2491 2677 2677 2736 LXVI.

1839 2778 2156 2852 Praeceptum
2185 2776 2360 2834 Caroli
2391 2777 2570 2852 Magni
2605 2792 2702 2852 pro
2722 2766 2942 2852 ecclesia
2971 2763 3349 2831 Cenomaunica

2419 2849 2580 2920 (anno
2606 2849 2759 2920 80:2).

2279 2945 2370 3018 (Ex
2398 2950 2460 3002 D.
2488 2951 2734 3012 Bouquet,
2762 2951 2905 3012 Ibid.)

1871 3040 1928 3106 in
1960 3049 2173 3106 nomine
2203 3048 2408 3112 Patris,
2438 3057 2492 3101 et
2519 3042 2671 3111 Filii,
2703 3054 2756 3098 et
2787 3041 3017 3110 Spiritus
3058 3037 3247 3103 sancti,
3282 3035 3387 3090 Ca-

1806 3145 1950 3199 rolus
1973 3141 2344 3197 serenissimus
2367 3140 2636 3208 Augustus
2655 3150 2685 3189 a
2709 3133 2816 3189 Deo
2837 3141 3140 3194 coronatus,
3166 3142 3388 3200 magnus

1809 3247 1864 3294 et
1905 3236 2155 3306 pacificus
2197 3234 2518 3299 imperator,
2555 3231 2845 3284 liomanum
2887 3225 3188 3295 gubernans
3224 3221 3391 3289 impe-

1814 3329 1976 3397 rium,
2009 3327 2096 3398 qui
2128 3336 2181 3383 et
2214 3341 2307 3394 per
2351 3320 2768 3379 misericordiam
2801 3317 2894 3374 Dei
2941 3332 3029 3373 rex
3062 3305 3389 3370 Francorum

1809 3428 1971 3490 atque
2023 3415 2515 3487 Longobardorum.
2564 3413 2619 3469 Si
2663 3409 2906 3479 precibus
2949 3406 3282 3463 sacerdotum
3325 3416 3389 3456 ac

1811 3520 2087 3570 servorum
2122 3510 2212 3566 Dei
2243 3507 2472 3563 libenter
2501 3521 2684 3559 aurem
2723 3519 2768 3557 at
2786 3502 3217 3564 commodamus,
3245 3507 3300 3553 et
3322 3496 3393 3551 ad

1813 3603 2165 3662 ministerium
2196 3616 2381 3659 eorum
2425 3596 2822 3667 exsequendum
2867 3593 3123 3648 auxilium
3173 3598 3391 3660 praesta-

1813 3707 1955 3762 mus,
1998 3684 2100 3750 hoc
2129 3692 2282 3749 nobis
2314 3687 2664 3758 proculdubio
2695 3686 2759 3739 ad
2803 3694 2999 3738 statum
3030 3679 3180 3751 regni
3212 3691 3394 3733 corro-

1816 3787 2136 3849 boratidum,
2178 3792 2234 3838 et
2271 3781 2336 3835 ad
2365 3790 2581 3836 aitet-nte
2623 3779 2743 3832 vita:
2790 3774 3169 3830 beatitudinem
3220 3771 3391 3838 adipi-

1813 3877 2066 3935 scendam
2094 3864 2427 3944 prol‘ulurum
2452 3883 2572 3924 esse
2601 3868 2890 3922 credimus.
2922 3864 3125 3918 idcirco
3147 3860 3398 3915 omnibus

1815 3958 2057 4025 fidelibus
2086 3974 2285 4022 sanctae
2318 3951 2407 4017 Dei
2441 3959 2696 4017 Ecclesia:
2745 3968 2800 4013 et
2849 3957 3062 4019 nostris,
3113 3965 3220 4007 tum
3259 3968 3395 4020 prav—

1815 4060 2055 4116 sentibus
2085 4070 2240 4125 quam
2272 4063 2326 4109 et
2355 4052 2570 4118 futuris,
2604 4057 2785 4104 notum
2828 4061 2947 4100 esse
2974 4045 3245 4106 volumus,
3274 4041 3398 4112 quia

1816 4170 1936 4211 cum
1975 4154 2026 4208 in
2072 4148 2166 4206 Dei
2198 4147 2411 4204 nomine
2455 4158 2553 4199 nos
2593 4145 2644 4197 in
2696 4137 2860 4210 Aquis
2889 4136 3082 4202 palatio
3113 4127 3293 4188 nostro
3330 4133 3398 4188 ad

1821 4247 2194 4303 universorum
2220 4253 2409 4295 causas
2435 4233 2745 4300 audiendas,
2773 4229 2853 4284 vel
2886 4237 3027 4283 recta
3054 4211 3251 4296 iudicia
3284 4233 3395 4278 ter-

1818 4335 2066 4396 minanda
2094 4333 2469 4392 resideremus,
2513 4325 2818 4382 sacerdotes
2844 4330 2899 4377 et
2934 4318 3179 4376 canonici
3218 4316 3400 4374 clerici

1820 4429 1990 4486 sancti
2042 4423 2302 4488 Gervasii,
2354 4424 2465 4476 sive
2509 4417 2606 4474 Dei
2650 4416 2790 4472 servi
2842 4414 2910 4468 de
2953 4409 3404 4468 Ccnommannica

1749 4512 1802 4573 D
1826 4522 1976 4583 urbe,
2005 4533 2125 4573 cum
2149 4527 2414 4569 consensu
2441 4521 2496 4566 et
2533 4507 2743 4564 licentia
2772 4506 2966 4573 .Ioseplt
2990 4514 3174 4558 eorum
3203 4511 3403 4555 metro-

1827 4609 2080 4684 politani,
2121 4621 2183 4662 ac
2225 4605 2421 4676 proptii
2477 4599 2742 4672 pontificis
2791 4592 3079 4651 Francouis
3133 4589 3401 4656 praedicta)

1829 4705 1976 4762 urbis
2022 4697 2291 4772 episc0pi,
2344 4695 2456 4751 sive
2507 4700 2826 4747 cancrorum
2876 4677 3403 4752 comprovincialium

1826 4798 2224 4867 episcOporum,
2259 4791 2310 4844 in
2340 4797 2576 4842 nostram
2605 4783 2934 4838 advenerunt
2959 4774 3318 4848 praisentiatu,
3347 4780 3405 4827 et

1825 4866 2106 4955 conquesti
2137 4891 2260 4938 sunt
2288 4878 2429 4950 quod
2462 4890 2627 4930 nonas
2666 4883 2721 4930 et
2749 4870 3007 4933 decimas,
3051 4866 3166 4920 sive
3205 4879 3403 4918 census

1828 4952 1971 5035 unde
2017 4969 2346 5030 necessarios
2393 4954 2605 5021 sumtus
2651 4962 2847 5016 habere
2894 4957 3161 5020 debeant,
3221 4952 3410 5007 ﬁdeles

1831 5067 2020 5134 nostri,
2053 5063 2140 5134 qui
2173 5076 2258 5117 res
2300 5058 2469 5113 sancti
2512 5051 2751 5110 Cervasii
2800 5042 3137 5104 beneficiaria
3183 5055 3404 5097 munere

1717 5128 1737 5241 ἰ
1832 5128 2199 5232 possidebant,
2231 5157 2323 5205 aut
2353 5147 2679 5217 negligenter
2715 5132 3102 5211 persolverent,
3132 5144 3224 5190 aut
3259 5128 3410 5203 peni-

1835 5226 1917 5311 lus
1939 5251 2163 5308 reddere
2185 5239 2476 5302 differrent.
2508 5238 2878 5302 Petieruntqoe
2906 5245 2968 5286 ae
2991 5228 3298 5299 suppliciter
3325 5226 3415 5279 de.

1837 5342 2034 5417 precati
2073 5347 2198 5396 sunt
2225 5345 2286 5392 ut
2326 5343 2504 5390 nostra
2552 5324 2844 5397 imperialis‘
2876 5330 3109 5393 potestas
3147 5319 3406 5380 efficeret,

1575 5458 1738 5516 ωηειί
1836 5407 2064 5506 qualiter
2093 5433 2160 5488 de
2203 5428 2408 5484 hisdem
2448 5423 2608 5478 rebus
2635 5418 2857 5474 decimas
2893 5423 2944 5470 et
2988 5426 3142 5467 nume
3175 5407 3414 5476 partibus

1839 5498 2147 5601 prescripta‘.
2178 5517 2417 5576 ecclesia:
2449 5513 2676 5585 pleniter
2705 5517 2758 5564 et
2792 5507 2992 5575 absque
3022 5501 3127 5555 ulla
3159 5498 3415 5553 dilatione

1842 5588 2302 5690 persolverentur;
2342 5614 2397 5661 et
2433 5601 2652 5659 aedificia
2701 5595 2938 5668 eiusdem
2986 5589 3258 5654 ecclesiae,
3301 5588 3418 5642 sive

1841 5681 2031 5767 donius
2058 5700 2377 5774 episcopalis
2406 5712 2468 5751 ac
2500 5693 2746 5756 fratrum,
2783 5687 2910 5742 inibi
2948 5683 3056 5740 Deo
3085 5681 3416 5750 degentium,

1843 5801 2057 5860 refecta:
2082 5769 2136 5851 et
2173 5769 2485 5851 restaurata:
2527 5787 2736 5842 fierent.
2779 5780 2996 5848 Insuper
3026 5772 3286 5830 humiliter
3323 5769 3415 5822 fia-
