3964 6344
615 275 722 333 995

1512 264 1575 326 Β.
1620 266 1873 326 CAROLI
1909 266 2122 323 MAGNI
2165 268 2196 324 C

2303 310 2317 326 .
2359 267 2536 325 PARS
2579 267 2618 324 lt
2661 269 2902 327 SECTIO
2945 272 3006 330 ll.
3790 278 3868 339 996

613 393 853 466 gitantes
883 388 1308 458 postulaverunt,
1341 395 1399 441 ut
1435 385 1681 440 'vlllarum
1715 385 1952 451 nomina,
1991 401 2056 441 ex
2085 385 2282 455 qui-‘A
2305 387 2528 444 decima
2575 390 2814 458 partibus
2867 392 3194 462 pra-scripta:
3247 397 3436 454 matris
3495 397 3772 470 ecclesia,
3817 407 3865 461 εδ

618 483 725 538 bus
757 495 912 536 nonae
939 489 994 533 et
1033 479 1257 540 decima:
1280 477 1344 531 ad
1373 477 1730 544 supradictam
1771 475 2047 531 ecclesiam
2077 491 2201 546 per-

612 573 751 630 solvi
801 573 1018 640 debent,
1069 573 1122 626 in
1172 579 1369 626 nostrae
1411 570 1743 624 auctoritatis
1787 578 2054 639 przecepto
2099 583 2198 626 nos

614 665 860 721 minatim
917 663 1148 720 adscribi
1209 662 1653 733 praecipissemus,
1710 672 1780 718 ne
1834 664 2012 732 aliquo
2060 664 2202 721 malo

613 757 852 829 ingenio,
882 764 976 810 aut
1002 753 1235 824 qualibet
1262 754 1585 817 calliditate,
1615 763 1707 808 aut
1747 757 1984 822 potentia
2025 755 2199 810 alicu-

609 848 702 920 jus
744 848 924 902 divitis
968 845 1048 902 vel
1093 845 1343 914 potentis,
1377 845 1458 900 hae
1489 845 1626 900 villa:
1658 845 1741 901 vel
1791 847 1874 900 hte
1902 861 1991 902 res
2021 861 2050 900 a
2076 847 2196 914 iure

613 941 856 1012 ejusdem
891 939 1141 995 Ecclesia:
1179 939 1422 993 alienatas
1469 937 1660 993 futuris
1708 939 1898 994 tierent
1947 938 2201 1008 tempori-

604 1033 734 1097 bus,
767 1041 861 1086 aut
891 1046 1044 1087 nona:
1077 1030 1162 1086 vel
1192 1030 1433 1094 decimae,
1466 1031 1578 1084 sive
1603 1043 1797 1085 census
1820 1032 1900 1085 vel
1933 1041 2200 1086 restaura-

609 1123 787 1178 tiones
815 1123 926 1191 jam
950 1121 1107 1176 dicta:
1145 1120 1386 1176 ecclesiae
1415 1119 1604 1175 ablatae
1647 1119 1762 1176 ﬁeri
1792 1130 2027 1189 possent.
2056 1120 2199 1188 Quo-

608 1227 731 1267 rum
789 1211 1196 1282 deprecationes
1253 1215 1472 1279 propter
1525 1225 1765 1264 amorem
1819 1209 1912 1263 Dei
1970 1209 2200 1265 libenter

605 1303 925 1366 audivimus.
969 1313 1026 1360 et
1076 1305 1213 1359 sicut
1253 1303 1522 1370 deprecati
1553 1312 1698 1366 sunt,
1745 1303 2065 1357 monasteria
2114 1301 2197 1358 vel

604 1396 852 1463 cellulas,
881 1411 976 1452 seu
1006 1397 1153 1450 vicos
1188 1395 1269 1449 vel
1301 1394 1474 1460 villas,
1503 1404 1636 1463 quas
1681 1403 1864 1449 nostra
1917 1392 2198 1462 largitione

605 1501 668 1544 es
713 1488 834 1556 jure
878 1488 1108 1557 praelian
1145 1486 1386 1542 ecclesiae
1433 1487 1602 1542 nostri
1653 1485 1838 1542 litieles
1887 1486 2088 1542 habere
2116 1485 2198 1541 di-

606 1587 924 1643 noscuntur,
955 1579 1266 1633 nominatim
1299 1580 1349 1630 in
1381 1577 1482 1632 hoc
1508 1587 1778 1646 praecepto
1807 1579 2044 1633 inserere
2070 1576 2196 1648 jus-

605 1671 797 1736 simus,
830 1681 884 1726 ut
917 1671 1110 1727 futuris
1145 1672 1472 1739 temporibus
1514 1673 1566 1726 in
1585 1667 1708 1741 jure
1745 1678 1799 1726 et
1825 1672 2192 1728 dominatione

2303 482 2507 538 eisdem
2537 483 2782 539 (idelibus
2810 488 3010 543 nostris
3041 487 3268 546 libenter
3304 501 3361 546 et
3404 493 3658 560 pleniter
3697 502 3863 568 pertoL

2305 583 2518 640 Vantur,
2559 583 2614 628 et
2641 575 2864 630 aedilicia
2897 575 3139 647 ejusdem
3170 581 3416 637 ecclesiae
3454 585 3582 640 sive
3622 587 3858 647 domorn

2303 664 2370 719 ad
2401 679 2519 719 eam
2563 663 2699 720 infra
2731 668 3002 722 civitatem
3049 670 3426 739 pertinentium
3479 677 3558 732 ibi
3601 688 3858 748 restaurare

2303 751 2529 810 faciant.
2563 755 2703 812 ldest
2741 758 2810 811 de
2836 759 2961 814 vilia
2993 748 3234 828 Taleida,
3265 764 3333 820 de
3361 768 3494 821 villa
3531 769 3792 838 [.uedono;
3813 778 3857 830 de

2300 846 2424 900 villa
2469 845 2726 915 Baladon,
2757 849 2825 906 de
2871 851 2992 905 villa
3021 853 3370 923 Quebrolius,
3423 873 3556 926 qua:
3592 858 3856 921 Nova-Villa

2304 948 2662 1007 nuncupatur,
2691 939 2762 995 de
2795 940 2918 994 villa
2954 941 3234 1009 Pradellis,
3257 946 3324 1002 de
3349 947 3657 1016 Morniaco,
3680 955 3743 1009 de
3767 958 3853 1013 villa

2298 1028 2504 1096 Quitlis,
2535 1030 2601 1084 de
2629 1032 2784 1087 tertia
2815 1041 2966 1101 parte
2993 1034 3062 1088 de
3086 1035 3218 1090 cella
3243 1040 3412 1095 sancti
3445 1041 3665 1108 Aimiri,
3695 1055 3745 1098 et
3780 1056 3853 1101 ter-

2297 1120 2367 1173 tia
2401 1129 2549 1188 parte
2600 1121 2667 1176 de
2711 1123 2849 1179 cella
2890 1127 3058 1181 sancti
3100 1126 3310 1193 Ull‘acii,
3351 1141 3408 1184 et
3439 1133 3605 1188 tertia
3646 1138 3780 1210 parte
3807 1140 3851 1195 de

2297 1209 2430 1263 cella
2459 1213 2625 1286 sancti
2656 1210 2895 1279 Ricntiri,
2918 1213 2986 1269 de
3015 1215 3141 1270 villa
3165 1217 3414 1285 Bonlido,
3443 1222 3517 1278 de
3547 1209 3783 1294 Augeae,
3807 1231 3850 1285 de

2295 1297 2562 1354 Solemnis
2593 1299 2716 1356 villa
2766 1311 2820 1357 et
2849 1307 2986 1371 vice,
3034 1315 3091 1362 et
3115 1308 3249 1364 cella
3286 1310 3572 1381 Jurrnero,
3604 1326 3658 1370 et
3681 1319 3740 1375 ds
3763 1323 3848 1375 villa

2297 1389 2568 1457 Apiliaco,
2600 1403 2653 1447 et
2690 1392 2757 1448 de
2792 1393 3008 1464 Alnido,
3044 1407 3101 1452 et
3146 1397 3404 1468 Daucido,
3436 1404 3512 1460 de
3538 1405 3790 1465 Novitiaco
3813 1423 3847 1466 et

2296 1477 2614 1536 Farisnonia
2642 1493 2696 1538 et
2725 1483 2949 1555 Campo,
2994 1486 3246 1558 Sirigieo,
3293 1490 3555 1561 Luclaco,
3604 1511 3657 1554 et
3693 1499 3837 1562 Ilotae

2295 1583 2350 1630 et
2401 1573 2468 1630 de
2513 1575 2756 1644 Comnis,
2819 1580 2953 1635 cella
2999 1583 3172 1638 sancti
3201 1586 3550 1658 Leodegarii,
3603 1594 3842 1662 Auxuma

2299 1666 2498 1733 Bonlir,
2524 1669 2592 1724 de
2625 1672 2745 1724 vico
2772 1670 2989 1729 Ga’brdn
3015 1689 3142 1730 cum
3169 1676 3286 1734 suis
3313 1683 3672 1754 appendiciis,
3701 1697 3748 1742 et
3771 1689 3835 1743 lla-

603 1760 714 1832 jam
763 1761 924 1816 dictae
976 1762 1221 1818 ecclesiae
1260 1736 1386 1817 cum
1438 1736 1603 1816 omnii
1638 1761 1939 1832 integritate
1989 1777 2192 1830 permai
2223 1736 2271 1797 Β
2302 1759 2412 1813 lino
2454 1761 2576 1814 vico
2610 1761 2841 1831 publico,
2894 1773 2951 1820 et
2991 1765 3058 1822 de
3103 1767 3229 1823 Villa
3256 1736 3834 1840 Viviriacopetv'devv'il‘b

606 1859 790 1913 neunt,
835 1850 886 1906 id
914 1860 998 1906 est
1027 1852 1410 1906 monasterium
1453 1853 1621 1907 sancti
1657 1851 1830 1915 Petri,
1865 1853 2003 1919 quod
2051 1854 2180 1906 Bero

605 1953 849 1999 tramnus
893 1945 1176 2014 episcopus
1205 1944 1510 2012 aedificavit,
1561 1959 1682 2009 cum
1733 1944 2060 2000 monasterio
2105 1945 2188 1999 vel

607 2036 1136 2107 synodocltio-sancti
1165 2035 1372 2091 Martini
1405 2037 1455 2090 in
1491 2037 1797 2100 l’onteleva,
1826 2046 1882 2091 et
1911 2043 2189 2090 mortach

605 2129 744 2182 rium
787 2129 956 2183 sancti
994 2127 1236 2194 Victurii,
1267 2129 1320 2182 in
1359 2143 1464 2196 quo
1503 2130 1618 2195 ipse
1664 2127 1896 2182 domnus
1929 2125 2195 2182 Victurius

605 2218 895 2288 requiescit
945 2219 998 2273 in
1046 2233 1297 2288 corpore,
1344 2228 1398 2273 et
1443 2219 1825 2272 monasterium
1862 2228 2060 2273 sancta:
2089 2217 2198 2272 Ma-

607 2310 727 2375 τίω.
769 2310 910 2376 quod
952 2317 1037 2366 est
1073 2311 1439 2365 constructum
1471 2308 1608 2363 intra
1639 2323 1849 2364 murtun
1889 2307 2118 2364 civitatis
2143 2317 2198 2364 et

605 2402 826 2456 ﬂuvium
881 2403 1084 2466 Sartte,
1139 2415 1262 2455 cum
1316 2400 1695 2454 monasteriolo'
1747 2401 1914 2454 sancti
1975 2399 2196 2455 Ricmiri

603 2489 742 2544 ultra
774 2488 989 2543 ﬂuvium
1013 2494 1182 2544 δέη-ιω
1212 2489 1278 2543 ad
1307 2496 1427 2544 eum
1462 2489 1794 2558 pertinente,
1823 2498 1879 2544 et
1925 2495 2197 2544 monasteo

603 2581 744 2636 rium
798 2590 996 2635 sancttc
1046 2580 1377 2646 Scolasticzc,
1435 2592 1488 2635 et
1538 2579 1972 2636 monasteriolum
2019 2580 2193 2634 sancti

607 2670 855 2725 Germani
888 2672 1022 2724 ultra
1055 2670 1272 2723 ﬂuvium
1320 2671 1519 2736 Sartte,
1559 2680 1610 2724 et
1643 2672 2080 2725 monasteriolum
2112 2671 2196 2726 vel

609 2759 1002 2830 synodochium
1035 2769 1236 2814 sancta:
1265 2761 1459 2823 Mariae,
1491 2764 1540 2815 in
1563 2765 1912 2831 quodOmnns
1932 2764 2196 2820 Paduinus

608 2849 900 2919 requiescit
942 2851 994 2905 in
1034 2865 1292 2918 corpore;
1321 2860 1376 2906 et
1426 2845 1862 2909 monasteriolum
1903 2856 2072 2910 sancti
2099 2855 2196 2911 Ju-

604 2937 757 3002 liani,
789 2939 842 2993 in
871 2955 978 3010 quo
1009 2941 1123 3010 ipse
1150 2940 1442 3011 requiescit
1473 2941 1526 2996 in
1555 2956 1817 3012 corpore;
1848 2953 1920 3007 ,et
1948 2945 2194 3000 cellulam

603 3028 777 3084 sancti
800 3029 1018 3086 Victurii
1051 3031 1184 3086 intra
1210 3033 1509 3099 civitatem,
1540 3042 1596 3087 et
1617 3037 1998 3089 monasterium
2022 3037 2192 3090 sancti

606 3117 866 3184 Karieﬂl,
897 3121 948 3176 itt
982 3132 1086 3192 quo
1113 3122 1229 3192 ipse
1259 3123 1488 3178 domnus
1515 3123 1802 3194 requiescit
1832 3124 1886 3180 in
1924 3142 2192 3194 corpore;

607 3220 658 3265 et
701 3214 1082 3268 monasterium
1109 3214 1280 3269 sancti
1309 3214 1545 3285 Georgii,
1577 3225 1632 3270 et
1662 3221 2046 3273 monasterium
2078 3219 2195 3274 'l‘il-

609 3303 726 3372 lidi,
755 3315 810 3360 et
837 3307 1217 3362 monasterium
1232 3307 1507 3375 Tussiaco,
1532 3311 1588 3364 et
1610 3312 1991 3367 monasterium
2021 3313 2194 3369 sancti

606 3393 867 3450 Johannis
894 3407 948 3451 et
970 3399 1140 3452 sancti
1169 3399 1380 3452 Trecltii
1415 3399 1466 3455 iu
1497 3400 1721 3466 Buxido,
1754 3411 1810 3455 et
1838 3405 2198 3459 monasterio-

607 3487 718 3541 lum
763 3489 931 3542 sancti
979 3484 1185 3544 Martini
1228 3489 1280 3542 in
1315 3489 1668 3556 Diablcntico,
1715 3501 1770 3546 et
1809 3497 2194 3552 monasterium

607 3590 804 3634 sancta:
828 3581 1008 3634 Mariae
1034 3581 1086 3635 in
1112 3582 1406 3646 Aurionno,
1434 3590 1490 3636 et
1516 3584 1958 3640 tttonastcr'iolum
1990 3587 2199 3656 Buxldi,

611 3679 668 3725 et
699 3672 944 3725 cellulam
984 3672 1302 3730 Scu'viliaco.
1349 3674 1474 3729 lltec
1500 3675 1701 3746 omnia,
1731 3677 1874 3734 sicut
1914 3679 2202 3752 diligenter

610 3760 923 3830 inquisitum
953 3761 1230 3831 habemus,
1260 3779 1381 3820 cum
1411 3765 1660 3823 omnibus
1687 3769 1753 3824 ad
1793 3785 1854 3827 se
1885 3773 2198 3841 pertinenti-

609 3853 731 3919 bus.
762 3862 818 3910 ct
845 3855 896 3909 in
935 3857 1148 3927 scriptis
1193 3856 1519 3914 authenticis
1565 3862 1734 3916 sancti
1768 3861 2013 3918 Gervasii
2045 3866 2201 3922 inve-

606 3946 804 4014 nimus,
838 3945 980 4014 juste
1020 3955 1076 4000 et
1104 3947 1342 4016 legaliter
1371 3948 1656 4018 pertinent.
1702 3953 1776 4006 Es
1821 3954 2016 4022 quibus
2059 3965 2201 4027 pra!-

607 4037 874 4105 cipimus,
926 4048 982 4090 ut
1038 4036 1412 4094 festivitatibus
1469 4040 1682 4095 illorum
1738 4054 2088 4114 sanctorum,
2144 4049 2197 4107 in

608 4144 836 4197 quorum
870 4130 1144 4185 memoriis
1179 4132 1290 4198 ipsa
1333 4133 1577 4187 caenohia
1609 4134 1780 4189 dicata
1812 4151 1934 4191 esse
1963 4153 2199 4195 noscun-

609 4227 718 4285 tur,
750 4235 844 4287 per
873 4219 1110 4288 singulos
1138 4238 1306 4277 annos
1334 4223 1401 4278 ad
1433 4227 1702 4294 praeﬁxum
1727 4237 1950 4283 matrem
1981 4239 2035 4285 et
2063 4232 2201 4286 civio

609 4311 736 4362 tatis
768 4312 1089 4380 Ecclesiam,
1117 4328 1308 4368 ceusus
1337 4317 1405 4370 ab
1434 4318 1581 4386 ipsis,
1614 4323 1701 4390 qui
1730 4322 1918 4376 eadem
1948 4325 2193 4380 ctenobia

2295 1851 2474 1921 Longa
2501 1868 2654 1921 aqua,
2687 1866 2743 1910 et
2771 1857 2841 1912 de
2869 1857 3247 1930 Campaniaco,
3275 1873 3332 1919 et
3359 1865 3433 1920 de
3460 1865 3779 1938 Cnnedralio,
3798 1885 3833 1928 et

2303 1942 2371 1998 de
2419 1941 2631 1998 Geni-da
2676 1948 2808 2003 vicis
2838 1949 3084 2019 publicis,
3113 1962 3169 2009 et
3196 1954 3263 2010 de
3301 1956 3425 2012 villa
3465 1957 3646 2028 Clidis,
3677 1973 3727 2020 et
3745 1966 3837 2021 'i’re-

2295 2035 2493 2101 dendo,
2527 2043 2583 2091 et
2611 2036 2882 2106 V’ithlena,
2924 2039 3220 2109 Turniaco,
3266 2045 3530 2116 Cassam),
3559 2063 3613 2108 et
3648 2053 3832 2123 Vitiare,

2295 2138 2351 2182 et
2380 2126 2668 2195 Adilavitc,
2699 2141 2754 2186 et
2789 2132 2968 2202 Vigra,
3014 2145 3072 2191 et
3115 2135 3411 2208 Fontanas,
3440 2154 3496 2199 et
3522 2144 3778 2215 Ssnmuro,
3798 2163 3836 2204 et

2301 2219 2551 2288 Brallalo,
2580 2223 2838 2289 Felcaria,
2869 2226 3272 2294 Domno-Jorio,
3308 2242 3365 2288 et
3387 2245 3584 2303 partem
3604 2239 3666 2295 de
3684 2234 3835 2295 Fraxi-

2297 2315 2458 2380 ncdo,
2486 2325 2543 2371 et
2567 2317 2896 2388 Maundaria,
2926 2322 3202 2391 Drogieco,
3238 2323 3456 2394 thlare‘,
3481 2329 3546 2386 de
3576 2330 3748 2398 Verrio,
3775 2335 3828 2388 de

2295 2405 2516 2474 Juricio,
2559 2418 2609 2462 et
2663 2410 2974 2477 Camiliaco,
3020 2413 3088 2468 de
3135 2413 3472 2486 Taxinarias,
3515 2423 3568 2476 ει
3607 2420 3828 2477 Coctiaco

2297 2497 2416 2552 vico
2442 2497 2672 2567 publico,
2707 2506 2762 2554 et
2787 2501 2910 2555 villa
2942 2503 3264 2569 Antonlaco,
3292 2505 3356 2562 de
3381 2508 3498 2561 villa
3517 2509 3744 2577 Bonam,
3774 2525 3826 2568 et

2297 2588 2368 2645 de
2396 2589 2646 2646 omnibus
2676 2591 2836 2657 villis,
2877 2607 2997 2662 quae
3039 2595 3105 2649 ad
3134 2595 3315 2651 cellam
3337 2601 3490 2652 sancti
3519 2599 3710 2655 Martini
3732 2601 3811 2655 in-

2298 2678 2380 2734 fra
2421 2694 2628 2736 murum
2655 2682 2883 2756 civitatis
2915 2687 3202 2753 pertinent,
3239 2696 3290 2743 et
3319 2688 3565 2758 Cang‘taco
3590 2690 3698 2747 vico
3729 2707 3820 2759 pu-

2301 2769 2459 2838 blico,
2486 2781 2542 2828 et
2579 2773 2646 2828 de
2688 2775 2810 2829 villa
2841 2774 3165 2845 Limbriaco,
3220 2787 3273 2833 et
3300 2779 3616 2846 Verincella,
3639 2791 3691 2836 et
3717 2781 3827 2837 γει.

2299 2867 2473 2931 niaco,
2505 2875 2561 2921 et
2585 2867 2652 2922 de
2674 2867 2789 2924 vico
2822 2868 3185 2938 Diablcntico,
3219 2879 3275 2926 et
3321 2871 3387 2928 de
3424 2873 3556 2929 cella
3601 2877 3825 2941 Arciacus,

2299 2971 2353 3015 et
2379 2961 2446 3017 de
2486 2962 2608 3017 villa
2643 2961 2972 3032 Camariaco,
3012 2975 3066 3020 et
3103 2966 3370 3037 Civriaco,
3412 2979 3469 3024 et
3496 2969 3654 3036 Calla,
3677 2982 3723 3027 et
3741 2972 3818 3027 Co-

2303 3055 2557 3119 moriaco,
2588 3063 2643 3110 et
2671 3054 2738 3110 de
2767 3055 2888 3111 vilia
2931 3056 3244 3126 Andoliaco,
3276 3071 3333 3116 et
3361 3061 3430 3116 de
3461 3061 3584 3117 villa
3616 3062 3814 3128 Griviaco,

2303 3152 2360 3199 et
2387 3144 2719 3215 Martiniaco,
2751 3158 2805 3202 et
2843 3148 3138 3218 Linerolas,
3169 3161 3224 3206 et
3264 3151 3535 3224 Sisciaco,
3567 3165 3616 3210 et
3648 3157 3700 3211 de
3724 3157 3810 3210 cells

2307 3236 2701 3308 Domus-Regis
2752 3249 2808 3294 et
2849 3241 2917 3296 de
2963 3257 3098 3313 pago
3136 3244 3482 3312 Arduncnse,
3538 3250 3590 3302 iu
3627 3256 3800 3318 quassat

2306 3337 2583 3384 manentes
2607 3330 2753 3386 mille
2776 3333 2945 3387 sancti
2975 3331 3236 3405 Gervasii,
3265 3345 3320 3390 et
3346 3336 3416 3392 de
3457 3337 3785 3401 Curtblitsanz,

2303 3421 2455 3478 etde
2483 3421 2762 3491 Noviomo,
2805 3435 2863 3482 et
2905 3426 3203 3494 Scomiaco,
3251 3439 3302 3484 et
3346 3428 3793 3494 Camiliaco.etl‘.o-'

2304 3512 2500 3579 miaco,
2550 3522 2606 3570 et
2649 3515 2865 3582 Corma,
2907 3526 2962 3572 et
3008 3517 3302 3575 Novi-Vico
3343 3530 3398 3576 et
3439 3521 3810 3578 Hostiliacoritis

2304 3603 2554 3673 publicis.
2602 3604 2731 3659 lizec
2770 3613 2949 3662 autem
2979 3608 3182 3675 omnia,-
3207 3625 3324 3678 qute
3369 3613 3682 3667 nominatim
3712 3623 3814 3677 supra

2305 3695 2505 3752 inserta
2532 3709 2675 3763 sunt,
2708 3709 2764 3753 ut
2787 3697 2898 3769 jam
2941 3700 3143 3756 dictum
3185 3711 3287 3769 est,
3335 3707 3659 3762 enucleatim
3683 3704 3817 3761 ctdili-

2301 3795 2488 3856 genter
2517 3787 2889 3858 inveSIigatum
2920 3789 3200 3859 habemus,
3227 3804 3280 3849 et
3311 3794 3363 3850 in
3388 3797 3704 3854 authenticis
3727 3794 3823 3864 eius.

2302 3876 2423 3932 dem
2454 3879 2695 3933 ecclesia:
2727 3879 2940 3948 scriptis
2969 3882 3100 3951 ipsis
3124 3883 3334 3940 clericis
3363 3890 3526 3945 nobis
3567 3887 3827 3944 ostendenti-

2313 3969 2413 4022 bus
2439 3969 2759 4037 reperimus,
2791 3973 2904 4026 sive
2950 3972 3082 4028 alias
3127 3973 3302 4041 villas,
3357 3989 3495 4047 quas
3526 3992 3728 4052 [πορν-τ
3752 3990 3830 4047 pro-

2303 4057 2574 4126 lixitatem,
2601 4061 2680 4114 vel
2705 4074 2920 4131 propter
2945 4061 3297 4133 ignorantiam
3325 4069 3591 4126 villarum
3624 4073 3829 4128 nominum

2299 4148 2354 4204 in
2401 4151 2502 4205 hoc
2550 4161 2816 4223 praecepto
2857 4169 2965 4209 non
3017 4165 3143 4211 sunt
3188 4158 3424 4227 insertae,
3457 4161 3528 4216 ad
3561 4165 3669 4231 jam
3695 4163 3834 4216 diem

2300 4252 2480 4299 tamen
2510 4236 2792 4307 ecclesiam
2816 4244 2962 4317 juste
3001 4257 3055 4304 et
3097 4249 3339 4320 legaliter
3377 4254 3658 4321 pertinere.
3700 4267 3840 4323 cogno-

2299 4343 2542 4390 scuntur.
2589 4335 2764 4404 Super
2791 4337 2984 4407 quibus
3013 4339 3108 4395 has
3136 4351 3346 4396 nostras
3373 4347 3710 4401 auctoritatis
3740 4345 3838 4398 litte-

607 4409 794 4509 nostro
845 4400 1104 4509 benellcio
1131 4413 1354 4509 ltenen't,
1407 4404 1652 4509 libentur.
1673 4411 1736 4464 ad
1767 4426 1900 4480 opus
1939 4414 2194 4484 episcopi,
2222 4448 2275 4509 Β
2303 4440 2390 4480 ras
2423 4425 2535 4480 iieri
2565 4400 2937 4498 decrevimus,
2987 4444 3084 4498 per
3120 4446 3253 4500 quas
3283 4432 3593 4490 statuentes
3621 4436 3838 4496 omnibus,

609 4491 695 4545 vel
742 4493 968 4546 lratrum
1005 4492 1080 4548 ibi
1115 4495 1443 4562 degentium,
1494 4508 1548 4552 et
1587 4499 1654 4554 ad
1703 4501 1870 4570 ipsam
1911 4505 2195 4562 ecclesiam

608 4585 1033 4652 restaurandam,
1067 4595 1122 4642 et
1151 4604 1290 4643 nunc
1316 4598 1370 4644 et
1396 4591 1586 4646 futuris
1617 4597 1944 4663 temporibus
1991 4599 2202 4666 persol-

609 4687 840 4730 vantur:
873 4687 926 4731 et
958 4679 1177 4733 refectio
1212 4681 1488 4737 canonicis
1520 4695 1716 4740 sancta:
1745 4686 1922 4743 Maria:
1946 4698 2000 4743 et
2028 4692 2196 4746 sancti

610 4769 852 4824 Gervasii
877 4762 1176 4839 optimaﬁah
1217 4773 1405 4828 eodem
1435 4775 1645 4842 abbate,
1688 4779 1779 4847 qui
1819 4779 1987 4848 ipsum
2013 4795 2196 4838 etenu-

584 4859 755 4931 .bium
805 4870 932 4914 tunc
989 4864 1252 4933 temporis
1305 4865 1503 4922 habere
1553 4869 1778 4934 videtur,
1833 4872 1882 4926 itt
1943 4875 2192 4942 praedicta

612 4955 905 5011 festivitate
950 4957 1133 5010 libenti
1186 4960 1366 5012 animo
1398 4961 1506 5026 liat,
1547 4964 1591 5015 si
1637 4975 1870 5018 nostram
1894 4971 2113 5036 gratiam
2146 4979 2198 5024 et

610 5045 726 5115 ipsa
763 5047 1017 5100 benelicia
1051 5047 1251 5103 habere
1281 5050 1513 5105 voluerit
1547 5069 1558 5103 :
1593 5061 1651 5105 ut
1692 5055 1846 5110 nobis
1884 5073 1976 5111 scn
2009 5057 2197 5114 deces-

610 5139 844 5205 soribus,
877 5139 961 5194 vel
1005 5141 1508 5212 primogcttitoribus
1552 5147 1750 5201 nostris
1801 5156 2022 5217 prOpter
2052 5151 2198 5204 abla-

613 5230 786 5285 tiones
833 5231 914 5285 vel
967 5234 1375 5288 minorationem
1424 5234 1611 5290 harum
1670 5253 1849 5293 rerum
1899 5242 2009 5309 jam
2043 5242 2200 5299 dictte

534 5347 549 5404 ί
615 5323 858 5380 ecclesiae
900 5325 1111 5394 aliquod
1154 5326 1538 5383 detrimentum
1578 5339 1671 5383 aut
1715 5333 2006 5400 periculum
2052 5338 2198 5404 τι·εηί

535 5389 549 5413 ³
616 5432 726 5473 non
751 5416 1062 5482 adcrescat;
1093 5417 1187 5472 sed
1219 5421 1542 5486 perennibus
1579 5425 1910 5495 temporibus
1946 5427 2045 5482 sub
2079 5389 2201 5498 jure

617 5507 862 5561 ecclesia:
891 5507 1256 5573 permaneant.
1286 5509 1364 5564 De
1385 5511 1514 5566 vicis
1537 5528 1673 5568 vero
1710 5515 1938 5586 publicis
1975 5522 2054 5574 vel
2102 5521 2199 5575 vil-

618 5595 742 5649 Iulis
779 5594 890 5665 jam
921 5599 1078 5651 dictae
1105 5598 1369 5669 ecclesiae,
1416 5618 1550 5672 quas
1593 5605 1782 5661 ﬁdeles
1821 5611 1988 5665 nostri
2021 5622 2204 5668 nostra

613 5683 893 5755 largitione
923 5684 1146 5754 habent,
1186 5691 1409 5746 omnino
1449 5695 1814 5766 praecipimus,
1856 5707 1912 5753 ut
1950 5708 2107 5758 n‘ona:
2146 5712 2197 5761 ct

2303 4517 2392 4587 qui
2438 4517 2490 4571 in
2534 4518 2783 4588 praesenti
2813 4526 3050 4589 tempore
3096 4532 3186 4576 attt
3229 4522 3415 4580 futuris
3462 4529 3779 4597 temporibus
3799 4538 3841 4580 et

2301 4623 2612 4669 memorata:
2638 4606 2823 4670 matris
2866 4617 3111 4673 ecclesia
3155 4619 3317 4675 rebus
3362 4622 3630 4681 beneﬁcia
3670 4622 3848 4680 assecuti

2305 4712 2449 4772 sunt,
2484 4717 2575 4761 aut
2603 4707 2824 4776 adsequi
2863 4712 3150 4778 potuerint,
3190 4714 3561 4783 praecipimus,
3599 4727 3656 4772 ut
3684 4719 3745 4773 de
3767 4733 3848 4770 om-

2301 4796 2460 4851 nibus
2496 4797 3023 4854 conlaborationibus
3070 4810 3227 4859 terra:
3275 4815 3378 4859 tam
3431 4806 3591 4874 fesci,
3646 4823 3786 4878 quam
3817 4813 3853 4860 et

2300 4902 2526 4942 annona:
2551 4887 2789 4943 omnium
2819 4905 3108 4960 generum,
3161 4906 3266 4950 tatu
3297 4895 3363 4952 de
3405 4911 3500 4952 sua
3532 4900 3850 4961 dominicae,
3920 4917 3921 4984 η

2299 4994 2461 5050 quam
2482 4991 2535 5036 et
2557 4981 2626 5036 de
2647 4985 2972 5038 vassalorum
3004 5002 3245 5053 suorum,
3274 4991 3340 5044 dc
3367 4992 3646 5049 vinericiis
3677 5007 3854 5066 quoque

2299 5079 2356 5125 et
2389 5073 2702 5139 pcrdonato,
2733 5073 2799 5127 de
2822 5077 3156 5144 pastionibus
3184 5089 3239 5134 et
3269 5085 3585 5152 pascuariis,
3613 5087 3682 5140 de
3705 5087 3858 5140 herba-

2303 5163 2423 5220 ticis
2469 5173 2525 5218 et
2573 5166 2754 5234 pullis,
2798 5167 2865 5223 de
2908 5169 3289 5237 piscationibus
3337 5183 3392 5230 et
3423 5177 3796 5245 pastionaticis,
3822 5175 3858 5230 id

2299 5265 2383 5308 est
2423 5255 2491 5309 de
2535 5255 2878 5327 glanditicis,
2930 5260 2998 5314 tle
3041 5264 3198 5319 melle
3235 5274 3289 5319 et
3333 5268 3859 5329 conlaboratiouibus.

2299 5357 2420 5411 qua:
2467 5344 2521 5398 in
2561 5345 2731 5399 hortis
2775 5349 2905 5402 liuttt
2949 5350 3016 5404 de
3063 5355 3438 5412 nutrimiuibus
3470 5359 3861 5426 ani:nalium,rt

2299 5437 2469 5490 Cascis
2510 5436 2598 5505 qui
2640 5436 2791 5503 ﬁunt,
2843 5440 2910 5495 de
2956 5445 3264 5501 vaccariciis
3311 5449 3679 5518 dominicatis,
3723 5465 3783 5505 ac
3813 5449 3862 5501 da

2300 5531 2549 5586 omnibus
2576 5532 3036 5604 redhibitionibus,
3077 5556 3196 5608 qua:
3227 5543 3295 5596 ab
3332 5543 3638 5600 horninibus
3688 5557 3862 5601 memo-

2303 5631 2430 5677 ratae
2454 5623 2645 5679 ntatris
2672 5627 2914 5683 ecclesiae
2944 5633 3294 5703 recipiuntur,
3325 5646 3548 5707 excepto
3570 5638 3862 5696 ltostilense.

2300 5713 2354 5772 id
2383 5724 2467 5772 est
2497 5716 2564 5774 tle
2595 5716 2784 5789 bobus,
2805 5729 2860 5777 et
2889 5724 3136 5795 conjecto
3164 5726 3230 5782 ad
3261 5740 3445 5787 carros
3472 5729 3862 5789 construendae
