3964 6344
159 296 281 352 997

501 289 732 351 CODEX
773 290 1293 350 DIPLOMATICUS.
1337 286 1744 350 PRIVILEGIA.
1771 317 1830 331 --
1861 287 1923 345 II.
1968 291 2212 348 PlthIL.
2255 322 2315 335 -
2356 293 2483 348 PER
2526 291 2791 351 PARTES
2833 288 3107 354 ITAIJJ‘I.

3340 297 3443 356 998

158 405 248 460 De
279 404 365 459 bis
391 412 568 459 autem
600 403 848 458 omnibus
876 401 1232 472 prtecipimus,
1262 412 1316 456 ut
1341 414 1561 455 censum
1591 399 1761 469 legiti-
1789 403 1837 461 Α
1867 409 1922 454 et
1971 401 2185 471 Langth
2206 404 2458 458 .rdorum.
2491 404 2654 474 Regni
2689 411 2854 461 nostri
2887 409 3118 467 honores
3141 411 3443 478 credimus,

154 513 324 551 unum
367 504 426 552 et
471 511 640 551 nonas
689 506 743 550 et
791 495 1030 550 decimas
1072 498 1227 550 annis
1269 494 1491 564 singulis
1524 493 1761 561 partibus

156 586 504 656 pra-scripta
527 585 718 640 matris
743 585 985 641 ecclesiae
1014 585 1217 654 absque
1238 585 1340 638 ulla
1373 584 1655 638 maritione
1674 582 1758 638 vel

159 677 435 732 dilatione
464 678 712 745 reddere,
759 685 852 733 aut
899 678 1254 734 minoratione
1299 678 1525 748 pleniter
1555 677 1758 748 persol-

154 774 306 829 ‘vere
338 767 555 828 faciant.
589 771 812 842 Insuper
849 772 1265 827 restaurationes
1300 781 1404 825 tam
1455 773 1506 825 in
1539 772 1758 840 prodita

148 861 431 933 “ecclesia,
463 859 621 935 (fuam
662 852 909 919 dentibus
937 862 1094 934 juxta
1126 879 1242 918 eam
1282 863 1665 932 adiacentibus,
1701 863 1756 916 in

159 955 538 1027 teguminibus
579 965 632 1010 et
665 955 1142 1010 restaurationibus
1175 969 1270 1024 pro
1300 955 1647 1022 possibilitate
1675 969 1758 1009 res

159 1066 327 1115 rutn,
359 1063 490 1118 quas
531 1048 581 1100 itt
630 1047 942 1103 beneficium
993 1041 1185 1102 exinde
1233 1047 1536 1114 possident,
1585 1048 1758 1103 facere

158 1157 278 1195 non
313 1140 596 1212 negligant,
633 1139 676 1194 si
719 1139 942 1208 gratiam
982 1148 1221 1193 nostram
1259 1151 1311 1194 et
1339 1140 1522 1194 eadem
1553 1139 1754 1194 benelis

147 1234 250 1288 ’cia
302 1232 664 1301 unusquisque
712 1228 910 1286 Itabere
965 1231 1213 1285 voluerit.
1257 1225 1575 1300 Prmscripta
1624 1245 1752 1284 vero

160 1324 432 1378 licueticia
467 1323 588 1375 volo
617 1331 675 1375 ut
703 1317 887 1376 ﬁdeles
925 1319 1095 1374 nostri
1142 1317 1241 1375 sub
1289 1320 1542 1390 prtedi'cto
1587 1330 1753 1374 censu

159 1425 296 1469 eum
325 1429 589 1470 consensu
611 1417 672 1469 'et
699 1411 1068 1468 benevolentia
1093 1412 1332 1479 ejusdem
1365 1409 1606 1468 ecclesia:
1635 1413 1755 1482 epis

158 1508 319 1575 scopi
352 1507 590 1570 tenea'ttt,
621 1519 791 1574 usque
821 1503 943 1558 dum
977 1503 1065 1557 illa
1091 1518 1210 1557 cum
1237 1505 1335 1566 eis,
1361 1503 1447 1572 Qui
1477 1502 1540 1558 ’ea
1573 1510 1754 1558 nostra

161 1599 386 1654 natione
413 1595 660 1653 Videntur
689 1596 907 1659 habere,
941 1596 1184 1664 mutuare
1208 1593 1492 1664 pessimus,
1523 1597 1580 1651 ‘et
1611 1601 1756 1663 saepe

158 1690 327 1746 dictis
369 1688 633 1752 ecclesiis,
665 1687 750 1743 cui
793 1687 939 1758 j't‘tste
981 1690 1037 1742 ct
1072 1681 1306 1755 legitime
1336 1688 1416 1758 (nt
1441 1687 1750 1758 inquisitum
1795 1750 1802 1758 ,

1865 493 1909 546 si
1953 491 2127 562 justas
2181 496 2468 563 petitiones
2513 505 2876 564 sacerdotum,
2928 502 3012 554 vel
3067 502 3435 558 ministrorum

1868 584 1984 647 Dei,
2016 599 2136 640 cum
2169 588 2364 643 nostris
2391 591 2610 646 auribus
2649 590 2886 658 proth
2927 593 3143 659 fuerint,
3191 597 3443 664 perdat-i-

1863 691 1982 730 mus
2029 677 2094 732 ad
2147 677 2416 734 eﬂ‘ectum.
2473 682 2575 751 Ipsi
2626 681 2770 736 enim
2821 698 2918 753 pro
2968 685 3263 742 stabilitate
3289 687 3443 758 regni

1861 770 2054 837 nostri,
2101 770 2186 824 vel
2212 771 2403 826 animae
2432 783 2628 828 nostra:
2656 774 2856 840 salute,
2891 775 2985 831 Dei
3017 777 3445 834 misericordiam

1861 861 2194 932 frequentius
2243 875 2490 920 exorant.
2548 866 2884 935 Quapropter
2937 870 3149 924 noverit
3198 871 3444 924 omnium

1861 955 2206 1022 pra-sontium
2243 953 2648 1024 futurorumque
2687 956 2968 1024 imlustria,
3000 959 3228 1026 qualiter
3257 960 3443 1014 'I'biet-

1863 1045 2049 1100 baldus
2095 1045 2261 1100 abbas
2305 1046 2373 1100 de
2415 1047 2742 1101 monasterio
2794 1047 2946 1118 cujus
2996 1049 3310 1104 vocabulum
3356 1060 3443 1105 est

1860 1137 2144 1204 Noviento,
2190 1139 2350 1193 situm
2394 1138 2446 1192 in
2497 1155 2629 1210 pago
2673 1140 2975 1195 Alsatiense
3020 1156 3182 1208 super
3223 1142 3440 1196 Iluvium

1860 1229 1976 1295 Illa,
2018 1228 2156 1299 quod
2201 1231 2283 1284 vir
2328 1230 2548 1284 illuster-
2576 1231 2870 1296 Adalricus,
2903 1233 3016 1286 sive
3059 1234 3266 1288 Atticus
3307 1234 3438 1298 dux,

1860 1329 1915 1375 et
1953 1319 2147 1389 conjux
2185 1321 2302 1374 eius
2347 1320 2637 1375 Bersvinda
2695 1323 2746 1375 in
2791 1322 2983 1376 Christi
3040 1328 3276 1388 nomine,
3303 1333 3358 1378 et
3386 1325 3440 1380 in

1861 1413 2065 1469 bondre
2113 1421 2420 1468 sanetorum
2481 1414 2845 1482 apostolorum
2902 1415 3040 1470 Petri
3089 1427 3141 1471 et
3190 1416 3336 1472 Pauli
3382 1426 3437 1474 et

1857 1505 2026 1560 sancti
2058 1505 2284 1560 Mauritii
2314 1506 2689 1575 sociorumque
2718 1506 2835 1576 ejus
2865 1522 2892 1559 a
2926 1522 3063 1560 novo
3096 1507 3148 1561 in
3179 1521 3278 1562 suo
3307 1522 3438 1578 pro-

1859 1599 1976 1666 prio
1998 1596 2160 1651 fundo
2188 1607 2621 1664 construxerunt,-
2653 1607 2890 1652 nostram
2911 1599 3435 1667 adiitSerenitatem,

1859 1686 2152 1755 deprecans
2189 1694 2248 1739 ut
2276 1685 2545 1756 privilegia
2589 1700 2707 1755 qua:
2759 1685 2857 1756 piae
2907 1688 3178 1741 memoria:
3223 1689 3434 1757 genitor

168 1779 457 1853 habemus)
480 1777 768 1847 debentur,
793 1777 1082 1833 auxiliante
1104 1777 1328 1833 Domino
1351 1768 1556 1835 Festitui
1585 1791 1746 1852 atque
1782 1764 1829 1828 B
1861 1785 2042 1832 neater
2091 1777 2365 1846 Pippinus,
2408 1777 2630 1847 ejusque
2677 1787 3048 1833 antecessores
3087 1793 3239 1849 reges
3271 1778 3440 1835 Fran-

166 1873 400 1930 reddere
443 1871 765 1927 the'reamn'r.
815 1871 880 1924 Et
943 1869 1044 1925 hoc
1081 1870 1328 1923 omnibus
1369 1869 1521 1924 vobis
1563 1873 1750 1926 notum

167 1964 264 2030 sit,
297 1963 436 2033 quod
465 1965 510 2019 si
544 1963 734 2032 aliquis
761 1963 1000 2016 vestrum
1027 1960 1314 2024 exStiterit,
1346 1961 1434 2030 qui
1472 1963 1608 2016 hanc
1633 1961 1752 2031 jus-

167 2058 377 2112 'sionem
409 2063 667 2118 nostram,
701 2061 792 2108 aut
837 2051 1254 2120 'con'temnendo,
1300 2052 1390 2106 aut
1439 2053 1754 2121 negligenda

164 2148 464 2216 adimplere
493 2143 792 2222 distulerit,
842 2143 1089 2199 ‘volumtis
1121 2148 1280 2214 atque
1321 2145 1660 2213 praecipimus
1694 2148 1753 2200 ut

162 2237 492 2312 praescripta:
517 2236 666 2292 urbis
713 2235 999 2306 episcopus
1047 2236 1098 2290 in
1145 2235 1268 2304 jure
1295 2235 1542 2304 ejusdem
1580 2237 1756 2290 eccle-

165 2335 285 2398 siae,
314 2331 425 2388 sive
452 2331 503 2386 in
530 2345 681 2385 suam
716 2329 797 2384 vel
830 2328 1206 2384 canonicoium
1253 2343 1471 2382 suorum
1508 2337 1754 2396 potesta-

166 2435 275 2478 tem
327 2423 407 2478 vel
437 2419 860 2477 dominationem
901 2421 1118 2476 easdem
1158 2433 1242 2476 res
1292 2434 1543 2475 revocare
1571 2421 1750 2486 faciat,

167 2525 330 2583 usque
357 2512 485 2567 dum
519 2511 616 2575 illi,
645 2510 733 2582 qui
757 2509 870 2582 j'im
904 2511 1061 2565 dictae
1090 2509 1330 2565 ecclesia:
1361 2525 1446 2566 res
1475 2513 1555 2566 vel
1589 2512 1754 2566 bene-

168 2600 286 2662 Ilcia
316 2616 495 2661 nostra
528 2603 812 2674 largitione
853 2603 1136 2669 habebant,
1180 2605 1232 2659 in
1272 2614 1504 2658 nostram
1536 2605 1756 2660 veniant

160 2696 524 2764 praesentiam.
564 2694 667 2763 Qui
713 2694 932 2764 negligit
971 2709 1190 2748 censum
1240 2695 1666 2764 perdatagrum;
1700 2704 1754 2751 et

169 2801 268 2857 per
297 2786 436 2840 hanc
480 2786 872 2852 auctoritatem,
910 2787 1022 2840 sive
1068 2801 1252 2841 eorum
1295 2789 1636 2856 negligentia,
1671 2789 1750 2844 vel

166 2886 504 2947 contemptu,
525 2876 636 2948 ipsa
661 2878 882 2949 perdant
913 2875 1188 2932 beneficia.
1220 2877 1286 2932 Et
1317 2877 1418 2933 Ituc
1447 2880 1558 2932 hate
1581 2879 1753 2949 jussio

169 2986 354 3029 nostra
397 2975 580 3027 verius
625 2974 888 3037 credatur,
929 2983 982 3029 et
1028 2974 1334 3044 diligentius
1379 2987 1748 3040 conservetur,

168 3072 327 3134 atque
357 3079 449 3132 per
470 3063 649 3118 omnia
668 3078 696 3116 a
718 3065 866 3119 nobis
897 3063 1214 3133 perficiatur,
1248 3075 1297 3119 et
1327 3065 1530 3120 firmius
1553 3066 1748 3121 futuris

171 3152 500 3222 temporibus
531 3161 787 3218 teneatur,
829 3168 987 3209 manu
1039 3156 1249 3222 propria
1280 3158 1466 3209 subter
1506 3155 1743 3211 Iirmavi-
1773 3135 1819 3198 ο

165 3255 303 3307 mus,
334 3251 389 3298 et
413 3241 482 3300 de
508 3244 668 3298 anulo
695 3254 877 3300 nostro
908 3245 1138 3314 sigillare
1164 3244 1441 3315 jussimus.

233 3331 454 3405 Signum
477 3331 651 3389 Caroli
674 3335 1044 3405 gloriosissimi
1075 3336 1430 3405 imperatoris.

233 3423 491 3482 Genesius
517 3426 583 3482 ad
613 3427 783 3483 vicem
818 3427 1206 3484 Ercbembaudi
1229 3429 1515 3499 recognovi
1537 3438 1592 3484 et
1613 3427 1746 3484 subd

172 3515 367 3583 scripsi.

237 3604 359 3659 Data
386 3606 438 3660 in
480 3622 666 3664 mense
696 3607 915 3678 Aprilis,
950 3624 1066 3664 vult
1095 3608 1323 3664 Kalend.
1358 3609 1499 3672 Maii,
1545 3623 1686 3663 anno
1710 3607 1750 3662 2

164 3696 374 3754 Christo
402 3699 633 3771 propitio
677 3701 892 3772 gloriosi
925 3703 1133 3770 imperii
1175 3702 1362 3766 nostri,
1394 3711 1447 3756 et
1488 3700 1559 3757 54
1597 3703 1746 3771 regni

159 3790 328 3844 nostri
359 3790 411 3845 in
435 3790 678 3858 Francia,
703 3801 760 3850 et
784 3793 856 3850 29
885 3795 936 3848 in
965 3794 1134 3862 Italia,
1167 3793 1218 3848 in
1247 3793 1338 3848 Dci
1367 3794 1585 3848 nomine
1619 3791 1747 3848 feli-

158 3880 312 3937 citer.
343 3883 514 3943 Amen

863 3973 1068 4030 LXVII.

155 4059 498 4140 Prafcepttmt
514 4065 697 4140 Caroli
744 4065 965 4140 Magni,
1015 4083 1117 4138 quo
1161 4065 1497 4140 immanitatis
1539 4065 1746 4134 privile-

231 4136 368 4203 gium
400 4153 430 4188 a
459 4135 683 4206 Pippt’no
714 4135 860 4206 patri
895 4135 1226 4192 Noniontensi
1274 4139 1581 4193 monasterio
1618 4153 1744 4192 cou-

231 4221 426 4258 cesstmt
449 4210 719 4276 conﬁrmat
758 4212 916 4274 (anno
941 4211 1095 4280 8111).

652 4297 745 4356 (Ex
773 4297 831 4350 D.
850 4299 1094 4362 Bouquet,
1116 4298 1252 4362 ibid.)

234 4376 290 4431 ιιι
324 4379 538 4435 nomine
559 4379 752 4449 Patris,
787 4394 838 4438 et
861 4383 1005 4450 Filii,
1034 4395 1086 4439 et
1109 4384 1334 4452 Spiritus
1355 4383 1546 4448 sancti,
1573 4381 1741 4437 Caro-

1803 1893 1806 1898 -
1861 1883 2048 1922 corum
2075 1867 2250 1922 eidem
2278 1867 2544 1931 cmnobio,
2580 1869 2820 1937 locisque
2847 1883 2966 1937 quae
2995 1868 3062 1921 ad
3093 1873 3436 1925 sustentatio-

1855 1974 1976 2014 nem
2038 1959 2262 2014 fratrum
2314 1959 2511 2014 ibidem
2571 1960 2680 2014 Deo
2723 1959 2822 2014 sub
2873 1961 3106 2031 regulari
3159 1961 3438 2031 disciplina

1853 2051 2197 2106 servientium
2257 2052 2523 2120 pertinent
2579 2050 3007 2117 (contulerunt),
3082 2067 3432 2110 renovemus.

1855 2145 2202 2215 Pracipimus
2252 2157 2383 2214 ergo
2434 2157 2530 2212 per
2576 2143 2738 2212 regia:
2786 2144 3079 2212 majestatis
3130 2143 3432 2214 imperium,

1856 2237 2310 2306 praedecessorum
2360 2243 2662 2290 nostrorum
2709 2244 2905 2289 statuta
2938 2235 3340 2300 contirmantes,
3373 2247 3432 2292 ut

1854 2329 1908 2383 in
1952 2328 2102 2384 villas
2145 2327 2432 2398 supradicti
2475 2325 2727 2391 ctenobii,
2771 2327 2822 2382 id
2852 2338 2936 2381 est
2985 2325 3277 2392 Wiswirle,
3308 2342 3432 2398 qua

1853 2419 1953 2475 sita
1979 2428 2063 2474 est
2093 2421 2144 2474 in
2186 2434 2323 2490 pago
2364 2418 2774 2489 Brisgaugiensi,
2823 2432 2986 2488 super
3034 2419 3202 2489 ripam
3261 2419 3434 2477 Rheni

1852 2511 2093 2566 ﬂuminis
2117 2549 2133 2577 ,
2187 2525 2308 2566 cum
2340 2511 2564 2566 ecclesia
2587 2519 2641 2565 et
2664 2511 2914 2566 omnibus
2945 2511 3266 2580 appenditiis
3293 2516 3433 2579 suis,

1853 2601 1906 2656 In
1961 2601 2193 2666 Sulalta,
2237 2602 2287 2656 in
2345 2599 2702 2672 Egensheim,
2768 2601 2822 2656 in
2885 2601 3325 2673 Sigaltltesbeim,
3380 2603 3436 2660 in

1853 2693 2158 2758 Burcbeim,
2189 2695 2240 2748 itt
2272 2694 2666 2763 Lagelenheint,
2707 2694 2758 2747 itt
2787 2693 3170 2760 Gruzenbeim,
3212 2695 3264 2748 in
3286 2694 3436 2750 Iqu-

1853 2784 2160 2849 deusbeim,
2196 2783 2248 2838 in
2281 2784 2608 2849 Nortbusen,
2639 2785 2689 2837 itt
2722 2783 3056 2850 Hollasvirle,
3090 2798 3207 2852 quae
3241 2782 3434 2854 praefa-

1854 2885 1942 2932 tus
1984 2877 2089 2931 dux
2142 2877 2316 2931 eidem
2365 2875 2653 2931 venerabili
2707 2877 2825 2930 loco
2873 2873 3157 2945 delegavit,
3211 2876 3291 2930 vel
3315 2890 3436 2944 quae

1853 2970 2028 3025 adhuc
2076 2968 2271 3025 donata
2321 2968 2542 3035 fuerint,
2583 2969 2760 3024 nullus
2795 2969 2956 3038 judex
2989 2968 3256 3038 publicus,
3287 2970 3436 3026 nulla

1847 3062 2128 3134 judiciaria
2182 3072 2438 3132 potestas,
2492 3061 2752 3130 Spiritalis
2783 3077 2876 3116 seu
2907 3062 3182 3128 secularis,
3228 3061 3433 3131 ingredi

1853 3157 2110 3211 violenter
2183 3156 2408 3220 audeat,
2470 3169 2570 3210 nec
2631 3154 3020 3209 ecclesiasticas
3066 3156 3436 3224 possessiones

1852 3257 2037 3305 contra
2079 3247 2341 3319 justitiam
2375 3248 2474 3302 sibi
2505 3248 2774 3302 vindicare
2816 3257 3104 3317 prostituat
3132 3266 3144 3300 :
3175 3249 3268 3302 sed
3301 3262 3436 3317 prae-

1850 3339 2024 3396 dictus
2053 3341 2216 3396 abbas
2246 3339 2610 3405 'I'bietbaldus,
2663 3339 2885 3408 ejusque
2925 3352 3265 3394 successores
3310 3351 3432 3393 eas-s

1855 3433 1977 3488 dem
2029 3448 2114 3488 res
2169 3430 2562 3503 attgtnetttando
2611 3440 2664 3484 et
2726 3429 3057 3484 meliorando
3111 3429 3436 3499 potestative

1856 3527 2191 3598 possideant.
2224 3526 2289 3590 Et
2321 3533 2378 3580 ut
2408 3525 2520 3580 lucc
2548 3535 2728 3579 nostra
2777 3525 3061 3577 auctoritas
3087 3522 3292 3577 stabilis
3313 3537 3436 3592 per-

1852 3629 2086 3683 maneat,
2117 3626 2172 3672 et
2209 3627 2306 3687 per
2349 3615 2525 3670 futura
2567 3627 2805 3684 tempora
2839 3614 3032 3669 melius
3059 3622 3434 3679 conservetur,

1853 3712 1992 3764 Itane
2021 3719 2220 3762 cartam
2248 3708 2399 3777 jussu
2433 3716 2618 3760 nostro
2649 3708 3003 3774 conscriptam
3033 3719 3190 3759 manu
3225 3703 3436 3774 propria

1849 3800 2267 3866 continuantes,
2335 3797 2516 3852 annuli
2578 3798 2743 3851 nostri
2799 3794 3156 3866 impressione
3211 3795 3434 3862 sigillari

1849 3891 2122 3962 iussimus.

1923 3989 2143 4060 Signum
2176 3987 2355 4042 Κειτοιί
2385 3985 2753 4055 gloriosissimi
2787 3986 2926 4053 regis
2952 3982 3353 4058 [imperatoris].

1922 4093 2032 4161 Ego
2079 4090 2204 4145 lbbo
2251 4089 2318 4142 ad
2371 4089 2542 4143 vicem
2594 4086 2967 4141 Ercltambaldi
3015 4085 3178 4156 relegi
3209 4096 3263 4140 et
3292 4087 3423 4140 sub-

1847 4185 2056 4254 scripsi.

1921 4276 2046 4331 Data
2079 4273 2250 4345 pridie
2294 4267 2418 4327 Idus
2459 4269 2699 4340 Augusti,
2731 4284 2872 4324 anno
2899 4285 2930 4324 ι
2959 4267 3172 4324 Christo
3204 4270 3434 4339 prepitio

1847 4367 2060 4436 imperii
2107 4365 2296 4430 nostri,
2343 4373 2400 4418 et
2447 4375 2554 4417 xui
2605 4363 2748 4432 regni
2797 4363 2964 4416 nostri
3009 4364 3059 4416 itt
3102 4358 3348 4427 Francia,
3381 4370 3435 4416 et

147 4468 242 4523 Ias
265 4471 641 4527 serenissimus
661 4477 952 4546 Angustus,
981 4491 1008 4528 a
1033 4477 1138 4530 Deo
1159 4486 1464 4541 cmonatus,
1490 4490 1732 4546 magnus,

1857 4474 2030 4516 txxvtt
2056 4459 2107 4514 in
2135 4456 2310 4522 Italia,
2345 4455 2638 4510 indictione
2670 4457 2849 4508 tertia.

143 4560 410 4630 paciﬁcus
437 4563 791 4632 .imperator,
866 4567 1163 4620 Romanum
1211 4568 1512 4635 gubernans
1563 4569 1734 4634 impe-

141 4651 316 4717 riutn,
347 4653 434 4722 qui
481 4663 533 4708 et
579 4670 676 4724 per
705 4657 1124 4712 misericordiam
1158 4657 1248 4712 Dei
1279 4672 1367 4712 rex
1407 4657 1733 4712 Francorum

1916 4560 2106 4615 Actum
2141 4558 2294 4614 Ferdi
2337 4559 2389 4612 itt
2435 4557 2747 4612 Saxonia-in
2783 4555 2874 4611 Dei
2906 4554 3121 4610 nomine
3167 4552 3417 4610 feliciter.

1845 4657 2039 4710 Amen.

140 4763 3418 4794 ________________________________________.__________

709 4840 790 4901 ΙΙ.
821 4873 897 4886 —
933 4839 1389 4903 PRIVILEGIA
1422 4840 1609 4916 QUAE
1645 4840 1750 4899 AI)
1791 4835 2090 4898 PARTES
2123 4831 2417 4894 ITALIJE
2450 4830 2854 4893 SI’ECTANT

924 5006 965 5062 I.

141 5094 173 5150 1
183 5095 545 5149 mmunitatum
562 5095 881 5162 confirmatio
900 5099 1040 5164 facta
1063 5095 1338 5153 Frodoeno
1354 5099 1526 5153 ali-buli
1551 5097 1597 5153 Ν
1607 5116 1728 5154 otiae

422 5166 618 5221 Iiciensi
647 5185 676 5219 a
701 5166 888 5222 Carolo
914 5167 1106 5239 Magno
1132 5173 1290 5239 (anno
1309 5169 1464 5239 773).

333 5255 431 5316 (Ex
469 5257 745 5317 Ituratorio,
776 5259 1105 5322 Antiquitates
1126 5258 1234 5310 Ital.
1258 5262 1390 5310 mea].
1417 5262 1555 5323 aevi.)

222 5360 446 5416 Carolus
481 5360 650 5432 gratia
679 5359 772 5415 Dei
819 5376 912 5416 rex
953 5361 1304 5431 Francorum,
1354 5363 1435 5418 vir
1489 5365 1733 5433 illustris,

147 5451 466 5508 hominibus
497 5453 742 5508 fidelibus
772 5456 994 5509 nostris.
1026 5454 1377 5525 Cognoscatis
1404 5473 1418 5509 :
1445 5459 1735 5513 maximum

145 5540 302 5610 regni
333 5543 502 5596 nostri
523 5557 719 5613 augere
741 5545 1012 5599 credimus
1042 5554 1471 5614 monumentum,
1503 5548 1548 5602 si
1572 5549 1736 5603 bene-

147 5632 273 5686 ficia
303 5643 600 5701 opportuna
633 5635 766 5689 locis
795 5643 1105 5688 sanctorum
1158 5634 1225 5690 ad
1281 5635 1515 5706 quietem
1548 5653 1737 5694 mona—

149 5723 378 5779 chorum
422 5727 664 5781 benivola
695 5728 1077 5784 deliberatione
1105 5728 1474 5798 concedimus,
1517 5746 1579 5788 ac
1621 5731 1729 5788 Do-

1853 5008 2000 5063 mino
2041 5011 2348 5075 protegente
2397 4999 2734 5055 stabilitatem
2787 4994 2950 5050 nostri
2981 4995 3032 5050 in
3076 4993 3170 5049 Dei
3227 5008 3420 5048 nomen

1857 5096 2126 5168 pertinere
2154 5093 2492 5148 conﬁdimus.
2544 5090 2705 5159 Igitur
2734 5088 2940 5142 noverit
2983 5087 3200 5141 solertia
3251 5094 3430 5139 vestra

1849 5188 1969 5258 quia
1998 5185 2316 5240 venerabilis
2347 5185 2425 5237 vir
2449 5182 2758 5237 Frodoenns
2783 5182 2920 5234 abba
2953 5179 3106 5234 nobis
3133 5181 3422 5247 suggessit,

1851 5294 1916 5334 eo
1963 5276 2104 5347 quod
2156 5275 2536 5331 monasteriolo
2583 5274 2634 5327 in
2677 5273 2878 5326 bonore
2910 5271 3183 5325 beatorum
3217 5286 3431 5341 genua:

1853 5383 2047 5425 norum
2075 5369 2443 5438 apostolorum
2469 5365 2611 5420 Petri
2649 5374 2704 5419 et
2743 5362 2964 5424 Andrei,
3003 5363 3082 5418 vel
3111 5376 3416 5418 ceterorum

1845 5469 2176 5524 sanctorum,
2229 5473 2386 5529 quem
2426 5455 2581 5510 Abe
2609 5455 2876 5524 quondam
2923 5455 3065 5509 visus
3106 5453 3205 5508 fuit
3263 5454 3424 5509 editi-

1849 5565 2002 5606 casse
2024 5550 2076 5605 in
2109 5551 2226 5604 loco
2253 5557 2591 5616 nuncupante
2618 5546 2887 5602 Novalicis
2912 5547 2963 5600 in
2991 5548 3126 5602 valle
3154 5547 3425 5616 Sigosina,

1854 5653 1908 5697 et
1961 5641 2159 5697 ibidem
2189 5641 2603 5710 congregatione
2643 5638 3026 5694 monachorum
3085 5641 3182 5694 sub
3238 5651 3427 5695 sancta

1844 5733 2025 5805 regula
2059 5733 2227 5789 sancti
2277 5731 2571 5798 Benedicti,
2604 5746 2701 5788 seu
2748 5739 3059 5788 ceterorum
3113 5744 3424 5789 sauciorum
