3964 6344
565 273 670 334 99')

565 485 656 552 ubi
717 477 948 551 presenti
997 485 1238 541 tempore
1306 468 1632 526 venerabilis
1687 469 1770 521 vir
1831 464 2144 520 Frodoenus

567 574 701 630 abba
736 581 962 640 praeesse
990 565 1198 618 videtur
1227 579 1238 614 :
1268 570 1324 616 et
1349 575 1447 614 nos
1487 559 1704 612 totidem
1749 573 1842 624 pro
1889 567 2145 608 aeternam

568 661 978 721 retributionem
1022 652 1334 709 beneﬁcium
1388 654 1452 703 ad
1483 649 1597 718 ipso
1637 655 1825 700 sancto
1872 645 1990 699 loco
2046 643 2145 696 visi

565 757 766 814 fuimus
809 737 1130 811 indulsisse,
1153 755 1211 800 ut
1235 745 1291 798 in
1347 744 1463 798 loca
1498 741 1580 796 vel
1612 739 1777 794 cortis
1802 737 1975 807 ipsius
2025 737 2144 788 ιιιόι-

565 844 806 909 nasterii,
861 856 1021 910 quem
1067 838 1175 907 iam
1223 836 1394 889 dictus
1436 833 1589 888 Abbo
1636 830 1930 899 quondam,
1980 825 2062 911 vel
2115 835 2146 878 a

566 937 891 1010 quibuslibet
934 931 1240 988 hominibus
1290 927 1400 981 Deo
1442 925 1751 980 timentibus
1803 922 2002 978 ibidem
2051 919 2149 973 fuit

567 1033 868 1093 conlatum,
893 1033 988 1079 aut
1040 1025 1092 1076 in
1129 1027 1285 1076 antea
1315 1019 1382 1073 ad
1435 1017 1609 1088 ipsum
1663 1024 1907 1070 sanctum
1961 1012 2139 1068 locum

568 1122 801 1178 voluerit
829 1119 1000 1190 pietas
1028 1114 1209 1170 divina
1251 1110 1598 1177 ampliﬁcare,
1629 1105 1995 1175 nullusjudex
2037 1111 2142 1174 pu4

569 1215 742 1271 blicus
797 1212 863 1265 ad
915 1222 1105 1266 causas
1142 1203 1504 1268 audiendum,
1561 1211 1654 1256 aut
1706 1200 1853 1256 (reda
1907 1199 2148 1268 undique

567 1305 942 1367 exactandum,
973 1306 1190 1370 quoquo
1228 1308 1470 1367 tempore
1499 1309 1603 1351 non
1635 1300 1920 1364 praesumat
1953 1291 2146 1359 ingre-

567 1401 732 1454 dere:
779 1395 873 1450 sed
925 1396 1026 1448 hoc
1075 1391 1208 1446 abba
1237 1390 1307 1444 de
1335 1388 1450 1456 ipso
1510 1383 1836 1440 monaSterio
1865 1395 1968 1436 una
2021 1392 2144 1435 cum

565 1487 977 1560 congregatione
1009 1493 1229 1553 propter
1258 1493 1452 1535 nomen
1491 1475 1700 1531 Domini
1750 1482 1804 1530 et
1831 1471 2134 1528 reverentia

567 1591 880 1636 sanctorum
917 1574 1018 1630 sub
1063 1574 1265 1644 integra
1295 1568 1586 1626 emunitate
1635 1565 1807 1620 valeat
1834 1563 2136 1619 dominare.

571 1671 882 1728 Statuentes
909 1680 1036 1735 ergo
1065 1671 1125 1719 ut
1153 1676 1324 1733 neque
1351 1675 1468 1725 vos,
1519 1670 1692 1727 neque
1735 1656 1999 1723 iuniores,
2049 1660 2142 1707 aut

1555 261 1807 322 CAROLI
1848 259 2063 320 MAGNI
2102 254 2234 314 OPP
2299 253 2472 313 PARS
2508 255 2550 312 l.
2594 255 2842 313 SECTIO
2881 255 2945 312 ll.

564 392 782 455 Patrum
805 383 1122 457 degentibus
1149 363 1249 434 sub
1269 379 1543 434 cinobitali
1563 377 1760 432 ordine
1782 375 2139 436 conlocasset,
2172 377 2221 436 Α

3719 252 3828 314 illud

2249 481 2469 555 Donatio
2519 483 2676 554 sglvw
2726 495 2774 539 et
2796 486 2953 538 curris
2999 484 3063 537 de
3111 480 3291 555 Haut:
3340 499 3540 555 Longo
3580 499 3614 540 α
3661 486 3820 546 Carolo

2321 554 2512 628 plagita
2551 553 2702 628 facta
2751 556 3061 628 monasterio
3107 553 3346 609 Bobiensi
3394 553 3632 628 ejusque
3678 560 3818 616 abbati

2318 623 2627 678 Cuiuibaldo
2653 626 2828 694 '(aimo
2853 625 2957 678 774
2976 632 3017 694 ).

2742 715 2834 779 (Ex
2882 716 3161 779 Iluralorio,
3199 716 3339 780 ibid.)

2256 894 2259 896 _
2322 797 2350 857 Ῐ)
2381 817 2602 873 Carolus
2639 819 2808 888 gratia
2840 818 2935 874 Dei
2975 835 3066 874 rex
3115 819 3494 876 Francborum
3554 830 3612 876 et
3641 821 3820 896 Longo-

2251 904 2561 967 bardorum.
2593 912 2648 969 Si
2679 915 2821 970 enim
2852 921 2918 969 'ex
2968 909 3052 969 his
3083 931 3202 986 qua:
3241 915 3421 970 divina
3456 916 3636 986 pietas
3668 932 3819 974 ezerna

2251 1007 2478 1060 ﬂuenter
2507 1005 2713 1082 tribuit,
2750 1021 2843 1074 pro
2870 1010 3271 1078 opportunitate
3301 1015 3604 1066 servorum
3637 1011 3725 1066 Dei
3753 1014 3817 1067 lo-

2248 1097 2327 1152 cis
2368 1092 2765 1152 venerabilibus
2792 1083 3160 1167 concedimus,
3215 1082 3316 1156 boc
3344 1103 3518 1159 nobis
3545 1104 3612 1158 ad
3648 1101 3816 1162 merce-

2252 1188 2334 1243 dis
2364 1197 2748 1258 augumentum
2798 1203 2861 1244 ac
2908 1190 3253 1246 stabilitatem
3285 1189 3443 1264 regni
3479 1194 3652 1250 nostri
3681 1190 3814 1266 perti-

2251 1294 2380 1334 nere
2409 1279 2743 1335 conlidimus.
2773 1281 3118 1351 Quapropter
3146 1283 3416 1340 donamus
3446 1285 3518 1340 ad
3580 1302 3812 1343 monasu—

2253 1374 2390 1425 rium
2446 1364 2770 1449 Eliobiense,
2813 1371 2902 1426 ubi
2930 1383 3148 1428 sanctus
3196 1355 3581 1432 Columbanus
3626 1387 3815 1446 corpore

2253 1463 2564 1532 requiescit,
2621 1471 2675 1517 et
2704 1461 3056 1519 Guinibaldus
3092 1463 3258 1520 abbas
3287 1467 3560 1536 lprzeesse
3610 1453 3805 1534 videtur,

2257 1554 2548 1609 secundum
2578 1554 2810 1622 amplius
2834 1557 2884 1610 in
2917 1556 3152 1612 luturum
3183 1554 3535 1628 petitionem,
3563 1560 3807 1618 donatum-

2255 1645 2360 1714 que
2420 1646 2475 1701 in
2524 1655 2779 1715 perpetuo
2812 1646 2879 1700 ad
2918 1648 3146 1705 eundem
3195 1660 3447 1708 sanctum
3508 1635 3684 1710 locum
3723 1671 3808 1712 esse

569 1728 1022 1826 successoresque
1067 1728 1254 1818 vestri,
1299 1765 1398 1807 nec
1437 1748 1580 1804 nulla
1631 1746 1840 1815 publica
1867 1742 2148 1813 judiciaria
2178 1728 2227 1790 Β
2257 1737 2502 1792 volumus
2530 1755 2545 1793 ε
2577 1735 2680 1793 hoc
2704 1748 2787 1794 est
2813 1739 2944 1793 silva
2975 1751 3156 1796 nosua
3188 1739 3291 1796 una
3318 1756 3428 1798 con
3458 1749 3610 1801 certe
3632 1746 3714 1800 illa
3737 1728 3807 1800 ibi-

571 1860 813 1923 potestas
838 1859 863 1888 ι
894 1861 1106 1918 quoquo
1135 1853 1376 1913 tempore
1402 1844 1454 1894 in
1485 1840 1603 1895 loco
1638 1837 1724 1893 vel
1751 1836 1916 1892 curtis
1948 1845 2054 1890 tam
2098 1837 2152 1890 in

571 1945 686 2012 ipsa
732 1940 868 1997 valle
893 1937 1159 2008 Sigusina,
1203 1948 1363 2004 quam
1392 1930 1682 1997 Brientina,
1737 1932 2006 2008 Aqtiense,
2057 1941 2153 1983 seu

571 2034 848 2106 Aquiuari,
896 2032 1162 2095 Manuale,
1197 2028 1273 2082 uti
1325 2027 1375 2080 in
1411 2022 1732 2094 Burgundio,
1762 2029 1854 2076 aut
1909 2020 2154 2075 ubicum-

572 2140 680 2197 que
729 2125 784 2180 in
812 2137 978 2194 regno
1020 2127 1205 2176 nostro
1245 2116 1412 2187 ipsius
1443 2116 1773 2178 monasterii,
1805 2123 1895 2167 aut
1925 2111 2146 2177 nostris,

566 2231 666 2274 seu
712 2223 768 2271 et
795 2213 1123 2284 privatorum
1174 2208 1432 2278 largitatis
1485 2218 1730 2270 munere,
1788 2212 1878 2258 aut
1908 2202 2048 2273 quod
2101 2205 2155 2256 in

566 2317 725 2364 antea
778 2306 846 2362 de
889 2306 1272 2374 cujuscumque
1329 2300 1631 2356 hominibus
1689 2296 1849 2354 fuerit
1910 2297 2150 2353 additum

569 2401 656 2457 vel
685 2398 979 2465 conlatum,
1025 2395 1093 2451 ad
1121 2393 1417 2450 audiendas
1437 2393 1814 2450 altercationes
1846 2392 2154 2462 ingredere,

569 2499 662 2546 aut
695 2489 840 2545 [reda
873 2489 940 2543 de
972 2499 1307 2558 quacumque
1338 2483 1467 2539 libet
1494 2497 1655 2538 causa
1686 2483 1771 2538 vel
1821 2479 2150 2546 hominibus,

570 2581 663 2652 qui
716 2579 782 2635 ad
827 2579 943 2648 ipsa
999 2591 1122 2632 casa
1181 2576 1424 2643 aspicere
1469 2572 1703 2641 videtur,
1761 2571 2014 2641 exigere,
2056 2585 2156 2627 nec

570 2672 904 2735 mansiones,
931 2675 1026 2723 aut
1055 2675 1293 2736 paratas,
1326 2679 1424 2720 nec
1453 2663 1799 2733 lidejussores
1835 2661 2152 2730 tollendum,

574 2762 674 2820 sed
704 2761 964 2832 quidqttid
1006 2759 1201 2815 exinde
1231 2768 1322 2812 aut
1367 2756 1435 2813 de
1463 2754 1705 2826 ingenuis
1734 2755 1816 2811 vel
1867 2756 1935 2810 de
1982 2755 2153 2810 servi-

570 2839 774 2909 tutibus
801 2851 1044 2922 publicis,
1073 2850 1605 2918 ceterisquecuinque
1656 2847 1974 2914 rationibus,
2029 2862 2149 2916 quas

565 2953 694 3001 sunt
746 2942 882 2998 iul'ra
929 2942 1085 3010 locis,
1113 2941 1194 2998 vel
1229 2942 1416 3007 curtis,
1469 2956 1567 2997 seu
1617 2939 1858 2996 terminis
1914 2939 2154 3009 ipsorum

571 3035 819 3110 praedicti
863 3033 1110 3089 monachi
1159 3041 1582 3099 commanentes,
1637 3033 1720 3088 vel
1751 3031 1950 3086 ibidem
2002 3031 2154 3102 aspi-

574 3130 802 3190 cientes,
834 3126 919 3181 vel
948 3127 1000 3181 in
1046 3133 1225 3189 antea,
1256 3125 1546 3180 auxiliante
1574 3124 1824 3191 Domino,
1859 3138 2154 3193 augumen-

565 3231 702 3288 tare,
745 3227 838 3275 aut
865 3218 1112 3273 atrahere
1141 3224 1383 3286 potuerat
1410 3216 1590 3279 ﬁscus,
1621 3225 1715 3270 aut
1760 3213 1832 3271 de
1864 3214 2033 3280 freda,
2069 3213 2154 3272 vel

567 3308 935 3366 functionibus
973 3307 1442 3376 undiquecumque
1496 3313 1744 3376 potuerat
1789 3319 2034 3373 sperare,
2087 3319 2155 3360 ex

569 3409 754 3456 nostra
795 3397 1127 3467 indulgentia
1175 3411 1271 3466 pro
1305 3396 1483 3450 futura
1515 3396 1688 3450 salute
1718 3396 1773 3450 in
1809 3395 2158 3452 luminaribus

573 3491 745 3559 ipsius
773 3487 1085 3545 monasterii
1119 3503 1213 3557 per
1243 3500 1432 3541 manus
1463 3488 1732 3556 agentium
1764 3487 2001 3554 ipsorum
2037 3501 2160 3554 pro-

576 3581 722 3637 llciat
767 3581 819 3634 in
867 3587 1180 3649 perpetuum
1209 3585 1302 3630 :et
1338 3576 1478 3645 quod
1513 3593 1610 3630 nos
1660 3568 1875 3645 propter
1914 3585 2156 3632 sanctum

573 3685 770 3727 nomen
821 3667 1055 3734 Domini,
1102 3677 1157 3722 et
1182 3666 1481 3722 reverentia
1516 3666 1681 3736 ipsius
1712 3667 1879 3721 sancti
1914 3667 2036 3735 loci,
2071 3669 2158 3722 vel

576 3776 676 3833 pro
729 3761 922 3816 animae
977 3769 1175 3814 nostrae
1221 3758 1541 3823 remedimn,
1596 3773 1690 3813 seu
1731 3769 1913 3814 nostra
1969 3759 2158 3815 subse-

573 3853 760 3924 quenti
822 3851 1099 3922 progenie,
1155 3851 1309 3921 plena
1365 3850 1655 3904 devotione
1720 3848 2026 3916 indulsisse,
2060 3864 2158 3906 nec

572 3945 770 4015 regalis
821 3943 1144 4008 sublimitas,
1177 3957 1275 3997 nec
1303 3941 1588 4012 cujuslibet
1625 3939 1897 4010 judicibus
1951 3940 2160 4011 cupidi-

573 4047 657 4092 tas
707 4037 976 4104 relragare
1006 4045 1174 4089 tenet.
1211 4033 1281 4087 Et
1331 4045 1389 4086 ut
1419 4047 1657 4100 praesens
1712 4030 2003 4086 auctoritas
2044 4042 2152 4086 tam

569 4124 931 4196 prmsentibus
978 4136 1138 4192 quam
1173 4121 1366 4176 futuris
1398 4121 1725 4191 temporibus
1759 4121 2033 4185 inviolata,
2063 4122 2150 4174 ad-

571 4217 789 4286 iuvante
822 4215 1068 4280 Domino,
1101 4223 1430 4282 permaneat,
1468 4229 1656 4268 manus
1696 4224 1893 4267 nostra:
1921 4207 2153 4283 propria:

571 4307 920 4376 signavimus,
964 4314 1019 4358 et
1047 4303 1116 4359 de
1146 4306 1344 4358 annulo
1381 4315 1565 4358 nostro
1595 4304 1973 4373 sigillavimus.

646 4406 867 4474 Signum
899 4402 940 4470 1-
959 4400 1138 4456 Caroli
1166 4401 1532 4472 gloriosissimi
1559 4401 1718 4472 regis.

644 4492 834 4549 'l‘csius
862 4492 1144 4562 recognovi
1171 4503 1226 4547 et
1245 4494 1532 4561 subscripsi

646 4587 776 4641 Data
805 4601 895 4641 vm
923 4582 1192 4640 Kalendas
1220 4584 1439 4654 Aprilis,
1473 4600 1613 4638 anno
1659 4585 1844 4652 quinto
1892 4585 2041 4655 regni
2071 4599 2166 4638 no-

576 4679 695 4736 Stri.

654 4769 839 4824 Actum
877 4766 1172 4834 Carisiaco,
1215 4765 1414 4837 palatio
1451 4767 1684 4836 publico,
1717 4767 1770 4822 in
1805 4767 1897 4824 Dei
1929 4768 2162 4825 nomine.

651 4953 676 4981 ⁸
700 4945 946 4996 Altamen
968 4939 1395 5008 pneleretmdum
1427 4955 1530 4992 non
1558 4949 1658 5004 est,
1681 4949 1738 4993 ut
1759 4941 1878 4993 utin
1902 4940 2164 5006 diploma-

578 5014 647 5067 tis
701 5025 1068 5082 Smpenutnero
1105 5013 1406 5082 eximantur
1438 5011 1573 5082 Deo,
1599 5011 1911 5073 militantes,
1955 5013 2059 5066 imo
2113 5025 2165 5067 et

580 5098 765 5136 eorum
783 5080 928 5136 servi
950 5091 1005 5136 et
1025 5083 1220 5145 coloni,
1263 5080 1684 5150 ajurisdimione
1732 5083 1986 5135 comitum
2030 5083 2164 5138 alio-

579 5169 804 5221 rumque
831 5153 1140 5218 reipublicae
1183 5154 1569 5211 ministrorum.
1604 5161 1837 5206 attamen
1878 5168 1908 5206 a
1958 5152 2162 5222 judicio

582 5225 847 5292 regiorum
893 5224 1210 5294 missorum,
1256 5223 1596 5290 ipsorumque
1646 5237 1826 5290 regum
1881 5232 1936 5276 et
1984 5229 2163 5294 Augu-

582 5307 807 5357 storum,
826 5309 930 5347 non
950 5292 1112 5346 fuisse
1127 5297 1297 5360 reipsa
1317 5297 1603 5347 immunes.
1619 5294 1748 5346 Cum
1773 5308 1857 5347 res
1877 5292 2163 5350 conlirma-

585 5366 732 5418 tione
774 5364 1010 5434 indigere
1059 5366 1362 5433 neutiquam
1394 5365 1655 5430 videatur,
1681 5363 1731 5417 id
1764 5379 1924 5418 unutn
1979 5375 2162 5420 esten-

582 5436 725 5500 dam,
754 5435 842 5488 diu
876 5435 1194 5502 perdurasse
1233 5435 1500 5502 ejusmodi
1553 5435 2022 5490 consuetudinem.
2057 5437 2160 5490 Do-

581 5504 851 5574 ctissi’mus
883 5521 962 5557 vir
990 5503 1258 5559 llubertus
1291 5504 1699 5574 BenvOglientus
1730 5505 2008 5572 Senensis,
2040 5523 2161 5562 cum

579 5573 820 5654 virebat,
864 5575 927 5627 ad
973 5588 1058 5654 me
1088 5575 1490 5654 misitdipluma
1523 5575 1737 5629 llenrici
1799 5574 1861 5654 Vl
1895 5579 2056 5654 regis,
2109 5588 2164 5633 et

578 5645 718 5696 inter
776 5653 1126 5716 imperatores
1172 5646 1374 5716 quinti,
1429 5645 1482 5698 in
1520 5661 1645 5716 quo
1702 5647 2032 5716 prtecipitur,
2095 5664 2162 5704 ne

579 5715 870 5768 tnouachos
897 5715 1066 5768 sancti
1094 5715 1387 5772 Salvatoris
1417 5716 1484 5771 de
1513 5715 1711 5784 Insula,
1733 5735 1750 5770 ι
1776 5729 2062 5788 praesumat
2093 5720 2159 5774 ad

2259 1830 2382 1884 dem
2438 1830 2594 1894 scita,
2630 1843 2856 1900 quorum
2902 1832 3222 1909 vocabulum
3265 1843 3351 1909 est
3401 1832 3588 1909 Monte
3637 1835 3803 1908 Longo,

2255 1935 2378 1976 cum
2406 1920 2650 1976 omnibus
2679 1920 2990 1991 adjacentiis
3013 1905 3100 1999 vel
3126 1905 3450 1992 appenditiis
3470 1906 3538 1980 ad
3570 1926 3678 1995 ipsa
3702 1905 3806 1983 silva

2257 2009 2342 2064 vel
2374 2009 2440 2064 ad
2473 2010 2586 2077 ipsa
2622 2019 2775 2066 curto
2799 2009 3182 2082 aspicientibus
3203 2012 3292 2068 vel
3321 2013 3704 2082 pertinentibus
3724 2019 3804 2073 ibi-

2257 2101 2402 2167 dem,
2434 2108 2540 2156 una
2573 2115 2695 2156 cum
2742 2102 2922 2168 terris,
2952 2101 3221 2173 domibus,
3249 2105 3493 2174 edilitiis,
3543 2111 3801 2179 mancipiis,

2221 2237 2224 2239 λ
2259 2189 2454 2256 vineis,
2490 2190 2714 2261 campis,
2747 2192 2938 2262 pcatis,
2968 2193 3200 2262 pascuis,
3252 2198 3428 2266 aquis,
3469 2213 3801 2271 aquarumque

2258 2281 2595 2353 decursibus,
2640 2282 2930 2338 mobilibus
2955 2293 3012 2340 et
3040 2285 3424 2357 immobilibus,
3463 2293 3629 2346 cannis
3674 2301 3721 2347 et
3743 2309 3798 2348 ex

2259 2373 2528 2440 omnibus,
2575 2384 2632 2428 ut
2671 2375 2934 2442 diximus,
2967 2375 3224 2446 quidquid
3251 2377 3316 2433 ad
3347 2382 3559 2437 eandem
3590 2383 3796 2439 lor-esten

2260 2463 2345 2518 vel
2387 2473 2596 2518 curtem
2627 2471 2865 2518 nostram
2895 2465 3141 2534 aspicere
3167 2467 3453 2534 videbatur,
3504 2471 3789 2541 plenissima

2261 2557 2530 2612 voluntate
2555 2571 2586 2612 a
2633 2556 2722 2612 die
2748 2569 3000 2627 presente’
3031 2559 3353 2618 indulsimus;
3409 2544 3643 2619 Similiter
3686 2564 3775 2619 ad-

2255 2647 2530 2720 iungimus
2577 2665 2607 2704 a
2659 2651 2869 2722 prefato
2919 2655 3248 2710 monasterio
3298 2654 3574 2712 Ebobiense
3617 2658 3782 2726 alpem

2261 2741 2514 2810 aliquam,
2544 2757 2648 2812 que
2678 2752 2899 2797 vocatur
2925 2743 2990 2796 ad
3019 2742 3279 2812 Montem,
3308 2741 3556 2815 incipiens
3577 2746 3708 2801 enim
3730 2749 3789 2804 de

2261 2834 2377 2888 rivo
2402 2833 2470 2890 de
2509 2832 2646 2888 Casa
2670 2833 2873 2901 Veteri,
2904 2836 3204 2891 ascendens
3232 2851 3324 2905 per
3351 2847 3546 2893 costam
3569 2839 3618 2893 in
3665 2854 3787 2894 sum-

2263 2926 2446 2980 mitate
2475 2925 2704 2982 Cucbari
2753 2927 2974 2983 minoris
3021 2942 3186 2997 super
3226 2930 3494 3001 Casalegri
3530 2932 3707 3002 integra
3730 2933 3792 2986 ria

2263 3021 2626 3090 pertransiens
2655 3035 2842 3076 versus
2871 3021 3270 3088 lncerasiolam,
3322 3023 3416 3078 ubi
3461 3024 3684 3079 Banciola’
3707 3037 3782 3079 va-

2261 3121 2434 3177 catur,
2482 3126 2588 3182 quo
2613 3189 2615 3192 ⁴
2639 3113 2899 3168 terminus
2950 3112 3088 3169 ﬁxus
3119 3123 3237 3169 est:
3267 3130 3412 3186 aqua
3467 3116 3591 3173 inde
3623 3109 3779 3173 descen-

2260 3207 2421 3262 dente
2477 3207 2528 3260 in
2583 3206 2756 3276 Caput
2819 3206 3064 3262 Sirtarim
3093 3213 3265 3276 usque
3315 3209 3384 3264 ad
3419 3221 3667 3267 marezcr
3698 3209 3768 3263 alio

2261 3298 2427 3353 latere
2452 3297 2651 3353 habens
2670 3295 2840 3352 rivum
2872 3298 3082 3354 ﬁnalem
3110 3299 3543 3359 descendentem
3571 3303 3756 3359 delicta-

2263 3387 2422 3458 longo
2449 3389 2738 3444 intrantem
2773 3390 2826 3444 in
2861 3401 3043 3456 mare,
3076 3392 3425 3462 vergiturque
3457 3395 3763 3452 abhiack'aa

2264 3495 2416 3553 petra
2467 3483 2657 3539 Corice
2709 3499 2805 3554 per
2830 3485 3192 3542 summitatem
3223 3488 3386 3544 Coste
3435 3489 3494 3546 in
3526 3491 3604 3546 via
3627 3489 3778 3562 palilia,

2262 3572 2448 3644 ibique
2522 3574 2810 3630 terminum
2883 3585 3029 3644 stat,
3085 3577 3484 3649 descenditque
3547 3596 3632 3652 per
3681 3581 3785 3635 ﬁsso

2260 3664 2458 3719 montis
2487 3663 2703 3720 Petroni
2743 3679 2837 3737 per
2874 3679 3138 3723 summam
3166 3679 3371 3725 costam
3401 3685 3438 3728 a
3470 3671 3696 3728 vallicula
3720 3683 3791 3738 quo

2263 3769 2600 3828 nuncupatur
2649 3759 3027 3828 Castanetum,
3075 3761 3412 3820 descendens
3461 3765 3520 3820 in
3579 3767 3694 3821 via
3724 3775 3794 3833 qus

2261 3852 2439 3905 educit
2488 3850 2554 3906 ad
2601 3861 2802 3922 petram
2834 3853 3010 3910 Corici
3037 3855 3190 3924 juxta
3217 3868 3460 3914 montem
3507 3860 3573 3916 in
3603 3861 3795 3920 Nausea,
3880 3912 3886 3922 ,

2259 3941 2507 4012 caditque
2538 3944 2590 3997 in
2615 3941 2774 3997 aliam
2824 3943 2965 3999 viam
2996 3945 3288 4016 publicam,
3321 3963 3428 4016 que
3477 3949 3629 4005 vadit
3651 3949 3704 4003 ad
3733 3949 3801 4001 Cio

2261 4035 2592 4101 stellionem,
2625 4034 2857 4106 indeque
2880 4037 3111 4106 repricat
3137 4052 3198 4093 se
3220 4039 3272 4094 in
3307 4055 3493 4096 susum
3525 4043 3676 4113 juxta
3699 4055 3804 4096 ωου-

2263 4133 2372 4178 tem
2406 4125 2459 4179 in
2487 4125 2701 4183 cervice
2747 4127 3056 4199 insignitum
3086 4143 3269 4197 cruce,
3311 4142 3364 4187 et
3391 4136 3687 4202 pertransit
3725 4147 3807 4185 ver-

2265 4234 2384 4275 sum
2418 4219 2470 4274 in
2503 4221 2661 4276 linem
2690 4223 2858 4277 sancti
2893 4223 3172 4279 Michaelis
3201 4237 3488 4282 exeuntem
3525 4231 3601 4285 de
3645 4229 3809 4284 ﬂumine

2266 4313 2517 4367 Petrurio
2538 4311 2602 4366 ad
2636 4311 2768 4366 lines
2797 4314 2991 4369 montis
3026 4315 3470 4374 llarimannorum
3488 4337 3662 4394 super
3680 4323 3809 4377 Olire~

2267 4413 2398 4470 tum,
2445 4405 2585 4472 quod
2617 4415 2695 4458 est
2740 4407 2822 4460 via
2856 4406 3064 4475 publica
3102 4409 3249 4477 juxta
3293 4425 3540 4468 mentem
3583 4431 3673 4486 per
3713 4415 3812 4475 Cau-

2272 4505 2448 4551 n‘etum
2479 4511 2646 4566 usque
2691 4511 2721 4551 a
2753 4499 2931 4553 Pirum
2961 4511 3246 4570 agrestem.
3293 4503 3361 4557 Et
3389 4520 3588 4562 earum
3623 4509 3713 4565 hec
3735 4522 3814 4559 om-

2271 4588 2358 4641 nia
2390 4602 2482 4655 per
2513 4590 2615 4643 hoc
2660 4598 2840 4644 nostre
2869 4594 3200 4647 auctoritatis
3229 4596 3628 4666 pragmaticum
3680 4599 3816 4656 dona-

2269 4696 2388 4734 mus
2417 4691 2576 4750 a‘tque
2607 4683 2952 4738 concedimus
2985 4690 3217 4741 tenentia
3257 4689 3430 4759 capite
3461 4707 3577 4748 uno
3606 4695 3656 4750 in
3687 4708 3816 4757 mare,

2268 4778 2322 4825 et
2377 4771 2481 4826 alio
2525 4773 2699 4842 capite
2750 4789 2779 4827 a
2860 4774 2992 4831 ﬁnes
3064 4773 3536 4848 llarimannorum,
3613 4784 3681 4842 de
3747 4801 3823 4840 uno

2267 4949 2463 5028 placita,
2502 4948 2742 5028 trahere,
2783 4951 2867 5028 vel
2899 4951 3238 5028 distringere,
3294 4967 3387 5028 aut
3429 4958 3698 5028 judicare,
3750 4960 3824 5014 nisi
3906 4937 3907 4956 ‘

2268 5020 2320 5072 in
2355 5027 2530 5098 nostra
2555 5021 2823 5098 inmeriali
2845 5020 3150 5098 praesentia.
3184 5046 3203 5079 ι
3227 5020 3314 5081 lla
3343 5020 3460 5098 ejus
3487 5031 3636 5085 ﬁlius
3664 5020 3827 5088 etsec-

2265 5103 2448 5169 cessor
2480 5090 2854 5169 lt'ridericusll
2909 5095 3187 5169 privilegia
3234 5090 3566 5158 eouli'rmaus
3593 5114 3827 5157 trionaste

2268 5161 2350 5242 rio
2400 5159 2802 5242 Yangadiciensi
2857 5159 3193 5242 adj‘stlies'im
3233 5185 3452 5232 parvum
3495 5175 3628 5242 sito,
3667 5189 3826 5227 mona-

2265 5229 2382 5308 chis
2416 5232 2652 5308 indulget
2681 5249 2701 5282 ‹
2732 5242 2789 5286 ιιι
2834 5235 2964 5308 nulli
2997 5236 3119 5291 inde
3168 5229 3494 5308 respondere
3543 5229 3825 5305 teneantur,

2271 5301 2560 5382 nisiuoliis
2586 5312 2691 5382 aut.
2701 5315 2848 5358 certe
2879 5305 3042 5360 misso
3069 5301 3275 5372 nostro,
3306 5312 3370 5364 ad
3406 5311 3508 5366 hoc
3535 5301 3827 5382 specialiter

2265 5371 2554 5454 destinato.
2580 5387 2614 5422 οι
2653 5371 2892 5428 Fuerunt
2945 5385 3102 5454 etiam
3134 5371 3372 5454 tempora
3404 5371 3600 5451 quibus
3624 5387 3832 5454 impera-

2270 5451 2412 5495 tores
2441 5451 2496 5495 et
2532 5458 2685 5512 reges
2713 5458 2902 5499 causas
2931 5447 3236 5504 criminales
3275 5452 3378 5506 sibi
3423 5447 3767 5511 reservarunt
3789 5457 3828 5507 in

2265 5526 2547 5590 sacrorpm
2570 5515 2841 5590 hominum
2867 5518 3103 5572 castellis
3132 5530 3186 5574 et
3210 5523 3373 5590 agi-is.

2342 5583 2369 5622 ιι
2431 5574 2871 5662 Desidera_tur__i_n
2915 5590 3136 5662 exordio
3185 5574 3371 5647 minus
3416 5596 3619 5662 patricii
3668 5597 3829 5650 Rom

2268 5655 2639 5727 norumrquod
2679 5655 2730 5727 in
2761 5657 2880 5711 aliis
2921 5659 3305 5727 diplomatibus
3333 5655 3585 5720 occurrit.
3617 5666 3726 5720 Sed
3769 5669 3831 5715 ni-

2268 5724 2363 5780 hili
2395 5724 2666 5783 faciendus
2698 5726 2783 5783 hic
2828 5724 3088 5788 delectus.
3133 5733 3375 5792 Nondum
3404 5738 3548 5792 enim
3581 5751 3724 5792 anno
3745 5733 3833 5788 πι
