3964 6344
566 369 707 428 1005

1449 369 1508 425 Β.
1547 367 1792 426 ϐΑιιοιΛ
1837 370 2052 426 ΜᾹΟΝΙ
2090 369 2244 425 OPP.
2285 369 2465 428 PARS
2507 371 2545 432 Ι.
2587 371 2832 429 SECTIO
2873 374 2938 430 11.

3703 382 3818 440 ιοοι

557 493 742 546 saneta
772 487 932 543 Maria
957 484 1270 554 in’Atlvcna,
1303 494 1356 540 et
1382 494 1564 540 saneta
1599 485 1649 539 in
1695 484 1856 541 Maria
1902 485 2138 553 Manum,
2173 492 2219 550 Α
2247 497 2425 541 nostra
2452 486 2741 556 Spandola,
2765 500 2915 545 corte
2945 497 3126 546 nostra
3157 490 3390 558 Meledo,
3433 507 3564 550 cum
3615 499 3814 556 ecclesia

556 579 701 649 quod
739 586 823 632 est
853 592 945 652 per
975 578 1210 644 singulos
1238 575 1462 646 gualdos
1501 574 1751 631 loricatos
1795 591 1944 633 meas
1995 592 2141 632 mas-

556 669 780 727 saricias
807 667 985 723 (Luna
1005 681 1136 722 cum
1166 666 1344 722 selvas
1369 666 1435 720 ad
1463 664 1627 736 ipsius
1655 666 2007 737 pertinentes.
2033 668 2139 725 Seu

554 771 614 819 et
635 761 1015 816 monasterium
1037 759 1324 815 incivitate
1346 758 1630 815 Fossolana
1657 771 1870 818 sanctos
1908 759 2138 816 Michael

555 863 715 929 atque
741 853 1128 911 monasterium
1157 852 1328 908 sancti
1359 852 1554 907 Miniati
1600 853 1653 908 in
1702 852 1870 921 ipsius
1901 853 2136 919 civitate,

554 965 676 1008 cum
708 949 859 1006 cellis
881 947 993 1005 suis
1022 945 1074 1006 in
1107 947 1272 1017 ipsius
1311 945 1526 1001 civitate
1568 945 1652 1001 vel
1690 937 1829 1001 foris
1879 945 1946 1000 ad
1995 945 2138 1016 ipsas

556 1043 908 1114 pertinentes.
937 1041 1041 1096 Seu
1064 1047 1129 1096 et
1162 1047 1314 1093 eurte
1347 1037 1564 1102 Visellc,
1596 1046 1650 1093 et
1696 1047 1844 1093 corte
1890 1037 2133 1101 Bibiano,

555 1133 912 1204 plebe-sancti
943 1131 1158 1194 Gavini,
1177 1141 1226 1184 et
1251 1129 1424 1184 fundo
1450 1128 1770 1192 Justiniano,
1794 1128 2132 1193 Mocolidola,

553 1235 608 1282 et
633 1225 782 1279 Colle
813 1223 1062 1288 Fenario,
1093 1233 1145 1276 et
1175 1231 1325 1276 corte
1354 1221 1576 1291 Tigauo,
1608 1221 1762 1288 plebe
1801 1229 1985 1274 sancte
2024 1219 2135 1273 31a-

553 1319 632 1373 rie
660 1315 871 1379 Villole.
902 1323 955 1368 et
1008 1312 1165 1382 plebe
1220 1321 1406 1366 sancte
1460 1310 1798 1373 lllerusalitn,
1848 1324 1943 1364 seu
1984 1310 2134 1377 plebe

553 1387 723 1463 sancti
752 1403 985 1470 Romuli,
1017 1413 1067 1457 et
1102 1402 1154 1456 in
1186 1402 1303 1456 loco
1338 1399 1613 1462 Bernardi,
1646 1411 1738 1454 seu
1771 1399 1824 1452 in
1847 1398 2041 1463 Grave,
2081 1407 2134 1454 et

551 1500 720 1556 sancti
751 1497 932 1565 lllarii,
964 1507 1017 1552 et
1044 1503 1194 1550 corte
1224 1492 1484 1562 Pretnrio,
1515 1501 1571 1547 et
1615 1490 1784 1557 sancti
1833 1488 2130 1555 Michaelis,

550 1605 606 1648 et
635 1600 783 1648 corte
825 1586 1158 1644 Sobelinario
1180 1626 1196 1651 ,
1227 1597 1280 1640 et
1320 1583 1499 1638 Monte
1539 1583 1790 1648 Miniano,
1819 1581 2130 1647 Turiniann,

550 1696 607 1740 et
634 1682 900 1746 Gorzano,
919 1678 1244 1742 Genesticlo,
1273 1684 1326 1732 et
1347 1676 1571 1746 Spaloti,
1588 1675 1753 1730 Plebe
1776 1673 1844 1728 Sa
1857 1674 1959 1729 neti
1987 1675 2133 1728 Pan-'-

549 1776 746 1842 eltrati,
766 1784 820 1830 et
847 1775 942 1828 (2m
956 1783 1007 1827 te
1037 1771 1437 1841 Bcrgovigiano,
1472 1776 1525 1823 et
1561 1768 1806 1832 Sculcta,
1850 1765 2125 1835 Fuguana,

2245 578 2297 632 in
2327 577 2652 646 Musello,in
2697 576 3191 649 Caprilia,
3242 584 3420 650 niano,
3466 595 3526 640 et
3577 587 3730 644 Turri
3773 595 3812 648 in

2242 667 2450 735 Pitteta,
2477 683 2570 724 seu
2599 671 2650 725 in
2680 667 2841 739 Sexa,
2866 681 3029 740 atque
3056 683 3205 729 corte
3227 685 3404 730 nostra
3432 677 3505 733 de
3530 678 3746 747 Novate,
3769 693 3813 738 et

2239 769 2390 814 certe
2419 762 2487 816 de
2513 759 2760 816 Fumaria
2791 771 2950 831 atque
2975 763 3292 831 Caleinaria,
3324 775 3378 819 et
3413 762 3704 839 Valvig'ne,
3732 776 3811 828 Ar-

2232 854 2635 905 iana...........
2690 861 2840 907 corte
2895 853 3325 921 Monaehorutu,
3361 867 3431 913 ‘et
3490 859 3808 929 Simbriano,

2238 950 2384 994 corte
2410 940 2557 1008 Elsa,
2579 944 2729 997 corte
2757 942 2918 1010 Pesa,
2947 942 3160 1014 Campi,
3205 945 3423 1018 lngoue,
3465 949 3689 1018 Quinto,
3724 951 3808 1008 lle-

2237 1032 2393 1102 lego,
2446 1033 2783 1102 Aproniano,
2826 1035 3116 1104 Susicana,
3377 1053 3504 1102 ano,
3565 1042 3806 1112 l‘Opponi,

2231 1121 2514 1193 Grappena
2552 1125 2735 1182 Sancti
2779 1126 3080 1197 Benedicti,
3115 1129 3294 1185 Sancti
3315 1131 3624 1201 Georgii‘in
3673 1134 3808 1192 Plebs

2236 1219 2405 1269 Sancti
2442 1214 2587 1270 l’c’tri
2616 1217 2669 1270 itt
2700 1217 2986 1273 Perimoue
3017 1235 3034 1273 ι
3065 1221 3171 1275 Seu
3206 1225 3256 1274 in
3283 1222 3648 1289 Pistorien'se,
3673 1237 3807 1282 'corte

2501 1308 2773 1382 Pinsingo,
2809 1311 2962 1380 plebe
2989 1312 3175 1368 Sancti
3229 1313 3370 1369 Petri
3418 1315 3492 1370 de
3540 1315 3800 1387 Gruppina,

2235 1408 2288 1454 et
2320 1400 2474 1467 pic-lie
2500 1401 2679 1456 Sancti
2709 1401 2983 1458 Laurentii
3013 1404 3081 1460 de
3121 1406 3525 1474 Perriolo'loco,
3553 1410 3642 1478 qui
3666 1425 3802 1464 voca-

2227 1498 2321 1545 tur
2353 1492 2702 1548 Becina.Sett
2754 1495 2806 1548 in
2857 1496 3110 1551 comitatu
3163 1499 3408 1564 Aretinn,
3457 1483 3617 1568 plebe
3652 1500 3802 1556 Sancti

2235 1581 2512 1650 Stephani,
2565 1583 2668 1636 sita
2731 1581 2782 1638 itt
2839 1581 3043 1651 Ciasse,
3077 1596 3131 1642 et
3195 1588 3314 1642 luco
3367 1589 3634 1646 l’issinale
3679 1592 3797 1658 ju‘xu

2233 1671 2391 1727 lluvio
2410 1672 2627 1730 Classe.
2660 1673 2718 1729 ln
2747 1677 3003 1731 comitatu
3032 1677 3280 1734 Lucardo
3307 1690 3464 1735 corte
3504 1691 3680 1737 nostra
3699 1697 3800 1738 Silli-

2232 1767 2302 1820 eti
2335 1766 2472 1821 Petri
2504 1767 2554 1821 iit
2586 1767 2841 1834 Met-cato,
2876 1783 2970 1824 seu
3016 1767 3157 1824 forte
3195 1780 3373 1826 nostra
3424 1772 3604 1828 Monte
3639 1774 3794 1840 Calvo,

549 1837 602 1924 et
630 1836 801 1924 sancti
832 1865 973 1922 Petti
1002 1863 1056 1919 in
1085 1836 1412 1929 mauriciani,
1443 1871 1496 1916 et
1535 1869 1683 1916 corte
1713 1857 1948 1924 Assinia,
1981 1865 2129 1911 corte
2164 1836 2206 1895 Β
2232 1870 2284 1912 et
2315 1867 2459 1913 corte
2484 1859 2775 1929 Campano,
2805 1869 2856 1914 et
2881 1869 3032 1916 corte
3073 1858 3418 1924 Petroniano.
3452 1863 3608 1930 plebe
3638 1836 3792 1919 Sancti

549 2016 969 2076 munificentiam
999 2016 1052 2069 in
1080 2015 1385 2070 Anselmnm
1415 2013 1847 2068 Nonantulauum
1882 2011 2130 2066 abbatem

551 2094 676 2147 inde
705 2101 886 2144 ortam
931 2087 1118 2151 luisse,
1146 2085 1288 2153 quod
1339 2085 1626 2140 Anseltutts
1669 2085 1783 2151 ipse
1838 2085 2132 2137 auxiliares

550 2176 736 2216 manus
765 2158 1063 2228 porrexerit
1101 2157 1296 2228 llat'olo
1348 2155 1412 2209 ad
1463 2156 1821 2228 arripietnlam
1869 2169 2128 2228 coronant

548 2225 1493 2303 Langobardiciregni,fructumque
1525 2225 1730 2293 ceperit
1770 2239 1950 2303 operae
1995 2225 2128 2278 bene

546 2296 750 2358 nava'tae
779 2298 1112 2368 magnificam
1142 2296 1287 2350 illam
1335 2306 1410 2350 tot
1452 2297 1718 2368 bonorum
1761 2296 2127 2368 donatitmcm.

548 2377 638 2437 At,
672 2363 902 2440 inquies,
933 2367 1220 2440 Anseltnus
1281 2381 1476 2440 genere
1526 2364 1932 2440 Langobardos
1969 2363 2068 2440 fuit
2111 2382 2125 2418 :

544 2433 665 2514 quis
691 2433 1172 2514 eiedatbotnincm
1202 2451 1230 2490 a
1269 2433 1442 2514 gentis
1472 2451 1583 2490 suo
1623 2433 1809 2514 amore
1837 2433 2124 2514 deiecisse,

547 2505 604 2568 tit
634 2517 684 2566 in
717 2511 951 2568 Francos
981 2508 1294 2564 translatum
1325 2508 1482 2562 vellet
1502 2520 1722 2575 regnum
1745 2505 2127 2576 Langobardo-

546 2584 703 2640 rum?
737 2581 990 2650 Equidem
1025 2577 1075 2632 id
1110 2577 1328 2650 tttittitne
1349 2588 1552 2631 certum
1577 2585 1840 2640 statuam;
1893 2585 2127 2650 attamen

544 2670 650 2708 non
682 2645 895 2714 desunt,
921 2665 1039 2718 qua:
1077 2645 1205 2718 mihi
1250 2663 1360 2701 rem
1417 2662 1479 2702 ca
1540 2651 1747 2700 ratione
1798 2645 2129 2718 processisse

544 2723 772 2778 suadere
801 2714 1071 2772 videntur.
1096 2716 1180 2773 Uti
1201 2727 1404 2770 constat
1431 2733 1493 2770 ex
1519 2719 1776 2786 opusculo
1802 2717 1871 2786 de
1895 2714 2125 2769 Fundat.

547 2801 776 2848 monast.
801 2789 1115 2847 NonautuL.
1148 2788 1384 2842 Ausi-luti
1415 2785 1569 2840 soror
1599 2785 1907 2840 Giscltruda
1960 2797 2125 2852 nupta

547 2865 645 2917 fuit
672 2860 955 2930 Aistulplto
989 2857 1450 2930 l.attgob:trtlortuti
1481 2859 1633 2930 regi._
1653 2858 1699 2911 Is
1729 2866 1904 2910 autem
1929 2856 2123 2910 Ansel-

545 2949 685 2998 mus,
711 2942 769 2985 ut
799 2925 988 2994 fertur,
1020 2925 1170 2982 ducis
1200 2927 1351 2982 titulo
1384 2925 1496 2981 For-
1516 2925 1636 2996 julii
1688 2935 1948 2995 proterat,
2001 2940 2124 2998 eum

544 2996 786 3071 abjnrato
811 3003 1007 3054 sacculo
1031 2999 1486 3071 tuonasticzevitze
1509 3015 1628 3052 sese
1655 2999 1881 3062 addixit,
1905 3013 1978 3071 ac
2017 2996 2128 3071 No:

543 3066 1124 3138 naittulannmaliaque
1181 3068 1425 3124 cmnobia
1476 3071 1798 3124 construxit.
1857 3066 2123 3134 Aistulpbi

546 3144 869 3198 liberalitate
894 3140 1026 3194 adeo
1058 3140 1246 3207 insigni
1279 3138 1678 3204 corroboratus,
1718 3149 1773 3193 ut
1808 3138 2122 3208 Anonymns

543 3190 916 3270 sagacitas;
934 3190 1020 3264 ⁷ἷεῖ
1060 3190 1424 3279 vastabat;
1443 3190 1703 3265 “nostris:
1722 3190 1744 3193 τ
1758 3190 1887 3264 aii"
1902 3190 2124 3279 animi.
2153 3190 2198 3254 C

545 3287 761 3339 duxerit
789 3287 929 3336 banc
946 3282 1107 3335 etiam
1129 3281 1265 3335 inter
1287 3281 1466 3334 laudes
1489 3280 1632 3334 illius
1651 3279 1791 3350 regis
1815 3286 2124 3350 recensere,

546 3358 790 3409 scribens
824 3370 838 3407 :
876 3370 894 3403 t
935 3351 1184 3419 Idctnque
1230 3353 1390 3406 etiam
1451 3353 1572 3405 iecit
1629 3353 2014 3406 monasterium
2072 3349 2126 3404 in

545 3426 739 3479 linibus
763 3423 1015 3483 Atltniliam
1047 3421 1138 3475 ubi
1159 3421 1352 3476 dicitur
1375 3420 1591 3487 Mutina,
1617 3423 1669 3476 iu
1695 3423 1814 3476 loco
1861 3422 1949 3492 qui
1987 3436 2126 3492 nun-

545 3505 769 3562 eupatttr
800 3492 1098 3548 Nonatttula
1134 3510 1145 3543 :
1182 3507 1303 3545 nam
1347 3505 1446 3562 pro
1491 3494 1606 3561 ejus
1662 3491 1891 3561 cognato
1933 3491 2128 3545 abbate

548 3561 775 3619 Aret-uio
806 3565 1090 3634 (Attselmo
1112 3561 1497 3616 restituendum
1518 3563 1623 3634 est)
1652 3564 1721 3616 ibi
1759 3564 1993 3618 virorum
2011 3571 2130 3614 cie.

547 3638 763 3688 nubium
790 3633 1066 3687 fundatum
1086 3643 1198 3691 est;
1233 3646 1332 3684 nec
1362 3646 1467 3684 non
1494 3633 1599 3686 sibi
1628 3635 1691 3685 ad
1744 3647 1896 3687 sacra
1943 3645 2118 3684 mona-

546 3705 771 3758 chorum
812 3701 1056 3770 cmnobia
1105 3699 1414 3755 aediﬁcanda
1463 3719 1554 3766 per
1600 3711 1774 3757 certas
1829 3702 2128 3770 provincias

546 3776 565 3844 (
595 3791 712 3844 qua:
759 3774 964 3827 scilicet
1013 3769 1386 3844 Nonantttlano
1421 3772 1611 3844 deinde
1635 3769 1902 3841 supposita
1936 3770 2128 3840 imre)

549 3840 711 3898 iutilia
737 3855 820 3899 est
847 3844 987 3898 dona
1016 3840 1257 3909 largitus.
1293 3859 1312 3893 ι
1347 3842 1567 3897 Sublato
1597 3857 1627 3897 e
1658 3840 1790 3897 vivis
1821 3845 2124 3912 Aistulplto,

551 3915 859 3971 llesiderius
890 3912 1356 3981 Langobardotuut
1385 3927 1475 3966 rex
1520 3924 1596 3966 est
1649 3911 2005 3976 renuntiatus,
2032 3911 2126 3966 sed

546 3995 880 4056 repugnante
938 3984 1169 4056 Metellis,
1207 3998 1464 4053 germano
1489 3985 1770 4053 Aistnlpbi,
1795 3999 1858 4039 eo
1880 3983 2130 4056 videlicet

547 4053 635 4127 qui
659 4053 876 4126 régnutn
903 4067 1027 4109 ante
1056 4054 1392 4127 Al§ltliphiltll
1445 4062 1709 4127 tenuerat,
1737 4065 1792 4107 et
1817 4053 2128 4127 monachus

547 4124 599 4180 in
624 4124 898 4181 Casinensi
927 4124 1176 4180 cmnohio
1201 4125 1450 4194 degebat.
1496 4124 1632 4190 Quid
1679 4125 1895 4178 llatcliis
1937 4125 2124 4192 egerit.

547 4207 855 4266 quantoque
885 4205 1079 4250 conatu
1111 4196 1282 4266 bonus
1307 4196 1599 4266 monachus
1629 4209 1767 4248 novo
1797 4195 1906 4266 regi
1955 4194 2127 4247 obsti-

549 4265 694 4333 terit,
723 4265 906 4334 accipe
933 4269 999 4319 ah
1031 4265 1314 4318 Anastasio
1345 4265 1396 4317 itt
1440 4266 1555 4318 Vita
1592 4267 1850 4334 Stephani
1885 4265 1923 4318 Il
1956 4277 2128 4334 papm,

547 4345 602 4390 et
626 4345 694 4389 ab
719 4337 906 4391 eodem
933 4336 1215 4405 Anottyuto
1244 4335 1606 4398 Salernitaoo,
1636 4341 1727 4405 qui
1773 4336 1860 4390 hic
1904 4339 2134 4391 Anasta-

549 4421 689 4459 sum
713 4405 970 4476 exeripsit
1001 4423 1013 4456 :
1046 4422 1064 4476 ι
1099 4404 1264 4476 llujus
1287 4405 1604 4476 (Desiderii)
1635 4404 1916 4474 personam
1941 4410 2132 4468 despe-

549 4476 655 4530 ctui
683 4476 884 4529 habens
910 4475 1126 4528 liatchis
1147 4475 1346 4527 dudum
1372 4490 1488 4539 res,
1518 4486 1572 4529 et
1625 4478 1966 4544 postmodum
2007 4491 2128 4530 mo-

551 4548 774 4612 nachus,
803 4557 1088 4614 germanus
1123 4544 1324 4612 praelati
1352 4540 1644 4612 Aistutplti',
1674 4548 1769 4600 sed
1800 4558 1852 4602 et
1889 4548 1978 4600 alii
2011 4547 2127 4613 plu-
2155 4540 2210 4600 D
2234 4540 2368 4602 rain.
2400 4545 2480 4601 Ad
2521 4540 2791 4600 [tertianos
2848 4540 3022 4601 tamen

553 4631 642 4670 res
699 4614 1163 4685 I.augobardorutn
1215 4617 1500 4682 optimates
1554 4631 1674 4685 cum
1724 4632 1830 4682 eo,
1878 4618 2128 4670 eumdem

552 4684 886 4742 Desidet-ium
934 4694 1266 4754 spernentes,
1295 4685 1573 4754 plurimam
1622 4684 1986 4753 Transalpina:
2007 4731 2020 4752 ,
2049 4687 2129 4740 vel

553 4770 867 4813 cmterornm
909 4755 1723 4827 Langobardorumexercituum
1741 4759 2129 4827 multitudinem

553 4825 1042 4898 aggregantes,ad
1083 4826 1445 4898 dimicandum
1495 4839 1678 4880 contra
1729 4843 1849 4880 eum
1908 4825 2128 4896 proiecti

556 4909 697 4953 sunt.
726 4897 759 4950 ⁷»
789 4899 1092 4952 ltttcrcessit
1122 4905 1201 4950 tot
1227 4897 1465 4950 motibus
1511 4899 1578 4951 ad
1626 4898 1888 4953 Desiderii
1943 4911 2128 4966 preces

555 4969 862 5038 Stephanus
894 4968 957 5036 ll,
989 4975 1043 5022 et
1071 4980 1253 5036 pacem
1285 4968 1417 5021 inter
1450 4967 1772 5024 dissidentes
1809 4968 2126 5036 composuit.

557 5040 624 5091 At
648 5039 974 5105 Desiderins,
995 5041 1360 5092 exulceratum
1387 5040 1579 5093 deinde
1621 5041 1856 5094 animum
1897 5053 2088 5104 gerens
2110 5077 2125 5101 ,

557 5125 652 5179 pro
682 5125 827 5163 more
875 5106 1196 5162 conditionis
1249 5109 1492 5161 humanm
1545 5111 1800 5164 adversus
1839 5123 1955 5173 eos,
1993 5125 2131 5177 quos

555 5189 741 5234 contra
767 5194 825 5233 se
851 5179 1154 5247 conjuratos
1176 5190 1434 5247 senserat,
1467 5179 1520 5234 in
1565 5186 1873 5233 Anseltttum
1918 5194 2128 5247 quoque

556 5251 816 5312 desavviit,
841 5254 1035 5316 quippe
1061 5249 1229 5313 illum,
1274 5258 1331 5301 ut
1376 5249 1514 5315 justa
1561 5251 1866 5316 conjectura
1915 5255 2125 5314 suadet,

558 5320 833 5376 llatcltisio
855 5321 1043 5374 sororii
1075 5320 1156 5373 sui
1200 5320 1343 5372 fratri
1394 5321 1757 5388 coniunctum,
1788 5319 1996 5388 sibique
2039 5321 2128 5373 τηις

557 5401 882 5454 versantem,
905 5389 1276 5458 deprehendtt.
1313 5388 1368 5442 ltt
1399 5387 1573 5444 Cat-al.
1606 5390 1787 5444 abbat.
1837 5387 2124 5444 Nouautul.

560 5464 846 5516 Atiseltnus
872 5462 1064 5514 dieitur
1093 5461 1294 5514 texisse
1327 5477 1346 5510 ι
1383 5461 1645 5515 abbatiam
1699 5460 2126 5514 Nonatttulanam

561 5547 715 5602 anuis
742 5532 1119 5602 quinquaginta
1142 5548 1156 5597 ;
1187 5545 1239 5584 et
1262 5549 1324 5584 ex
1352 5533 1432 5584 bis
1451 5541 1654 5600 septem
1675 5544 1860 5602 passus
1883 5540 1963 5582 est
1985 5531 2130 5584 cltsi-

557 5601 690 5654 lium
717 5617 746 5654 a
766 5601 1046 5657 Desiderio
1071 5602 1208 5670 apud
1236 5602 1508 5668 Casinum,
1540 5602 1679 5654 sicut
1708 5601 1995 5654 multorum
2040 5615 2128 5655 se-

564 5671 772 5724 niorum
804 5673 1062 5727 relatione
1084 5672 1386 5738 didicimus,
1411 5688 1506 5740 pro
1535 5687 1600 5725 eo
1627 5671 1766 5740 quod
1795 5670 1978 5725 nescio
2003 5673 2127 5740 qttid

563 5741 850 5809 deliquerit
882 5743 932 5794 in
967 5741 1279 5807 Desiderio;
1308 5752 1359 5798 et
1387 5741 1702 5812 Yigilantins
1754 5742 2030 5810 presbyter
2075 5742 2127 5795 in

566 5813 822 5884 pra-dicto
852 5823 1089 5882 tetnporc
1117 5813 1342 5868 feliciter
1362 5811 1786 5868 Nonantulattum
1807 5814 2129 5882 gubernavit

2233 2021 2318 2071 cm
2341 2015 2555 2089 nubium.
2583 2025 2609 2068 δ
2635 2015 2784 2084 Quod
2810 2016 2895 2089 hic
2917 2016 3113 2089 dicitur
3137 2018 3202 2073 de
3251 2017 3546 2088 Vigilantio
3592 2021 3786 2089 presbv—

2235 2097 2352 2141 tero
2377 2088 2560 2141 nescio
2593 2099 2660 2139 an
2686 2096 2834 2142 certo
2862 2086 3204 2142 fundamento
3225 2086 3448 2144 nitatur.
3474 2086 3611 2144 Inter
3632 2102 3783 2145 vetns-

2235 2157 2365 2210 tiora
2396 2157 2678 2224 diplomata
2709 2157 2884 2211 eidem
2913 2159 3239 2214 monasterio
3260 2163 3522 2214 eontessa
3552 2177 3698 2213 ntnno
3719 2161 3784 2216 sic

2231 2227 2501 2301 sehabet:
2533 2244 2570 2301 t_
2593 2225 2928 2301 Privilegium
2961 2229 3012 2282 in
3049 2243 3260 2301 papyro;
3284 2230 3538 2284 Adelcbis
3578 2234 3702 2301 regis
3743 2233 3784 2286 in

2235 2298 2494 2352 Silvestro
2523 2296 2734 2359 abbate.
2767 2296 3088 2351 conﬁrmans
3114 2296 3295 2353 omnia
3331 2301 3597 2369 privilegia
3634 2296 3782 2363 Supe-

2233 2369 2346 2422 rius
2374 2373 2650 2430 auttotata,
2698 2381 2718 2418 ι
2754 2379 2860 2422 etc.
2893 2369 3027 2438 Ergo
3052 2383 3157 2423 non
3185 2371 3556 2425 tantummod.»
3581 2373 3628 2423 in
3656 2373 3780 2424 exsi-

2232 2440 2358 2510 lium
2389 2438 3100 2510 actus_estAnseltntts,_sed
3149 2438 3268 2510 ejus
3325 2441 3445 2510 loco
3490 2442 3777 2510 subsutntas

2230 2506 2328 2561 fuit
2355 2507 2698 2578 alterabbas,
2729 2522 2928 2578 nempe
2959 2506 3246 2575 Silvester,
3292 2509 3361 2565 ad
3405 2511 3620 2578 regimen
3664 2509 3771 2562 No:-

2231 2577 2508 2632 nantulani
2543 2580 2876 2632 monasterii.
2910 2576 3077 2632 Simul
3133 2590 3309 2634 autem
3362 2576 3476 2633 hinc
3512 2581 3758 2641 discimus,

2230 2650 2330 2702 nisi
2365 2659 2478 2716 post
2506 2648 2827 2702 debellatum
2863 2649 3195 2703 Desiderittm
3227 2653 3455 2704 Anselmo
3491 2647 3655 2702 abbati
3679 2663 3756 2700 re.

2229 2718 2471 2771 alittttum
2507 2718 2672 2772 fuisse
2700 2718 3002 2772 etettobittttt
3022 2728 3210 2784 suum;
3243 2722 3402 2789 uilque
3429 2720 3628 2773 obstare
3647 2720 3764 2788 quin

2230 2789 2565 2857 suspicemur
2587 2789 2899 2860 Anseltnnm
2929 2791 3126 2858 ipsum,
3157 2801 3362 2860 quantis
3386 2789 3770 2860 potuitjir'tbns,

2228 2859 2430 2928 apertis
2453 2869 2545 2914 aut
2572 2859 2820 2920 occultis,
2846 2874 3087 2924 curasse,
3112 2857 3186 2914 ut
3219 2862 3514 2915 venientem
3553 2857 3773 2928 Catulum

2229 2927 2564 2998 Langobardi
2592 2931 2744 2998 proni
2789 2931 3268 2997 amplecterentur.
3294 2931 3607 2998 dejectoque
3649 2927 3775 2981 Desi:

2229 3001 2379 3054 derio
2425 2999 2526 3054 sibi
2575 3001 2798 3064 infesto,
2834 2999 3159 3055 Francorum
3213 3000 3510 3068 principem
3559 3000 3607 3052 in
3649 3012 3774 3050 suam

2229 3069 2684 3141 regetnlubenter
2701 3069 3031 3138 acciperent.
3063 3070 3246 3139 Neque
3297 3071 3542 3126 Anselmi
3586 3070 3775 3137 singuEa.

2228 3139 2342 3195 rem
2375 3140 2624 3209 pietatem
2657 3139 2762 3194 huc
2810 3154 3050 3195 arcessas
3102 3142 3283 3195 velim.
3333 3141 3561 3195 Summa
3608 3153 3774 3208 quoque

2232 3213 2399 3280 pietas
2430 3211 2523 3264 fuit
2550 3210 2811 3280 ,Adriano
2845 3209 2862 3264 Ι
2907 3225 3118 3264 summo
3161 3211 3432 3279 pontiﬁci;
3486 3219 3546 3264 at
3585 3214 3766 3263 neniam

2231 3279 2381 3335 illum
2406 3279 2629 3350 injurius
2651 3282 2738 3342 sit,
2764 3280 2807 3333 si
2843 3291 3074 3349 reputet.
3100 3292 3151 3334 et
3177 3285 3348 3350 ipsum
3389 3281 3620 3335 minime
3639 3280 3756 3350 indUtf

2229 3361 2441 3420 gentem
2487 3348 2679 3415 fuisse,
2710 3358 2768 3403 ut
2822 3351 2874 3404 in
2911 3348 3401 3420 Langobardorum
3449 3352 3648 3405 ditione
3677 3348 3748 3415 regi

2231 3422 2398 3475 inviso
2431 3435 2520 3476 rex
2555 3420 2914 3474 amicissimus
2942 3421 3261 3476 succederet
3293 3440 3304 3474 :
3341 3432 3407 3475 est
3457 3437 3574 3490 qua
3611 3421 3748 3472 victam

2228 3491 2279 3544 in
2306 3493 2474 3561 ipsum
2493 3507 2702 3560 quoque
2731 3491 3045 3560 pontiﬁcem
3067 3491 3288 3560 ejusque
3305 3505 3756 3546 successorest

2230 3563 2465 3616 Iumenta
2499 3577 2602 3614 non
2639 3563 2850 3615 modica
2875 3562 3255 3615 redundarent.
3302 3564 3437 3628 Quis
3475 3575 3610 3616 vero
3663 3561 3769 3613 fuerit

2230 3633 2571 3700 Nortepertus
2595 3633 2700 3685 dux
2731 3634 2782 3684 ιιι
2813 3631 2996 3684 charta
3018 3648 3182 3698 nuper
3201 3635 3445 3700 evulgata
3475 3640 3770 3700 lliOlthl’allla’.

2230 3697 2470 3772 ignotum
2501 3713 2583 3755 cst
2611 3703 2764 3773 mihi.
2787 3705 3035 3756 Attamen
3083 3697 3372 3773 Norteper'ti
3419 3702 3581 3755 ducis
3627 3697 3778 3773 metit!

2229 3771 2312 3827 υὲι
2340 3774 2392 3825 in
2416 3773 2598 3827 charta
2630 3771 2857 3842 quadam
2893 3773 3215 3828 Bononiensi
3244 3771 3645 3835 eotnmetititia,
3669 3772 3778 3834 istinc:

2231 3845 2479 3898 ﬂoruisse
2508 3843 2727 3905 dicitur,
2763 3852 3018 3913 regnante
3044 3843 3316 3897 ﬂatcltisio
3347 3843 3782 3913 Langobardorum

2231 3929 2380 3980 rege,
2413 3923 2567 3980 atque
2600 3913 2739 3966 inter
2768 3915 2932 3967 duces
2949 3912 3068 3982 ejus
3091 3912 3545 3982 gentisrelertur.
3582 3912 3784 3967 ιἐιυειιιε

2232 3984 2376 4038 illius
2405 3984 2606 4037 charta:
2635 3984 2826 4036 artifex
2862 3984 3152 4038 vetustiora
3198 3984 3423 4037 forsitan
3476 3991 3783 4036 manantem:

2233 4069 2341 4124 pra!
2367 4054 2537 4107 oculis
2567 4053 2769 4116 habuit,
2799 4069 2831 4108 e
2868 4055 3061 4124 quibus
3110 4069 3356 4120 promere
3404 4056 3591 4124 potuit
3639 4049 3785 4124 Noric-

2232 4119 2364 4195 perti
2387 4124 2526 4180 illius
2555 4124 2825 4195 notitiam.
2851 4119 3019 4195 Magni
3044 4119 3176 4192 ergo
3222 4126 3460 4178 nominis
3505 4122 3594 4176 vir
3628 4119 3787 4195 ⁸Διιειεισ

2234 4192 2352 4249 inus
2374 4197 2561 4259 abbas,
2581 4203 2633 4248 ct
2662 4192 2952 4264 singularis
2976 4196 3116 4264 apud
3138 4206 3347 4262 gentem
3371 4208 3526 4248 suam
3551 4192 3790 4264 existima-

2235 4266 2421 4331 tionis,
2453 4265 2675 4318 multum
2703 4259 3165 4319 contulisse'tmti
3206 4265 3477 4318 immerito
3519 4259 3790 4331 credendus

2234 4346 2338 4400 est,
2373 4330 2427 4388 ut
2477 4335 2672 4389 Carolo
2725 4335 2917 4404 Magno
2947 4345 3051 4387 tam
3083 4349 3337 4404 prospere
3365 4333 3680 4404 procederet
3705 4330 3790 4382 bel-

2239 4409 2371 4472 luttt,
2397 4421 2490 4474 per
2520 4405 2660 4472 quod
2693 4403 2850 4459 avitis
2898 4407 3074 4473 regnis
3131 4403 3369 4458 Italicum
3427 4403 3790 4474 nobilissimum

2237 4467 2448 4546 adjeci't.
2469 4467 2658 4546 Neque
2688 4476 2836 4543 plura
2865 4467 3288 4546 pro'ttujusmodi
3333 4472 3649 4546 conjectura
3694 4467 3792 4546 alie.

3082 4544 3361 4612 pootilicos
3407 4541 3554 4613 quod
3618 4541 3793 4595 attinet.

2235 4620 2370 4672 bene
2397 4615 2610 4683 quidem
2635 4617 2710 4668 eis
2737 4617 2900 4671 cessit
2930 4615 3030 4669 sub
3061 4610 3281 4683 Pippinu
3313 4610 3654 4668 Francorum
3678 4623 3798 4676 rege.

2232 4688 2457 4757 ejusque
2487 4687 2596 4740 tilio
2626 4686 2821 4741 Carolo
2854 4689 3071 4755 Magno;
3103 4697 3226 4740 tunc
3255 4686 3396 4757 enim
3430 4699 3537 4736 ltott
3565 4683 3800 4757 exercita:

2231 4753 2307 4814 ῑῖιι
2340 4753 2569 4820 tantum,
2592 4759 2684 4811 sed
2716 4767 2768 4811 et
2797 4753 2979 4811 limini:
3007 4760 3230 4825 ejusque
3278 4755 3493 4825 ducatui
3549 4753 3798 4825 dominari

2230 4838 2531 4898 cmperunt.
2567 4827 2721 4881 l’iura
2766 4832 2927 4880 etiam
2975 4821 3100 4880 tunc
3147 4821 3225 4880 eis
3267 4824 3532 4898 promissa
3581 4821 3803 4875 videntur

2231 4896 2388 4968 quam
2423 4898 2642 4952 effectus
2690 4898 3005 4968 ostendetit.
3057 4899 3124 4950 At
3173 4896 3500 4968 procedente
3557 4898 3806 4968 ternpom,

2230 4962 2533 5038 quanquam
2557 4968 2625 5021 ab
2656 4968 2786 5036 ipsis
2815 4967 3112 5038 itnperialis
3135 4962 3411 5038 coronatio
3438 4962 3807 5030 penderet,prr

2230 5035 2598 5108 quattntitulus
2617 5047 2668 5108 et
2679 5035 2772 5108 jus
2793 5035 3204 5107 imperatoribus
3223 5037 3388 5091 ιιὶυιις
3401 5035 3579 5095 batur,
3599 5044 3654 5087 et
3675 5042 3808 5100 quam

2232 5107 2471 5163 nonnulli
2507 5107 2691 5160 multis
2737 5107 2892 5161 donis
2939 5109 3210 5171 etttebant,
3245 5121 3427 5172 parum
3469 5114 3654 5155 tamen
3685 5115 3810 5172 enim

2232 5181 2450 5233 Intuenti
2483 5179 2616 5230 inde
2644 5180 2694 5230 in
2723 5177 3016 5232 Ecclesium
3067 5171 3358 5230 lioutanant
3385 5175 3645 5226 manavit.
3676 5171 3812 5225 Scili-

2232 5261 2312 5304 eet
2348 5249 2480 5302 ntltil
2513 5261 2664 5300 nova!
2695 5245 2913 5301 ὡῑίυιιὶς
2938 5249 2986 5301 ei
3034 5247 3272 5301 additum
3323 5246 3442 5308 I'ttll,
3471 5246 3581 5295 imo
3615 5243 3812 5308 antiqua

2231 5322 2391 5375 etiam
2417 5318 2695 5374 imminuta
2728 5327 2889 5386 atque
2916 5323 3190 5372 subtracta
3219 5318 3489 5386 videntur.
3511 5315 3815 5386 Algineunte

2231 5392 2426 5443 stecolo
2459 5403 2573 5452 χιιι,
2598 5387 2697 5441 sub
2730 5383 3042 5442 ltttioceutio
3074 5401 3152 5451 ιιι,
3181 5384 3401 5456 grandis
3440 5383 3609 5456 animi
3657 5383 3814 5453 ponti-

2236 5463 2356 5524 l'tce,
2382 5476 2440 5511 ac
2467 5459 2682 5512 nbet'itts
2712 5458 2873 5511 etiam
2905 5460 3006 5512 sub
3060 5455 3282 5511 Nicolao
3333 5455 3418 5518 lll,
3451 5455 3695 5524 llotnana
3747 5461 3816 5524 res

2235 5521 2438 5584 felicius
2460 5526 2765 5599 promoveri
2795 5543 2968 5596 C(Bptu
2998 5539 3102 5595 eSt,
3133 5529 3199 5579 ita
3233 5537 3294 5580 ut
3355 5525 3550 5594 partim
3599 5521 3810 5599 liberali-

2235 5609 2340 5654 tate
2363 5592 2547 5667 regum
2569 5609 2623 5651 et
2640 5592 3046 5664 imperatorum,
3067 5592 3260 5666 partim
3282 5592 3555 5648 armorum
3573 5592 3816 5650 subsidio,

2234 5672 2289 5726 itt
2332 5671 2478 5724 illum
2515 5670 2752 5722 “Olltallil
2779 5671 2968 5722 eadem
3001 5667 3240 5724 Ecclesia
3301 5677 3501 5720 statum
3558 5675 3818 5732 progressa

2235 5741 2393 5795 fuerit
2419 5754 2577 5808 quem
2607 5753 2747 5791 mtuc
2770 5740 3060 5806 cernimus,
3090 5740 3247 5808 eique
3277 5746 3597 5809 perpetuum
3642 5744 3696 5789 et
3743 5747 3812 5800 pa-

2233 5819 2410 5868 catum
2434 5824 2648 5877 semper
2682 5820 2954 5879 optamus.
3369 5811 3375 5816 ’
