3964 6344
511 372 651 431 1007

1400 370 1458 426 Β.
1500 369 1750 425 CAROLI
1790 369 2002 425 MAGNI
2043 365 2196 424 OPP.
2239 367 2414 424 PARS
2454 371 2494 438 Ι,
2536 371 2773 430 SECTIO
2814 375 2876 431 il.

3655 376 3783 434 1008

511 483 730 546 Patrum
761 487 942 559 regula
973 485 1227 542 custodiri
1252 486 1461 542 videtur
1496 506 1507 540 :
1535 495 1594 542 ut
1622 486 1798 542 nullus
1813 486 2092 554 episcopo-
2118 485 2171 544 Δ
2196 496 2500 541 sanctorum
2536 493 2920 546 venerabiliunt
2952 491 3021 546 ob
3047 505 3288 548 amorem
3319 491 3412 548 Dei
3447 492 3660 548 nosuis
3695 508 3784 565 au:

512 598 632 639 rum
665 597 762 652 pro
790 581 1054 636 electione
1081 580 1290 635 abbatis
1312 581 1579 636 dationem
1609 581 1856 649 accipere
1879 579 2093 644 debeat,

511 683 566 730 et
594 680 908 741 potestatem
940 687 1044 726 non
1078 671 1272 726 habeat
1301 672 1366 724 de
1396 672 1514 739 ipso
1564 671 1894 726 monasterio
1946 668 2096 724 aule-

510 763 660 818 reudi
685 777 893 826 cruces,
924 761 1142 828 calices,
1181 770 1421 829 patcnas,
1442 761 1778 829 Codices,vel
1813 760 2090 826 reliquias,

509 857 593 911 vel
621 855 886 924 quaslibet
909 869 996 910 res
1025 855 1092 908 de
1117 853 1416 908 ministerio
1463 855 1732 917 ecclesiae,
1764 867 1861 908 nec
1913 851 2090 921 ipsum

512 947 896 1004 monaSterium
931 960 1129 1016 ponere
1155 945 1254 1000 sub
1289 943 1488 998 tributo
1514 945 1810 1014 principum
1865 952 2098 1013 puteSIa-

511 1050 618 1094 tem
650 1040 886 1104 haberet,
919 1052 1017 1092 ηιτο
1042 1037 1258 1093 demum
1305 1035 1580 1100 tributum,
1624 1045 1717 1090 aut
1769 1048 1990 1090 censum
2041 1031 2097 1086 in

508 1129 819 1200 supradicto
865 1128 1193 1184 monasterio
1235 1141 1425 1183 eorum
1479 1125 1697 1196 exigere
1745 1124 1974 1190 debeat,
2001 1123 2097 1178 sed

511 1221 624 1288 ipsa
655 1235 776 1277 casa
829 1219 944 1285 Dei,
991 1219 1128 1275 sicut
1181 1217 1544 1285 suprascripta
1595 1215 1942 1281 monasteria,
1976 1229 2097 1284 quae

511 1310 649 1367 infra
673 1326 830 1381 regna
863 1312 1044 1366 nostra
1067 1317 1211 1376 sunt,
1239 1309 1338 1364 sub
1377 1323 1443 1364 eo
1482 1307 1759 1376 privilegio
1812 1315 1865 1360 et
1912 1319 2099 1359 norma

511 1403 733 1458 Patrum
769 1403 1052 1458 consistat.
1109 1399 1278 1472 Cujus
1308 1399 1616 1470 petitionem
1649 1413 1746 1468 pro
1784 1397 1968 1453 divino
2012 1411 2101 1452 re-

513 1504 723 1564 spectu,
758 1495 839 1549 vel
864 1493 1130 1550 mercedis
1170 1501 1365 1547 nostra:
1395 1499 1678 1561 augmento
1706 1490 1972 1545 noluimus
2000 1489 2101 1544 deo

512 1601 748 1655 negare;
777 1584 869 1642 sed
893 1586 962 1641 ob
985 1598 1224 1640 amorem
1261 1581 1476 1638 Domini
1525 1581 1693 1637 nostri
1738 1580 1862 1636 .lesu
1901 1579 2102 1635 Christi

513 1682 586 1734 ita
617 1682 966 1736 conﬁrmasse
989 1677 1079 1732 Vel
1118 1676 1187 1731 de
1233 1689 1374 1730 novo
1414 1674 1748 1730 concessisse
1777 1672 2100 1743 cognoscite.

512 1772 894 1840 l‘rzecipieutes
939 1783 1069 1841 ergo
1115 1767 1400 1838 iubemus,
1435 1774 1499 1820 ut
1553 1763 1730 1819 nullus
1781 1764 2096 1833 episcopus,

2197 580 2534 635 ctoritatibus
2563 585 2970 651 conﬁrmamus,
3001 585 3296 653 danamus,
3336 597 3390 641 et
3424 588 3641 656 regiam
3670 602 3787 644 cono

2197 673 2532 727 suetudinem
2561 689 2896 743 exercemus,
2920 686 2978 732 et
3003 678 3056 732 id
3086 679 3140 732 in
3167 690 3446 750 posterum
3480 696 3783 738 mansurum

2199 774 2320 816 esse
2364 762 2653 816 credimus.
2709 765 2874 836 Igitur
2913 768 3212 836 comperiat
3255 770 3507 824 omnium
3563 770 3782 828 ﬁdelium

2199 858 2508 906 nostrorum
2537 853 2823 921 industria,
2854 856 3085 927 qualiter
3111 860 3438 915 venerabilis
3469 861 3559 915 vir
3585 861 3615 900 δ
3642 861 3785 932 Apol-

2199 940 2389 998 linaris
2421 943 2679 1002 Ecclesia:
2707 947 2989 1018 Regiensis
3011 953 3302 1021 episcopus
3338 955 3568 1024 pietatis
3602 971 3783 1012 nostra

2203 1032 2545 1089 clementiam
2575 1036 2803 1107 adierit,
2849 1050 2905 1093 ut
2943 1054 3134 1098 omnes
3172 1056 3259 1098 res
3297 1045 3474 1113 ipsius
3494 1048 3753 1118 ‘episeopii
3767 1088 3782 1116 ,

2199 1140 2332 1197 quas
2357 1129 2688 1200 antiquitus,
2718 1133 2806 1189 vel
2836 1135 3114 1192 modernis
3146 1140 3488 1210 temporibus
3512 1180 3531 1207 ,
3576 1153 3688 1197 tam
3725 1146 3783 1199 de

2199 1220 2506 1277 dationibus
2535 1238 2743 1294 regum,
2777 1241 2938 1296 quam
2968 1229 3299 1299 reginarum,
3330 1245 3434 1285 seu
3462 1233 3782 1303 reliquorum

2201 1309 2366 1367 Deum
2391 1312 2714 1380 timentium,
2740 1317 2820 1371 vel
2847 1332 2982 1383 quos
3015 1319 3066 1372 in
3096 1331 3252 1374 antea
3282 1321 3557 1388 additum,
3591 1326 3674 1379 vel
3701 1329 3781 1380 de-

2201 1401 2431 1473 legatum
2473 1403 2666 1471 fuerit,
2699 1407 2780 1461 vel
2813 1410 3065 1477 quicquid
3100 1411 3280 1480 juste,
3316 1423 3372 1468 et
3403 1415 3783 1472 rationabiliteri

2202 1495 2478 1564 possidere
2504 1497 2857 1568 dignoscitur,
2903 1503 3008 1556 sub
3052 1502 3410 1560 immanitatis
3461 1515 3667 1562 nostra:
3693 1511 3780 1563 tel-

2204 1585 2350 1641 tione
2383 1602 2478 1656 per
2506 1597 2745 1644 nostram
2777 1593 3149 1648 auctoritatem
3183 1595 3445 1663 prmdicto
3480 1598 3604 1653 loco
3642 1605 3779 1654 sacri)

2201 1679 2700 1735 corroboraremus.
2765 1680 3042 1748 Quatenus
3094 1685 3272 1740 nullus
3321 1686 3498 1756 judex
3555 1691 3778 1759 publicus

2203 1773 2402 1829 ibidem
2428 1781 2620 1830 causas
2648 1774 2976 1843 audiendas,
3021 1777 3106 1832 vel
3153 1779 3301 1834 lroda
3341 1781 3612 1850 exigenda
3636 1823 3650 1846 ,
3698 1797 3778 1836 seu

511 1837 697 1930 abbas,
726 1864 855 1929 dux,
877 1837 1180 1928 Castaldtis,
1214 1859 1296 1915 vel
1327 1857 1582 1929 quislibet
1623 1857 1691 1912 de
1723 1856 1971 1911 ﬁdelibus
2002 1868 2099 1910 no-
2132 1837 2179 1897 Β
2207 1865 2622 1924 mansionalicas
2643 1909 2658 1934 ,
2688 1869 2774 1924 vel
2823 1837 3034 1938 paratas
3063 1868 3337 1926 faciendas
3358 1914 3376 1939 ,
3429 1837 3535 1928 ιῖοε
3581 1837 3775 1943 mit-jus-

513 1952 659 2019 stris,
682 1967 776 2008 seu
795 1966 818 1992 η
833 1953 1097 2022 iuniores,
1113 1961 1204 2004 aut
1221 1961 1562 2004 successores
1580 1947 1763 2010 vestri,
1785 1946 2100 2017 prtedictum

514 2045 783 2108 abbatem,
809 2055 900 2099 aut
930 2045 1224 2099 monachos
1251 2055 1403 2103 suos,
1423 2042 1507 2095 vel
1537 2050 1758 2111 agentes
1799 2038 1966 2107 ipsius
2005 2049 2098 2092 ec-

512 2137 690 2190 clesiae
717 2137 783 2191 de
813 2135 971 2190 rebus
999 2134 1202 2204 prtel‘ati
1243 2131 1578 2195 monasterii,
1605 2143 1726 2200 qua:
1783 2127 1980 2183 ibidem
2035 2135 2101 2181 ex

512 2226 871 2282 muniﬁcentia
904 2241 1090 2297 regum
1141 2233 1232 2278 aut
1271 2223 1602 2294 reginarum,
1636 2221 1719 2276 vel
1775 2219 1844 2275 de
1896 2217 2106 2275 collatis

515 2319 716 2386 populi,
751 2317 833 2372 vel
863 2316 1196 2387 pontiﬁcum,
1228 2315 1311 2369 vel
1342 2328 1462 2382 quas
1491 2312 1558 2367 ad
1606 2312 1781 2380 ipsum
1829 2319 2105 2365 monaste-

515 2407 655 2461 rium
689 2416 1074 2476 pervenerunt,
1101 2414 1194 2460 aut
1221 2405 1277 2460 in
1307 2413 1492 2471 antea,
1521 2403 1632 2458 Deo
1659 2403 1970 2471 adjuvante,
1995 2401 2105 2454 lar-

514 2499 620 2565 gita
655 2500 873 2563 ﬁteriut,
891 2507 998 2554 tam
1031 2511 1126 2568 per
1145 2495 1494 2560 venditionis,
1513 2507 1673 2563 qnam
1695 2502 1751 2546 et
1771 2490 2104 2553 donationis,

513 2605 608 2648 aut
644 2590 902 2647 cessionis
940 2598 992 2642 et
1016 2588 1218 2655 reliqua
1249 2587 1604 2639 instrumenta
1633 2583 1936 2637 chartarum
1961 2621 1977 2647 ,
2026 2581 2108 2635 iu-

519 2684 786 2754 quietare,
809 2689 900 2732 aut
928 2687 1112 2732 contra
1159 2676 1387 2730 rationis
1415 2675 1658 2728 ordinem
1707 2687 1924 2743 quoquo
1971 2681 2108 2727 tem-

517 2785 650 2844 pore
679 2785 869 2839 gerere
901 2769 1274 2838 praesumatis;
1321 2766 1413 2820 sed
1450 2765 1550 2819 sub
1597 2774 1784 2819 nostro
1836 2764 2114 2835 privilegio

517 2866 704 2932 quieto
721 2861 908 2914 ordine
931 2857 1226 2914 resideaut.
1249 2856 1317 2911 Et
1337 2858 1380 2910 si
1400 2856 1724 2926 quandoque
1751 2855 1917 2910 abbas
1942 2856 2112 2925 ipsius

525 2953 838 3012 miniasterii
867 2952 933 3008 de
957 2951 1055 3006 bac
1087 2952 1205 3006 luce
1235 2951 1571 3020 migraverit,
1599 2949 1738 3003 inter
1758 2964 1817 3004 se
1847 2949 1948 3016 ipsi
1991 2957 2110 3003 mo-

527 3049 706 3114 nachi,
733 3063 890 3116 quem
915 3045 1211 3114 digniorem
1236 3041 1539 3098 invenerint
1560 3041 1852 3095 secundum
1875 3039 2112 3110 regulam

523 3138 692 3195 sancti
725 3135 1019 3199 Benedicti,
1050 3144 1105 3189 et
1134 3133 1269 3187 sicut
1300 3147 1485 3186 eorum
1513 3132 1646 3185 ordo
1676 3129 1891 3196 edocet,
1932 3138 1989 3185 et
2027 3143 2112 3185 re-

517 3242 668 3287 ctum
689 3240 792 3295 est,
810 3228 893 3284 vel
915 3229 994 3282 eis
1017 3227 1068 3281 in
1099 3239 1260 3279 unum
1283 3223 1763 3289 consentientibus,-
1786 3235 1948 3292 quem
1971 3236 2106 3276 una-

521 3323 742 3378 nituiter
770 3319 1033 3387 elegerint
1059 3316 1323 3370 licentiam
1371 3315 1601 3369 habeant
1648 3315 1875 3382 eligendi
1935 3313 2110 3368 Abba-

523 3424 656 3479 tem,
681 3422 735 3467 et
758 3426 931 3478 neque
954 3425 983 3463 a
1014 3408 1188 3473 uobis,
1214 3422 1388 3477 neque
1417 3422 1445 3458 a
1476 3407 1878 3460 successoribus
1915 3408 2116 3462 nostris

528 3508 763 3577 regibus,
797 3507 848 3558 id
881 3503 1019 3570 quod
1052 3517 1145 3570 Iro
1169 3500 1416 3554 mercede
1457 3510 1634 3552 nostra
1665 3497 2006 3563 indulsimus,
2041 3497 2114 3552 ir-

531 3609 772 3664 ruptum,
791 3604 882 3648 aut
907 3592 1238 3647 confractum
1266 3587 1550 3658 aliquando
1570 3586 1664 3654 sit,
1685 3588 1782 3643 sed
1808 3588 1874 3642 de
1900 3589 2116 3657 proprio

530 3690 749 3742 valeant
779 3699 992 3754 semper
1015 3683 1251 3754 gaudere
1275 3680 1614 3748 patrimonio,
1639 3689 1902 3749 quatenus
1928 3680 2118 3734 melius

524 3780 761 3834 delectet
791 3777 961 3846 ipsam
1001 3772 1480 3845 Cougregatioueut
1529 3779 1726 3825 sancta:
1778 3770 1977 3834 Malim,
2024 3787 2119 3840 pro

534 3871 716 3934 nobis,
748 3871 832 3924 vel
864 3867 1151 3923 stabilitate
1176 3867 1326 3936 regni
1351 3864 1544 3930 nostri,
1571 3863 1779 3918 Domini
1808 3863 2116 3919 misericor-

523 3962 670 4017 diam
694 3961 954 4014 attentius
984 3957 1291 4027 deprecari.
1324 3955 1393 4010 Et
1423 3963 1478 4009 ut
1511 3955 1624 4007 tunc
1685 3955 1974 4023 praeceptio
2023 3970 2123 4009 no-

528 4053 681 4118 stris,
710 4061 766 4107 et
795 4049 985 4104 futuris
1012 4046 1344 4117 temporibus
1379 4045 1583 4100 ﬁrmior
1605 4043 1885 4111 habeatur,
1920 4044 1998 4097 vel
2029 4059 2122 4112 per

527 4160 766 4215 tempora
809 4142 1001 4199 melius
1043 4148 1432 4202 conservetur,
1463 4152 1624 4191 manu
1681 4145 1861 4190 nostra
1909 4135 2120 4203 propria

526 4241 714 4294 subter
741 4233 1089 4297 ﬁrmavimus,
1121 4240 1174 4286 et
1204 4230 1274 4284 de
1302 4228 1464 4283 anulo
1515 4237 1700 4282 nostro
1740 4226 1961 4295 sigillari
2007 4224 2123 4295 jus-

525 4333 719 4389 slmus.
2085 4319 2090 4325 ’

601 4424 821 4493 Signum
841 4417 1018 4474 Caroli
1045 4413 1379 4471 invictissimi
1413 4412 1578 4483 regis.

601 4512 931 4574 Guiebaldus
956 4512 1022 4564 ad
1051 4508 1221 4563 vicem
1244 4505 1467 4560 llitherii
1509 4504 1823 4574 recognovi.

608 4611 800 4666 Datdm
828 4603 930 4660 sub
950 4601 1037 4656 die
1068 4614 1160 4655 vttt
1189 4597 1305 4653 Kal.
1337 4597 1462 4652 .luu.
1491 4612 1577 4651 au.
1604 4611 1674 4650 vu
1695 4605 1749 4649 ct
1771 4594 1944 4663 primo
1973 4594 2124 4662 regni

531 4705 702 4762 nostri
730 4703 910 4759 domui
937 4700 1116 4758 Caroli
1147 4696 1518 4771 gloriosissimi
1551 4693 1709 4766 regis.
1760 4693 1945 4748 Actum
1977 4689 2128 4746 Cari-

534 4800 654 4868 Iego
678 4795 879 4867 palatio
906 4793 1147 4865 publico,
1179 4791 1232 4845 in
1265 4789 1358 4845 Dei
1393 4788 1609 4843 nomine
1653 4784 1901 4840 feliciter.

1299 4897 1367 4956 ν.

638 5001 881 5073 Dipltmm
926 4997 1101 5055 Caro“
1155 4996 1478 5073 Magnier
1526 4995 1741 5050 ecclesia
1784 4990 2025 5062 Regiensi

1154 5073 1317 5138 (anno
1348 5067 1442 5120 78|
1459 5068 1501 5135 ).

962 5159 1056 5220 (Ex
1080 5157 1329 5219 Ughelllo.
1357 5155 1489 5206 ltllia
1509 5155 1698 5218 Sacra.)

607 5243 836 5299 Carolus
865 5240 1032 5311 gratia
1064 5239 1154 5293 Dei
1184 5253 1275 5291 rex
1311 5237 1635 5291 Francorum
1667 5247 1717 5290 et
1752 5235 2130 5304 Langobardo-

536 5351 654 5392 rum
701 5344 755 5390 et
785 5332 1034 5404 pati-ilius
1084 5328 1474 5384 Romanorum.
1525 5325 1785 5396 Quicquid
1823 5327 1966 5382 enim
2001 5325 2131 5381 locis

615 5503 640 5530 ιι
685 5492 756 5544 Ex
789 5487 1076 5543 collatione
1097 5485 1386 5540 multorum
1417 5486 1677 5550 locorum,
1712 5496 1822 5540 tum
1865 5487 2004 5551 apud
2040 5487 2128 5540 Bia

544 5562 801 5629 gnonium
825 5565 875 5613 in
909 5561 1050 5613 notis
1078 5560 1142 5629 ad
1170 5556 1505 5619 Marcttlfuut,
1535 5566 1642 5610 lttm
1669 5558 1807 5619 apud
1841 5556 2127 5629 _Cangium

543 5627 924 5693 inGlossario,
959 5628 1140 5684 inferri
1165 5637 1339 5697 potest
1395 5628 1496 5682 hoc
1547 5631 1768 5682 nomine
1821 5627 2129 5694 designatos

542 5702 706 5758 luisse
742 5701 1002 5754 ol‘ﬁciales
1058 5712 1122 5751 ae
1169 5699 1551 5753 tuinisteriales
1595 5699 1876 5752 comitum.
1926 5698 2130 5764 (laugio

535 5773 771 5896 maiore;
798 5769 888 5852 alii
919 5785 1027 5826 non
1057 5767 1224 5826 fuisse
1252 5769 1502 5824 videntur
1528 5768 1629 5824 nisi
1651 5769 1857 5837 judice:
1906 5768 2130 5823 minores

543 5859 630 5896 seu
662 5861 721 5896 ne
761 5857 896 5895 anet.

543 5859 630 5900 aut
661 5857 896 5913 peauner.

2204 1962 2389 2017 siones
2423 1961 2710 2027 tollendas,
2741 1968 2917 2031 neque
2953 1962 3090 2016 ullas
3127 1963 3527 2018 redhibitiones
3557 1966 3776 2033 publicas

2206 2052 2572 2122 reuui'rendas,
2599 2059 2692 2108 sed
2723 2054 2884 2108 etiam
2911 2069 3007 2123 per
3031 2053 3230 2109 Padum
3253 2060 3499 2121 ‘sursum,
3528 2053 3612 2110 vel
3635 2055 3774 2110 deur-

2207 2154 2325 2199 sttm
2358 2143 2663 2214 navigando
2691 2145 2974 2215 ripatictim
3006 2141 3266 2210 tollen'do,
3299 2147 3464 2200 sicuti
3491 2159 3575 2201 est
3606 2146 3771 2201 Ferra-

2206 2238 2370 2300 riat'n,
2423 2244 2515 2290 aut
2551 2234 2879 2301 Cdma'clim;
2933 2236 3023 2291 ubi
3069 2237 3411 2306 supradictus
3451 2238 3594 2293 locus
3630 2239 3770 2292 sacer

2209 2325 2404 2380 salinas
2434 2325 2732 2380 dinoscitur
2757 2327 2976 2381 habere.
3007 2325 3230 2396 Insuper
3250 2328 3415 2382 etiam
3449 2329 3696 2384 teloiiem
3723 2330 3769 2383 ib

2210 2415 2362 2472 nullo
2392 2417 2508 2470 l'oro
2536 2418 2828 2488 exigendo,
2859 2419 2942 2474 vel
2991 2419 3294 2487 ripaticum,
3326 2429 3420 2474 aut
3447 2421 3763 2489 portaticum,

2211 2511 2293 2562 vel
2326 2508 2412 2562 ubi
2446 2508 2583 2563 ullus
2610 2517 2827 2564 cxztctor
2851 2509 3085 2579 aliquam
3110 2511 3522 2579 oppressionem,
3554 2510 3632 2563 vel
3659 2511 3760 2562 rio-

2214 2598 2435 2654 lentiam
2476 2599 2676 2655 inferre
2717 2603 3083 2669 prarsumeret.
3140 2601 3275 2655 Petit
3317 2603 3460 2655 etiam
3503 2600 3752 2668 quandam

2213 2689 2418 2762 sylvam
2456 2691 2594 2761 juris
2633 2693 2799 2747 nostri
2839 2693 2992 2746 sitam
3038 2693 3089 2746 in
3131 2693 3368 2746 comitatu
3397 2687 3669 2745 Parmense
3701 2691 3754 2742 in

2216 2784 2412 2840 ﬁnibus
2443 2784 2698 2840 Bismanti
2731 2785 2781 2838 in
2816 2784 2956 2849 loco,
2988 2784 3077 2854 qui
3108 2784 3306 2839 dicitur
3328 2783 3538 2838 Lamma
3562 2781 3764 2836 Fraola;

2217 2878 2291 2931 ria
2311 2918 2328 2942 ,
2375 2881 2529 2946 cujus
2559 2876 2692 2932 ﬁnes
2723 2868 2942 2931 suntde
2972 2893 3078 2932 uno
3109 2876 3308 2942 latere,
3356 2891 3384 2930 a
3413 2876 3623 2930 numine
3645 2873 3770 2929 Sicl‘e

2216 2969 2432 3024 sursum
2462 2983 2556 3039 per
2577 2979 2798 3023 Stratam
2822 2983 3021 3036 usque:
3055 2968 3106 3023 in
3131 2976 3316 3023 monte
3338 2965 3594 3021 Palaredo
3611 2974 3768 3019 ascen-

2219 3061 2385 3117 dente
2429 3059 2522 3131 per
2553 3071 2775 3116 stratam
2819 3074 2988 3130 usque
3029 3061 3081 3115 in
3125 3059 3319 3113 ﬁnibus
3349 3058 3629 3122 Thuseiaa,
3669 3054 3771 3110 inde

2137 3172 2188 3252 Ο
2222 3161 2477 3223 vergente
2503 3153 2558 3208 in
2588 3150 2761 3208 ‘rivum
2793 3149 3043 3207 Albolum
3075 3165 3243 3220 usque
3279 3150 3352 3205 ad
3394 3148 3600 3204 ﬂumen
3626 3147 3762 3212 Sicle,

2220 3244 2344 3300 inde
2367 3253 2580 3314 queque
2597 3243 2748 3313 juxta
2772 3241 2970 3300 Siclam
2994 3244 3243 3298 deursum
3266 3241 3523 3310 pervenit
3548 3240 3599 3295 lu
3620 3238 3756 3293 dum

2217 3335 2456 3391 Anzolzr.
2488 3333 2654 3405 Cujus
2681 3333 3028 3402 petitionibus
3051 3335 3147 3402 pro
3169 3331 3354 3396 divina
3377 3327 3745 3385 remuneratione

2219 3434 2524 3485 annuente‘s
2549 3469 2565 3494 ,
2615 3441 2727 3482 suae
2759 3425 3014 3482 Ecclesia:
3058 3425 3334 3496 praefatam
3365 3427 3587 3493 sylvam
3617 3423 3658 3476 in
3677 3431 3751 3488 pcto

2221 3531 2439 3591 petuum
2470 3519 2770 3575 habendam
2794 3518 3200 3583 concessimus;
3229 3527 3391 3585 atque
3420 3515 3620 3570 exinde
3641 3515 3678 3569 ei
3698 3513 3766 3565 hoc

2222 3611 2487 3666 ﬁrmitatis
2517 3617 2719 3666 nosme
2745 3617 3074 3681 praeceptum
3102 3609 3220 3664 ﬁeri
3244 3610 3536 3678 iussimus,
3565 3612 3650 3676 pur
3668 3601 3772 3676 quod

2219 3703 2584 3767 decernimus,
2617 3711 2779 3772 atque
2811 3701 3122 3765 statuimus,
3158 3709 3214 3754 ut
3257 3700 3442 3754 nullus
3473 3699 3686 3768 quilibet
3717 3697 3776 3762 ju-

2220 3793 2323 3850 dex
2355 3793 2629 3866 tyrannica
2659 3799 2932 3862 potestate
2970 3793 3023 3846 in
3063 3791 3260 3856 curtis,
3309 3791 3394 3846 vel
3443 3777 3616 3845 rebus
3651 3786 3778 3857 ipsius

2221 3884 2518 3955 episcopii,
2548 3891 2642 3938 aut
2670 3883 2850 3938 causis
2881 3881 3182 3944 audiendis,
3215 3895 3314 3935 nec
3345 3881 3499 3935 lroda
3533 3877 3782 3948 exigenda,-

2221 3990 2318 4030 seu
2351 3974 2793 4040 mansionaticas,
2825 3981 2915 4028 aut
2945 3971 3208 4044 paraticas
3239 3971 3541 4037 facit-mlas,
3579 3971 3657 4024 vel
3685 3968 3784 4022 lide-

2217 4066 2492 4136 jussioues
2513 4064 2797 4133 tollendas,
2815 4079 2990 4134 neque
3012 4064 3148 4119 ullas
3171 4063 3567 4119 retributiones
3591 4061 3789 4131 publius

2227 4160 2606 4230 requirendus,
2641 4159 2727 4214 vel
2766 4159 2820 4213 in
2864 4159 3097 4227 propriis
3137 4157 3385 4211 domibus
3430 4156 3788 4215 sacerdotum,

2226 4251 2309 4305 vel
2348 4251 2672 4307 clericorum
2718 4264 2940 4306 suorum
2987 4248 3349 4319 potestative,
3399 4257 3496 4301 aut
3547 4245 3792 4319 tyrannica

2228 4341 2513 4413 aliquando
2545 4348 2817 4397 exerceat.
2869 4339 3092 4410 insuper
3121 4339 3190 4396 de
3228 4353 3448 4394 omne
3495 4339 3792 4408 ripaticutu,

2228 4437 2348 4490 sive
2376 4436 2428 4489 in
2454 4435 2620 4501 salso,
2649 4433 2764 4490 sive
2793 4435 2849 4490 in
2874 4433 3040 4501 dulci,
3071 4443 3232 4504 atque
3264 4431 3541 4488 teloneum
3574 4433 3628 4488 in
3655 4429 3798 4487 oraui-

2107 4591 2119 4612 :
2153 4549 2208 4612 υ
2233 4527 2332 4581 bus
2359 4527 2490 4581 foris
2516 4527 2834 4594 nundinum,
2859 4541 2953 4583 seu
2981 4528 3296 4592 nataticum,
3318 4535 3408 4580 aut
3433 4527 3800 4596 potentaticum

2235 4634 2380 4688 sazpe
2428 4619 2586 4674 dictze
2634 4628 2839 4674 sancta:
2890 4619 3145 4676 Ecclesia:
3197 4618 3402 4688 Regen.
3454 4618 3668 4690 absque
3717 4616 3802 4671 ulla

2231 4711 2660 4768 contradictione
2706 4712 2760 4766 in
2805 4723 3120 4780 perpetuum
3154 4711 3542 4780 perdonamus.
3603 4708 3806 4778 Quodsi

2231 4803 2450 4874 aliquis,
2495 4803 2639 4872 quod
2683 4803 2904 4858 minime
2949 4801 3242 4868 credimus,
3275 4811 3464 4856 contra
3508 4801 3620 4856 hoc
3658 4801 3808 4855 dona-

2237 4897 2420 4961 tionis,
2463 4896 2548 4951 vel
2593 4893 2946 4950 imtnuuitatis
2992 4904 3190 4950 uestra:
3232 4896 3638 4950 ﬁrmamentum
3681 4894 3810 4948 adire

2233 4989 2602 5056 contenderit,
2632 4997 2726 5042 aut
2755 4988 3044 5056 inlringere
3072 4988 3378 5052 tentaverit,
3411 4985 3634 5056 triginta
3667 4985 3814 5040 libras

2203 5081 2349 5164 .auri
2397 5079 2588 5150 optimi
2636 5088 2858 5134 coactus
2906 5081 3185 5145 exsolvat,
3237 5079 3588 5134 medietatem
3633 5076 3814 5147 palatio

2233 5184 2444 5239 nostro,
2477 5171 2822 5228 medietatem
2859 5170 3148 5237 Ecclesite,
3187 5170 3270 5224 cui
3304 5170 3408 5224 vim
3442 5169 3660 5235 intulit,
3702 5175 3751 5222 et
3779 5163 3815 5216 si

2236 5279 2342 5318 non
2373 5263 2555 5331 habet,
2589 5262 2732 5317 unde
2763 5265 3033 5328 exsolvat,
3075 5261 3144 5316 de
3175 5262 3279 5316 vita
3311 5270 3627 5328 componat.
3683 5259 3745 5311 Et
3771 5265 3820 5307 ut

2235 5366 2434 5412 nostra:
2473 5355 2802 5418 donationis,
2834 5355 2915 5409 vel
2969 5355 3324 5408 itumnnitatis
3370 5352 3634 5406 indictum
3685 5363 3819 5419 prze-

2307 5490 2335 5530 b
2363 5488 2686 5556 Apollinaris
2716 5487 2996 5555 Regiensis
3037 5487 3323 5556 episcopus
3355 5501 3385 5539 a
3412 5483 3611 5539 Carolo
3642 5482 3818 5556 Magno

2237 5560 2339 5614 tria
2389 5550 2628 5628 pretiosa
2679 5550 2971 5628 privilegia
3005 5550 3086 5611 ad'
3135 5550 3373 5611 fat-orem
3425 5550 3820 5628 stne_ecelesi§

2237 5624 2435 5685 meruit
2481 5630 2769 5694 obtinere,
2821 5624 2907 5683 ubi
2958 5627 3090 5692 jura-
3128 5643 3192 5681 ac
3253 5625 3488 5680 eonﬁuia
3549 5624 3824 5694 Regiensis

2237 5703 2578 5826 episcqpittus
2630 5690 2998 5770 recensentur,
3047 5713 3166 5769 quae
3209 5698 3315 5753 illis
3360 5697 3596 5768 antiquis
3636 5690 3824 5748 diebus

2237 5785 2399 5826 nosstt
2424 5790 2450 5825 e
2478 5781 2568 5824 iat'.

2237 5781 2568 5843 pOSSItlcltal'.
