  <div class='ocr_page' id='page_1' title='image "/cluster/home/n/w/nwhite01/storage/ocr_20150623/97/hvd.32044015466766/528.png"; bbox 0 0 3964 6344; ppageno 0'>
   <div class='ocr_carea' id='block_1_1' title="bbox 198 372 351 447">
    <p class='ocr_par' dir='ltr' id='par_1_1' title="bbox 198 372 351 447">
     <span class='ocr_line' id='line_1_1' title="bbox 198 372 351 447; baseline -0.033 0"><span class='ocrx_word' id='word_1_1' title='bbox 198 372 351 447; x_wconf 66' lang='lat'><strong>100.9</strong></span> 
     </span>
    </p>
   </div>
   <div class='ocr_carea' id='block_1_2' title="bbox 597 353 3076 433">
    <p class='ocr_par' dir='ltr' id='par_1_2' title="bbox 597 353 3076 433">
     <span class='ocr_line' id='line_1_2' title="bbox 597 353 3076 433; baseline -0.003 -15"><span class='ocrx_word' id='word_1_2' title='bbox 597 358 1394 433; x_wconf 64' lang='lat' dir='ltr'><strong>CODEXDIPIDMATICUS.</strong></span> <span class='ocrx_word' id='word_1_3' title='bbox 1441 355 1866 412; x_wconf 77' lang='lat' dir='ltr'><strong>PRIViLEGiA.</strong></span> <span class='ocrx_word' id='word_1_4' title='bbox 1904 385 1960 397; x_wconf 92' lang='lat'>—</span> <span class='ocrx_word' id='word_1_5' title='bbox 2017 356 2265 413; x_wconf 77' lang='lat' dir='ltr'><strong>PillVll..</strong></span> <span class='ocrx_word' id='word_1_6' title='bbox 2313 355 2444 412; x_wconf 78' lang='lat' dir='ltr'><strong>PER</strong></span> <span class='ocrx_word' id='word_1_7' title='bbox 2490 356 2764 420; x_wconf 73' lang='lat' dir='ltr'><strong>PARTES</strong></span> <span class='ocrx_word' id='word_1_8' title='bbox 2801 353 3076 416; x_wconf 62' lang='lat' dir='ltr'><strong>HALIB.</strong></span> 
     </span>
    </p>
   </div>
   <div class='ocr_carea' id='block_1_3' title="bbox 3336 351 3476 412">
    <p class='ocr_par' dir='ltr' id='par_1_3' title="bbox 3336 351 3476 412">
     <span class='ocr_line' id='line_1_3' title="bbox 3336 351 3476 412; baseline -0.021 0"><span class='ocrx_word' id='word_1_9' title='bbox 3336 351 3476 412; x_wconf 68' lang='lat' dir='ltr'><strong>10H)</strong></span> 
     </span>
    </p>
   </div>
   <div class='ocr_carea' id='block_1_4' title="bbox 195 454 3554 556">
    <p class='ocr_par' dir='ltr' id='par_1_4' title="bbox 195 454 3554 556">
     <span class='ocr_line' id='line_1_4' title="bbox 195 454 3554 556; baseline -0.005 -16"><span class='ocrx_word' id='word_1_10' title='bbox 195 485 506 556; x_wconf 85' lang='lat' dir='ltr'><strong>scntibus,_</strong></span> <span class='ocrx_word' id='word_1_11' title='bbox 547 454 602 536; x_wconf 77' lang='lat' dir='ltr'><strong>et</strong></span> <span class='ocrx_word' id='word_1_12' title='bbox 651 478 842 536; x_wconf 88' lang='lat' dir='ltr'><strong>futuris</strong></span> <span class='ocrx_word' id='word_1_13' title='bbox 893 473 1221 543; x_wconf 74' lang='lat' dir='ltr'><strong>temporibus</strong></span> <span class='ocrx_word' id='word_1_14' title='bbox 1271 471 1683 538; x_wconf 74' lang='lat' dir='ltr'><strong>inviolabiliter,</strong></span> <span class='ocrx_word' id='word_1_15' title='bbox 1733 477 1790 525; x_wconf 86' lang='lat' dir='ltr'><strong>et</strong></span> <span class='ocrx_word' id='word_1_16' title='bbox 1817 472 1867 530; x_wconf 83' lang='lat' dir='ltr'><strong>A</strong></span> <span class='ocrx_word' id='word_1_17' title='bbox 1896 471 2138 540; x_wconf 83' lang='lat' dir='ltr'><strong>publicus</strong></span> <span class='ocrx_word' id='word_1_18' title='bbox 2169 472 2362 526; x_wconf 82' lang='lat' dir='ltr'><strong>ibidem</strong></span> <span class='ocrx_word' id='word_1_19' title='bbox 2403 475 2466 534; x_wconf 80' lang='lat' dir='ltr'><strong>ad</strong></span> <span class='ocrx_word' id='word_1_20' title='bbox 2496 484 2685 525; x_wconf 82' lang='lat' dir='ltr'><strong>causas</strong></span> <span class='ocrx_word' id='word_1_21' title='bbox 2725 467 3040 548; x_wconf 78' lang='lat' dir='ltr'><strong>audiendas,</strong></span> <span class='ocrx_word' id='word_1_22' title='bbox 3075 467 3156 523; x_wconf 76' lang='lat' dir='ltr'><strong>Vel</strong></span> <span class='ocrx_word' id='word_1_23' title='bbox 3186 465 3334 523; x_wconf 78' lang='lat' dir='ltr'><strong>fudra</strong></span> <span class='ocrx_word' id='word_1_24' title='bbox 3363 469 3476 524; x_wconf 77' lang='lat' dir='ltr'><strong>exi-</strong></span> <span class='ocrx_word' id='word_1_25' title='bbox 3551 493 3554 496; x_wconf 52' lang='grc'><strong>’</strong></span> 
     </span>
    </p>
   </div>
   <div class='ocr_carea' id='block_1_5' title="bbox 195 560 1794 637">
    <p class='ocr_par' dir='ltr' id='par_1_5' title="bbox 195 560 1794 637">
     <span class='ocr_line' id='line_1_5' title="bbox 195 560 1794 637; baseline -0.012 -5"><span class='ocrx_word' id='word_1_26' title='bbox 195 563 524 634; x_wconf 82' lang='lat' dir='ltr'><strong>inaudacter</strong></span> <span class='ocrx_word' id='word_1_27' title='bbox 546 571 802 626; x_wconf 90' lang='lat' dir='ltr'><strong>intactum</strong></span> <span class='ocrx_word' id='word_1_28' title='bbox 826 575 1156 637; x_wconf 77' lang='lat' dir='ltr'><strong>permaneat,</strong></span> <span class='ocrx_word' id='word_1_29' title='bbox 1180 564 1322 619; x_wconf 87' lang='lat' dir='ltr'><strong>etab</strong></span> <span class='ocrx_word' id='word_1_30' title='bbox 1345 560 1794 634; x_wconf 84' lang='lat' dir='ltr'><strong>omnibuscatho-</strong></span> 
     </span>
    </p>
   </div>
   <div class='ocr_carea' id='block_1_6' title="bbox 196 653 1793 734">
    <p class='ocr_par' dir='ltr' id='par_1_6' title="bbox 196 653 1793 734">
     <span class='ocr_line' id='line_1_6' title="bbox 196 653 1793 734; baseline -0.012 -11"><span class='ocrx_word' id='word_1_31' title='bbox 196 667 325 723; x_wconf 76' lang='lat' dir='ltr'><strong>licia</strong></span> <span class='ocrx_word' id='word_1_32' title='bbox 354 663 664 734; x_wconf 86' lang='lat' dir='ltr'><strong>diligentius</strong></span> <span class='ocrx_word' id='word_1_33' title='bbox 690 660 1029 723; x_wconf 87' lang='lat' dir='ltr'><strong>observetur,</strong></span> <span class='ocrx_word' id='word_1_34' title='bbox 1079 671 1242 711; x_wconf 88' lang='lat' dir='ltr'><strong>manu</strong></span> <span class='ocrx_word' id='word_1_35' title='bbox 1286 653 1555 708; x_wconf 78' lang='lat' dir='ltr'><strong>ﬁrmitatis</strong></span> <span class='ocrx_word' id='word_1_36' title='bbox 1597 659 1793 706; x_wconf 77' lang='lat' dir='ltr'><strong>nostra:</strong></span> 
     </span>
    </p>
   </div>
   <div class='ocr_carea' id='block_1_7' title="bbox 199 746 1795 826">
    <p class='ocr_par' dir='ltr' id='par_1_7' title="bbox 199 746 1795 826">
     <span class='ocr_line' id='line_1_7' title="bbox 199 746 1795 826; baseline -0.009 -12"><span class='ocrx_word' id='word_1_37' title='bbox 199 759 357 815; x_wconf 88' lang='lat' dir='ltr'><strong>subt.</strong></span> <span class='ocrx_word' id='word_1_38' title='bbox 391 754 801 826; x_wconf 84' lang='lat' dir='ltr'><strong>assignavinms,</strong></span> <span class='ocrx_word' id='word_1_39' title='bbox 850 761 1012 820; x_wconf 87' lang='lat' dir='ltr'><strong>atque</strong></span> <span class='ocrx_word' id='word_1_40' title='bbox 1052 750 1250 821; x_wconf 77' lang='lat' dir='ltr'><strong>annulo</strong></span> <span class='ocrx_word' id='word_1_41' title='bbox 1299 746 1668 817; x_wconf 87' lang='lat' dir='ltr'><strong>impressionis</strong></span> <span class='ocrx_word' id='word_1_42' title='bbox 1697 758 1795 801; x_wconf 87' lang='lat' dir='ltr'><strong>no-</strong></span> 
     </span>
    </p>
   </div>
   <div class='ocr_carea' id='block_1_8' title="bbox 202 833 960 919">
    <p class='ocr_par' dir='ltr' id='par_1_8' title="bbox 202 833 960 919">
     <span class='ocr_line' id='line_1_8' title="bbox 202 833 960 919; baseline -0.016 -9"><span class='ocrx_word' id='word_1_43' title='bbox 202 861 338 910; x_wconf 84' lang='lat' dir='ltr'><strong>stra:</strong></span> <span class='ocrx_word' id='word_1_44' title='bbox 369 847 613 919; x_wconf 76' lang='lat' dir='ltr'><strong>insigniri</strong></span> <span class='ocrx_word' id='word_1_45' title='bbox 640 844 923 915; x_wconf 75' lang='lat' dir='ltr'><strong>iussimus.</strong></span> <span class='ocrx_word' id='word_1_46' title='bbox 951 833 960 840; x_wconf 67' lang='grc'>’</span> 
     </span>
    </p>
   </div>
   <div class='ocr_carea' id='block_1_9' title="bbox 229 924 1363 1016">
    <p class='ocr_par' dir='ltr' id='par_1_9' title="bbox 229 924 1363 1016">
     <span class='ocr_line' id='line_1_9' title="bbox 229 924 1363 1016; baseline -0.011 -17"><span class='ocrx_word' id='word_1_47' title='bbox 229 924 236 928; x_wconf 30' lang='grc'><strong>”</strong></span> <span class='ocrx_word' id='word_1_48' title='bbox 279 943 503 1016; x_wconf 81' lang='lat' dir='ltr'><strong>Signum</strong></span> <span class='ocrx_word' id='word_1_49' title='bbox 529 937 577 1010; x_wconf 75' lang='grc'><strong>1-</strong></span> <span class='ocrx_word' id='word_1_50' title='bbox 597 936 781 992; x_wconf 80' lang='lat' dir='ltr'><strong>Caroli</strong></span> <span class='ocrx_word' id='word_1_51' title='bbox 804 932 1180 1004; x_wconf 87' lang='lat' dir='ltr'><strong>gloriosissimi</strong></span> <span class='ocrx_word' id='word_1_52' title='bbox 1207 930 1363 1003; x_wconf 88' lang='lat' dir='ltr'><strong>regis.</strong></span> 
     </span>
    </p>
   </div>
   <div class='ocr_carea' id='block_1_10' title="bbox 280 1022 1060 1108">
    <p class='ocr_par' dir='ltr' id='par_1_10' title="bbox 280 1022 1060 1108">
     <span class='ocr_line' id='line_1_10' title="bbox 280 1022 1060 1108; baseline -0.01 -17"><span class='ocrx_word' id='word_1_53' title='bbox 280 1034 485 1108; x_wconf 32' lang='lat' dir='ltr'><strong>C.,.|ac.</strong></span> <span class='ocrx_word' id='word_1_54' title='bbox 511 1022 589 1087; x_wconf 74' lang='lat' dir='ltr'><strong>ad</strong></span> <span class='ocrx_word' id='word_1_55' title='bbox 605 1031 776 1085; x_wconf 93' lang='lat' dir='ltr'><strong>vicem</strong></span> <span class='ocrx_word' id='word_1_56' title='bbox 802 1026 1060 1083; x_wconf 78' lang='lat' dir='ltr'><strong>iladonis.</strong></span> 
     </span>
    </p>
   </div>
   <div class='ocr_carea' id='block_1_11' title="bbox 286 1129 1794 1222">
    <p class='ocr_par' dir='ltr' id='par_1_11' title="bbox 286 1129 1794 1222">
     <span class='ocr_line' id='line_1_11' title="bbox 286 1129 1794 1222; baseline -0.011 -20"><span class='ocrx_word' id='word_1_57' title='bbox 286 1149 416 1202; x_wconf 76' lang='lat' dir='ltr'><strong>Data</strong></span> <span class='ocrx_word' id='word_1_58' title='bbox 453 1146 543 1202; x_wconf 87' lang='lat' dir='ltr'><strong>die</strong></span> <span class='ocrx_word' id='word_1_59' title='bbox 572 1161 661 1200; x_wconf 80' lang='lat' dir='ltr'><strong>vui</strong></span> <span class='ocrx_word' id='word_1_60' title='bbox 703 1142 818 1198; x_wconf 84' lang='lat' dir='ltr'><strong>Kal.</strong></span> <span class='ocrx_word' id='word_1_61' title='bbox 848 1141 1034 1197; x_wconf 69' lang='lat' dir='ltr'><strong>iunias</strong></span> <span class='ocrx_word' id='word_1_62' title='bbox 1059 1179 1076 1208; x_wconf 94' lang='lat'><strong>,</strong></span> <span class='ocrx_word' id='word_1_63' title='bbox 1121 1153 1262 1193; x_wconf 89' lang='lat' dir='ltr'><strong>anno</strong></span> <span class='ocrx_word' id='word_1_64' title='bbox 1302 1143 1492 1222; x_wconf 39' lang='lat' dir='ltr'><strong>xtqut</strong></span> <span class='ocrx_word' id='word_1_65' title='bbox 1528 1149 1597 1188; x_wconf 86' lang='lat' dir='ltr'><strong>vn</strong></span> <span class='ocrx_word' id='word_1_66' title='bbox 1643 1129 1794 1202; x_wconf 84' lang='lat' dir='ltr'><strong>regni</strong></span> 
     </span>
    </p>
   </div>
   <div class='ocr_carea' id='block_1_12' title="bbox 208 1227 1797 1310">
    <p class='ocr_par' dir='ltr' id='par_1_12' title="bbox 208 1227 1797 1310">
     <span class='ocr_line' id='line_1_12' title="bbox 208 1227 1797 1310; baseline -0.013 -10"><span class='ocrx_word' id='word_1_67' title='bbox 208 1241 406 1300; x_wconf 86' lang='lat' dir='ltr'><strong>nostri.</strong></span> <span class='ocrx_word' id='word_1_68' title='bbox 446 1244 634 1297; x_wconf 77' lang='lat' dir='ltr'><strong>Actum</strong></span> <span class='ocrx_word' id='word_1_69' title='bbox 666 1237 842 1310; x_wconf 78' lang='lat' dir='ltr'><strong>Papia:</strong></span> <span class='ocrx_word' id='word_1_70' title='bbox 871 1237 1017 1293; x_wconf 83' lang='lat' dir='ltr'><strong>civit.</strong></span> <span class='ocrx_word' id='word_1_71' title='bbox 1068 1233 1124 1289; x_wconf 90' lang='lat' dir='ltr'><strong>in</strong></span> <span class='ocrx_word' id='word_1_72' title='bbox 1166 1233 1260 1288; x_wconf 91' lang='lat' dir='ltr'><strong>Dei</strong></span> <span class='ocrx_word' id='word_1_73' title='bbox 1295 1231 1512 1288; x_wconf 86' lang='lat' dir='ltr'><strong>nomine</strong></span> <span class='ocrx_word' id='word_1_74' title='bbox 1543 1227 1797 1283; x_wconf 78' lang='lat' dir='ltr'><strong>feliciter.</strong></span> 
     </span>
    </p>
   </div>
   <div class='ocr_carea' id='block_1_13' title="bbox 209 1338 412 1392">
    <p class='ocr_par' dir='ltr' id='par_1_13' title="bbox 209 1338 412 1392">
     <span class='ocr_line' id='line_1_13' title="bbox 209 1338 412 1392; baseline -0.005 0"><span class='ocrx_word' id='word_1_75' title='bbox 209 1338 254 1392; x_wconf 78' lang='grc' dir='ltr'><strong>Δ</strong></span> <span class='ocrx_word' id='word_1_76' title='bbox 267 1352 412 1391; x_wconf 89' lang='lat' dir='ltr'><strong>men.</strong></span> 
     </span>
    </p>
   </div>
   <div class='ocr_carea' id='block_1_14' title="bbox 966 1397 1052 1453">
    <p class='ocr_par' dir='ltr' id='par_1_14' title="bbox 966 1397 1052 1453">
     <span class='ocr_line' id='line_1_14' title="bbox 966 1397 1052 1453; baseline 0 -1"><span class='ocrx_word' id='word_1_77' title='bbox 966 1397 1052 1453; x_wconf 78' lang='lat' dir='ltr'><strong>Vl.</strong></span> 
     </span>
    </p>
   </div>
   <div class='ocr_carea' id='block_1_15' title="bbox 215 1499 1803 1651">
    <p class='ocr_par' dir='ltr' id='par_1_15' title="bbox 215 1499 1803 1651">
     <span class='ocr_line' id='line_1_15' title="bbox 215 1499 1803 1651; baseline -0.013 -77"><span class='ocrx_word' id='word_1_78' title='bbox 215 1517 458 1595; x_wconf 59' lang='lat' dir='ltr'><strong>Diploma</strong></span> <span class='ocrx_word' id='word_1_79' title='bbox 498 1514 672 1588; x_wconf 64' lang='lat' dir='ltr'><strong>Cproii</strong></span> <span class='ocrx_word' id='word_1_80' title='bbox 721 1509 1257 1651; x_wconf 55' lang='lat' dir='ltr'><strong>Mag(t:&quot;n];tq]88‘ll)ticm</strong></span> <span class='ocrx_word' id='word_1_81' title='bbox 1299 1504 1514 1575; x_wconf 75' lang='lat' dir='ltr'><strong>ecclesia</strong></span> <span class='ocrx_word' id='word_1_82' title='bbox 1559 1499 1803 1576; x_wconf 64' lang='grc' dir='ltr'><strong>Ιίβαὲρηεὶ</strong></span> 
     </span>
    </p>
   </div>
   <div class='ocr_carea' id='block_1_16' title="bbox 737 1714 1290 1782">
    <p class='ocr_par' dir='ltr' id='par_1_16' title="bbox 737 1714 1290 1782">
     <span class='ocr_line' id='line_1_16' title="bbox 737 1714 1290 1782; baseline -0.02 -9"><span class='ocrx_word' id='word_1_83' title='bbox 737 1718 835 1782; x_wconf 87' lang='lat' dir='ltr'><strong>(Ex</strong></span> <span class='ocrx_word' id='word_1_84' title='bbox 861 1715 1111 1781; x_wconf 80' lang='lat' dir='ltr'><strong>Ugbellio,</strong></span> <span class='ocrx_word' id='word_1_85' title='bbox 1142 1714 1290 1775; x_wconf 89' lang='lat' dir='ltr'><strong>ibid.)</strong></span> 
     </span>
    </p>
   </div>
   <div class='ocr_carea' id='block_1_17' title="bbox 1894 561 3477 636">
    <p class='ocr_par' dir='ltr' id='par_1_17' title="bbox 1894 561 3477 636">
     <span class='ocr_line' id='line_1_17' title="bbox 1894 561 3477 636; baseline 0.001 -21"><span class='ocrx_word' id='word_1_86' title='bbox 1894 561 2063 636; x_wconf 82' lang='lat' dir='ltr'><strong>genda</strong></span> <span class='ocrx_word' id='word_1_87' title='bbox 2089 603 2104 629; x_wconf 92' lang='lat'><strong>,</strong></span> <span class='ocrx_word' id='word_1_88' title='bbox 2154 571 2212 618; x_wconf 90' lang='lat' dir='ltr'><strong>et</strong></span> <span class='ocrx_word' id='word_1_89' title='bbox 2258 565 2603 630; x_wconf 81' lang='lat' dir='ltr'><strong>mansiones,</strong></span> <span class='ocrx_word' id='word_1_90' title='bbox 2645 563 2732 618; x_wconf 91' lang='lat' dir='ltr'><strong>vel</strong></span> <span class='ocrx_word' id='word_1_91' title='bbox 2772 570 2985 632; x_wconf 87' lang='lat' dir='ltr'><strong>paratas</strong></span> <span class='ocrx_word' id='word_1_92' title='bbox 3017 562 3326 629; x_wconf 81' lang='lat' dir='ltr'><strong>iaciendas,</strong></span> <span class='ocrx_word' id='word_1_93' title='bbox 3377 576 3477 617; x_wconf 89' lang='lat' dir='ltr'><strong>nec</strong></span> 
     </span>
    </p>
   </div>
   <div class='ocr_carea' id='block_1_18' title="bbox 1896 653 3481 725">
    <p class='ocr_par' dir='ltr' id='par_1_18' title="bbox 1896 653 3481 725">
     <span class='ocr_line' id='line_1_18' title="bbox 1896 653 3481 725; baseline -0.001 -16"><span class='ocrx_word' id='word_1_94' title='bbox 1896 654 2238 725; x_wconf 74' lang='lat' dir='ltr'><strong>ﬁdeiussores</strong></span> <span class='ocrx_word' id='word_1_95' title='bbox 2285 655 2592 720; x_wconf 89' lang='lat' dir='ltr'><strong>tollendos,</strong></span> <span class='ocrx_word' id='word_1_96' title='bbox 2645 670 2819 725; x_wconf 87' lang='lat' dir='ltr'><strong>neque</strong></span> <span class='ocrx_word' id='word_1_97' title='bbox 2871 654 3043 708; x_wconf 87' lang='lat' dir='ltr'><strong>nullas</strong></span> <span class='ocrx_word' id='word_1_98' title='bbox 3095 653 3481 709; x_wconf 88' lang='lat' dir='ltr'><strong>redhibitiones</strong></span> 
     </span>
    </p>
   </div>
   <div class='ocr_carea' id='block_1_19' title="bbox 1897 745 3484 820">
    <p class='ocr_par' dir='ltr' id='par_1_19' title="bbox 1897 745 3484 820">
     <span class='ocr_line' id='line_1_19' title="bbox 1897 745 3484 820; baseline 0 -21"><span class='ocrx_word' id='word_1_99' title='bbox 1897 747 2140 820; x_wconf 88' lang='lat' dir='ltr'><strong>publicas</strong></span> <span class='ocrx_word' id='word_1_100' title='bbox 2166 749 2516 817; x_wconf 75' lang='lat' dir='ltr'><strong>requirendos</strong></span> <span class='ocrx_word' id='word_1_101' title='bbox 2537 747 2843 817; x_wconf 83' lang='lat' dir='ltr'><strong>ingredere.</strong></span> <span class='ocrx_word' id='word_1_102' title='bbox 2873 763 2969 802; x_wconf 88' lang='lat' dir='ltr'><strong>nec</strong></span> <span class='ocrx_word' id='word_1_103' title='bbox 2993 757 3242 802; x_wconf 75' lang='lat' dir='ltr'><strong>exactare</strong></span> <span class='ocrx_word' id='word_1_104' title='bbox 3267 745 3484 815; x_wconf 86' lang='lat' dir='ltr'><strong>penitus</strong></span> 
     </span>
    </p>
   </div>
   <div class='ocr_carea' id='block_1_20' title="bbox 1897 835 3482 908">
    <p class='ocr_par' dir='ltr' id='par_1_20' title="bbox 1897 835 3482 908">
     <span class='ocr_line' id='line_1_20' title="bbox 1897 835 3482 908; baseline -0.003 -14"><span class='ocrx_word' id='word_1_105' title='bbox 1897 854 2002 894; x_wconf 90' lang='lat' dir='ltr'><strong>non</strong></span> <span class='ocrx_word' id='word_1_106' title='bbox 2033 850 2404 905; x_wconf 72' lang='lat' dir='ltr'><strong>prmsumeret.</strong></span> <span class='ocrx_word' id='word_1_107' title='bbox 2452 836 2617 908; x_wconf 81' lang='lat' dir='ltr'><strong>Cujus</strong></span> <span class='ocrx_word' id='word_1_108' title='bbox 2646 837 2962 907; x_wconf 72' lang='lat' dir='ltr'><strong>petitionem</strong></span> <span class='ocrx_word' id='word_1_109' title='bbox 2994 852 3092 908; x_wconf 87' lang='lat' dir='ltr'><strong>pro</strong></span> <span class='ocrx_word' id='word_1_110' title='bbox 3118 837 3305 892; x_wconf 90' lang='lat' dir='ltr'><strong>divino</strong></span> <span class='ocrx_word' id='word_1_111' title='bbox 3332 835 3482 890; x_wconf 86' lang='lat' dir='ltr'><strong>cultu</strong></span> 
     </span>
    </p>
   </div>
   <div class='ocr_carea' id='block_1_21' title="bbox 1897 927 3485 1000">
    <p class='ocr_par' dir='ltr' id='par_1_21' title="bbox 1897 927 3485 1000">
     <span class='ocr_line' id='line_1_21' title="bbox 1897 927 3485 1000; baseline -0.001 -16"><span class='ocrx_word' id='word_1_112' title='bbox 1897 930 2164 1000; x_wconf 82' lang='lat' dir='ltr'><strong>denegare</strong></span> <span class='ocrx_word' id='word_1_113' title='bbox 2192 927 2464 985; x_wconf 72' lang='lat' dir='ltr'><strong>noluimus</strong></span> <span class='ocrx_word' id='word_1_114' title='bbox 2490 969 2503 993; x_wconf 88' lang='lat'><strong>,</strong></span> <span class='ocrx_word' id='word_1_115' title='bbox 2554 927 2646 983; x_wconf 92' lang='lat' dir='ltr'><strong>sed</strong></span> <span class='ocrx_word' id='word_1_116' title='bbox 2688 928 2758 983; x_wconf 89' lang='lat' dir='ltr'><strong>ita</strong></span> <span class='ocrx_word' id='word_1_117' title='bbox 2800 928 3120 984; x_wconf 89' lang='lat' dir='ltr'><strong>electionem</strong></span> <span class='ocrx_word' id='word_1_118' title='bbox 3148 927 3485 982; x_wconf 82' lang='lat' dir='ltr'><strong>concessisse</strong></span> 
     </span>
    </p>
   </div>
   <div class='ocr_carea' id='block_1_22' title="bbox 1899 1021 3483 1089">
    <p class='ocr_par' dir='ltr' id='par_1_22' title="bbox 1899 1021 3483 1089">
     <span class='ocr_line' id='line_1_22' title="bbox 1899 1021 3483 1089; baseline -0.003 -11"><span class='ocrx_word' id='word_1_119' title='bbox 1899 1023 2046 1078; x_wconf 92' lang='lat' dir='ltr'><strong>omni</strong></span> <span class='ocrx_word' id='word_1_120' title='bbox 2080 1031 2318 1088; x_wconf 77' lang='lat' dir='ltr'><strong>tempore</strong></span> <span class='ocrx_word' id='word_1_121' title='bbox 2348 1036 2459 1076; x_wconf 83' lang='lat' dir='ltr'><strong>sua:</strong></span> <span class='ocrx_word' id='word_1_122' title='bbox 2489 1021 2763 1088; x_wconf 79' lang='lat' dir='ltr'><strong>Ecclesize,</strong></span> <span class='ocrx_word' id='word_1_123' title='bbox 2796 1030 2956 1089; x_wconf 86' lang='lat' dir='ltr'><strong>atque</strong></span> <span class='ocrx_word' id='word_1_124' title='bbox 2989 1021 3040 1078; x_wconf 92' lang='lat' dir='ltr'><strong>in</strong></span> <span class='ocrx_word' id='word_1_125' title='bbox 3070 1021 3324 1076; x_wconf 90' lang='lat' dir='ltr'><strong>omnilms</strong></span> <span class='ocrx_word' id='word_1_126' title='bbox 3350 1034 3483 1076; x_wconf 83' lang='lat' dir='ltr'><strong>eon-</strong></span> 
     </span>
    </p>
   </div>
   <div class='ocr_carea' id='block_1_23' title="bbox 1901 1110 3486 1183">
    <p class='ocr_par' dir='ltr' id='par_1_23' title="bbox 1901 1110 3486 1183">
     <span class='ocr_line' id='line_1_23' title="bbox 1901 1110 3486 1183; baseline -0.001 -16"><span class='ocrx_word' id='word_1_127' title='bbox 1901 1112 2144 1170; x_wconf 86' lang='lat' dir='ltr'><strong>ﬁrmasse</strong></span> <span class='ocrx_word' id='word_1_128' title='bbox 2174 1111 2537 1183; x_wconf 76' lang='lat' dir='ltr'><strong>cognoscitur.</strong></span> <span class='ocrx_word' id='word_1_129' title='bbox 2583 1111 2662 1168; x_wconf 92' lang='lat' dir='ltr'><strong>De</strong></span> <span class='ocrx_word' id='word_1_130' title='bbox 2705 1120 2948 1180; x_wconf 66' lang='lat' dir='ltr'><strong>caetero,</strong></span> <span class='ocrx_word' id='word_1_131' title='bbox 2995 1123 3050 1168; x_wconf 89' lang='lat' dir='ltr'><strong>et</strong></span> <span class='ocrx_word' id='word_1_132' title='bbox 3091 1110 3486 1173; x_wconf 74' lang='lat' dir='ltr'><strong>immunitatem</strong></span> 
     </span>
    </p>
   </div>
   <div class='ocr_carea' id='block_1_24' title="bbox 1902 1203 3478 1274">
    <p class='ocr_par' dir='ltr' id='par_1_24' title="bbox 1902 1203 3478 1274">
     <span class='ocr_line' id='line_1_24' title="bbox 1902 1203 3478 1274; baseline -0.003 -14"><span class='ocrx_word' id='word_1_133' title='bbox 1902 1213 2140 1260; x_wconf 87' lang='lat' dir='ltr'><strong>nostram</strong></span> <span class='ocrx_word' id='word_1_134' title='bbox 2169 1203 2217 1258; x_wconf 90' lang='lat' dir='ltr'><strong>ei</strong></span> <span class='ocrx_word' id='word_1_135' title='bbox 2247 1204 2586 1259; x_wconf 86' lang='lat' dir='ltr'><strong>conscribere</strong></span> <span class='ocrx_word' id='word_1_136' title='bbox 2609 1203 2896 1273; x_wconf 75' lang='lat' dir='ltr'><strong>iussimus,</strong></span> <span class='ocrx_word' id='word_1_137' title='bbox 2942 1219 3036 1274; x_wconf 87' lang='lat' dir='ltr'><strong>per</strong></span> <span class='ocrx_word' id='word_1_138' title='bbox 3061 1218 3229 1274; x_wconf 36' lang='lat' dir='ltr'><strong>quam.</strong></span> <span class='ocrx_word' id='word_1_139' title='bbox 3253 1203 3478 1270; x_wconf 85' lang='lat' dir='ltr'><strong>omnino</strong></span> 
     </span>
    </p>
   </div>
   <div class='ocr_carea' id='block_1_25' title="bbox 1899 1283 3486 1375">
    <p class='ocr_par' dir='ltr' id='par_1_25' title="bbox 1899 1283 3486 1375">
     <span class='ocr_line' id='line_1_25' title="bbox 1899 1283 3486 1375; baseline 0 -25"><span class='ocrx_word' id='word_1_140' title='bbox 1899 1298 2187 1368; x_wconf 76' lang='lat' dir='ltr'><strong>iubemus,</strong></span> <span class='ocrx_word' id='word_1_141' title='bbox 2239 1307 2297 1351; x_wconf 94' lang='lat' dir='ltr'><strong>ut</strong></span> <span class='ocrx_word' id='word_1_142' title='bbox 2346 1296 2519 1352; x_wconf 88' lang='lat' dir='ltr'><strong>tmllus</strong></span> <span class='ocrx_word' id='word_1_143' title='bbox 2558 1296 2809 1367; x_wconf 87' lang='lat' dir='ltr'><strong>quislibet</strong></span> <span class='ocrx_word' id='word_1_144' title='bbox 2845 1297 2913 1360; x_wconf 82' lang='lat' dir='ltr'><strong>de</strong></span> <span class='ocrx_word' id='word_1_145' title='bbox 2945 1283 3136 1360; x_wconf 83' lang='lat' dir='ltr'><strong>vobis,</strong></span> <span class='ocrx_word' id='word_1_146' title='bbox 3187 1309 3364 1375; x_wconf 87' lang='lat' dir='ltr'><strong>neque</strong></span> <span class='ocrx_word' id='word_1_147' title='bbox 3415 1294 3486 1350; x_wconf 85' lang='lat' dir='ltr'><strong>de</strong></span> 
     </span>
    </p>
   </div>
   <div class='ocr_carea' id='block_1_26' title="bbox 1900 1389 3481 1463">
    <p class='ocr_par' dir='ltr' id='par_1_26' title="bbox 1900 1389 3481 1463">
     <span class='ocr_line' id='line_1_26' title="bbox 1900 1389 3481 1463; baseline 0 -21"><span class='ocrx_word' id='word_1_148' title='bbox 1900 1391 2184 1463; x_wconf 63' lang='lat' dir='ltr'><strong>iudiciaria</strong></span> <span class='ocrx_word' id='word_1_149' title='bbox 2216 1400 2483 1460; x_wconf 71' lang='lat' dir='ltr'><strong>potestate.</strong></span> <span class='ocrx_word' id='word_1_150' title='bbox 2510 1390 2561 1444; x_wconf 93' lang='lat' dir='ltr'><strong>in</strong></span> <span class='ocrx_word' id='word_1_151' title='bbox 2593 1390 2816 1457; x_wconf 87' lang='lat' dir='ltr'><strong>chartis,</strong></span> <span class='ocrx_word' id='word_1_152' title='bbox 2850 1390 2934 1445; x_wconf 87' lang='lat' dir='ltr'><strong>vel</strong></span> <span class='ocrx_word' id='word_1_153' title='bbox 2978 1390 3139 1446; x_wconf 87' lang='lat' dir='ltr'><strong>rebus</strong></span> <span class='ocrx_word' id='word_1_154' title='bbox 3166 1389 3338 1460; x_wconf 89' lang='lat' dir='ltr'><strong>ipsius</strong></span> <span class='ocrx_word' id='word_1_155' title='bbox 3366 1389 3481 1458; x_wconf 84' lang='lat' dir='ltr'><strong>epi-</strong></span> 
     </span>
    </p>
   </div>
   <div class='ocr_carea' id='block_1_27' title="bbox 1905 1479 3485 1553">
    <p class='ocr_par' dir='ltr' id='par_1_27' title="bbox 1905 1479 3485 1553">
     <span class='ocr_line' id='line_1_27' title="bbox 1905 1479 3485 1553; baseline -0.004 -14"><span class='ocrx_word' id='word_1_156' title='bbox 1905 1493 2156 1553; x_wconf 87' lang='lat' dir='ltr'><strong>scopatus</strong></span> <span class='ocrx_word' id='word_1_157' title='bbox 2184 1483 2248 1536; x_wconf 90' lang='lat' dir='ltr'><strong>ad</strong></span> <span class='ocrx_word' id='word_1_158' title='bbox 2280 1497 2469 1537; x_wconf 78' lang='lat' dir='ltr'><strong>causas</strong></span> <span class='ocrx_word' id='word_1_159' title='bbox 2499 1480 2825 1546; x_wconf 88' lang='lat' dir='ltr'><strong>audiendas,</strong></span> <span class='ocrx_word' id='word_1_160' title='bbox 2874 1496 2974 1536; x_wconf 90' lang='lat' dir='ltr'><strong>nec</strong></span> <span class='ocrx_word' id='word_1_161' title='bbox 3003 1480 3154 1536; x_wconf 87' lang='lat' dir='ltr'><strong>fodra</strong></span> <span class='ocrx_word' id='word_1_162' title='bbox 3186 1479 3442 1550; x_wconf 86' lang='lat' dir='ltr'><strong>exigenda</strong></span> <span class='ocrx_word' id='word_1_163' title='bbox 3466 1519 3485 1545; x_wconf 96' lang='lat'><strong>,</strong></span> 
     </span>
    </p>
   </div>
   <div class='ocr_carea' id='block_1_28' title="bbox 1906 1567 3489 1642">
    <p class='ocr_par' dir='ltr' id='par_1_28' title="bbox 1906 1567 3489 1642">
     <span class='ocr_line' id='line_1_28' title="bbox 1906 1567 3489 1642; baseline -0.004 -12"><span class='ocrx_word' id='word_1_164' title='bbox 1906 1588 2001 1630; x_wconf 89' lang='lat' dir='ltr'><strong>seu</strong></span> <span class='ocrx_word' id='word_1_165' title='bbox 2033 1574 2362 1642; x_wconf 83' lang='lat' dir='ltr'><strong>mansiones,</strong></span> <span class='ocrx_word' id='word_1_166' title='bbox 2397 1583 2491 1627; x_wconf 91' lang='lat' dir='ltr'><strong>aut</strong></span> <span class='ocrx_word' id='word_1_167' title='bbox 2521 1582 2733 1641; x_wconf 87' lang='lat' dir='ltr'><strong>paratas</strong></span> <span class='ocrx_word' id='word_1_168' title='bbox 2762 1570 3053 1633; x_wconf 87' lang='lat' dir='ltr'><strong>faciendas,</strong></span> <span class='ocrx_word' id='word_1_169' title='bbox 3078 1570 3158 1626; x_wconf 86' lang='lat' dir='ltr'><strong>vel</strong></span> <span class='ocrx_word' id='word_1_170' title='bbox 3188 1567 3489 1639; x_wconf 84' lang='lat' dir='ltr'><strong>iidejussio-</strong></span> 
     </span>
    </p>
   </div>
   <div class='ocr_carea' id='block_1_29' title="bbox 1909 1660 3484 1732">
    <p class='ocr_par' dir='ltr' id='par_1_29' title="bbox 1909 1660 3484 1732">
     <span class='ocr_line' id='line_1_29' title="bbox 1909 1660 3484 1732; baseline -0.002 -13"><span class='ocrx_word' id='word_1_171' title='bbox 1909 1679 2006 1720; x_wconf 91' lang='lat' dir='ltr'><strong>nes</strong></span> <span class='ocrx_word' id='word_1_172' title='bbox 2053 1664 2350 1730; x_wconf 87' lang='lat' dir='ltr'><strong>tollendas,</strong></span> <span class='ocrx_word' id='word_1_173' title='bbox 2403 1678 2572 1732; x_wconf 88' lang='lat' dir='ltr'><strong>neque</strong></span> <span class='ocrx_word' id='word_1_174' title='bbox 2623 1664 2795 1718; x_wconf 89' lang='lat' dir='ltr'><strong>nullas</strong></span> <span class='ocrx_word' id='word_1_175' title='bbox 2845 1662 3209 1718; x_wconf 89' lang='lat' dir='ltr'><strong>redibutiones</strong></span> <span class='ocrx_word' id='word_1_176' title='bbox 3241 1660 3484 1731; x_wconf 88' lang='lat' dir='ltr'><strong>publicas</strong></span> 
     </span>
    </p>
   </div>
   <div class='ocr_carea' id='block_1_30' title="bbox 1909 1753 3490 1826">
    <p class='ocr_par' dir='ltr' id='par_1_30' title="bbox 1909 1753 3490 1826">
     <span class='ocr_line' id='line_1_30' title="bbox 1909 1753 3490 1826; baseline -0.004 -15"><span class='ocrx_word' id='word_1_177' title='bbox 1909 1756 2258 1826; x_wconf 80' lang='lat' dir='ltr'><strong>requirendus</strong></span> <span class='ocrx_word' id='word_1_178' title='bbox 2290 1755 2593 1826; x_wconf 81' lang='lat' dir='ltr'><strong>ingredere,</strong></span> <span class='ocrx_word' id='word_1_179' title='bbox 2619 1770 2718 1810; x_wconf 89' lang='lat' dir='ltr'><strong>nec</strong></span> <span class='ocrx_word' id='word_1_180' title='bbox 2743 1765 2994 1809; x_wconf 88' lang='lat' dir='ltr'><strong>cxactare</strong></span> <span class='ocrx_word' id='word_1_181' title='bbox 3018 1753 3126 1809; x_wconf 89' lang='lat' dir='ltr'><strong>nilo</strong></span> <span class='ocrx_word' id='word_1_182' title='bbox 3152 1767 3327 1822; x_wconf 89' lang='lat' dir='ltr'><strong>unque</strong></span> <span class='ocrx_word' id='word_1_183' title='bbox 3351 1759 3490 1807; x_wconf 87' lang='lat' dir='ltr'><strong>tem-</strong></span> 
     </span>
    </p>
   </div>
   <div class='ocr_carea' id='block_1_31' title="bbox 289 1827 3490 1919">
    <p class='ocr_par' dir='ltr' id='par_1_31' title="bbox 289 1827 3490 1919">
     <span class='ocr_line' id='line_1_31' title="bbox 289 1827 3490 1919; baseline -0.002 -13"><span class='ocrx_word' id='word_1_184' title='bbox 289 1847 511 1903; x_wconf 80' lang='lat' dir='ltr'><strong>Carolus</strong></span> <span class='ocrx_word' id='word_1_185' title='bbox 540 1844 706 1918; x_wconf 74' lang='lat' dir='ltr'><strong>gralia</strong></span> <span class='ocrx_word' id='word_1_186' title='bbox 739 1843 832 1898; x_wconf 81' lang='lat' dir='ltr'><strong>Dei</strong></span> <span class='ocrx_word' id='word_1_187' title='bbox 874 1858 967 1898; x_wconf 74' lang='lat' dir='ltr'><strong>re!</strong></span> <span class='ocrx_word' id='word_1_188' title='bbox 1010 1841 1341 1897; x_wconf 68' lang='lat' dir='ltr'><strong>Francorum</strong></span> <span class='ocrx_word' id='word_1_189' title='bbox 1389 1843 1446 1893; x_wconf 67' lang='grc' dir='ltr'><strong>ει</strong></span> <span class='ocrx_word' id='word_1_190' title='bbox 1491 1835 1801 1904; x_wconf 69' lang='grc' dir='ltr'><strong>ιιουεουθτ-</strong></span> <span class='ocrx_word' id='word_1_191' title='bbox 1832 1827 1883 1889; x_wconf 75' lang='grc' dir='ltr'><strong>Β</strong></span> <span class='ocrx_word' id='word_1_192' title='bbox 1909 1863 2042 1919; x_wconf 88' lang='lat' dir='ltr'><strong>pore</strong></span> <span class='ocrx_word' id='word_1_193' title='bbox 2088 1847 2389 1902; x_wconf 91' lang='lat' dir='ltr'><strong>nullatenus</strong></span> <span class='ocrx_word' id='word_1_194' title='bbox 2437 1857 2813 1915; x_wconf 73' lang='lat' dir='ltr'><strong>pnesutnalur,</strong></span> <span class='ocrx_word' id='word_1_195' title='bbox 2860 1845 2954 1900; x_wconf 88' lang='lat' dir='ltr'><strong>sed</strong></span> <span class='ocrx_word' id='word_1_196' title='bbox 3003 1843 3104 1899; x_wconf 86' lang='lat' dir='ltr'><strong>sub</strong></span> <span class='ocrx_word' id='word_1_197' title='bbox 3134 1843 3490 1898; x_wconf 88' lang='lat' dir='ltr'><strong>immunitatis</strong></span> 
     </span>
    </p>
   </div>
   <div class='ocr_carea' id='block_1_32' title="bbox 217 1927 1802 2005">
    <p class='ocr_par' dir='ltr' id='par_1_32' title="bbox 217 1927 1802 2005">
     <span class='ocr_line' id='line_1_32' title="bbox 217 1927 1802 2005; baseline -0.009 -10"><span class='ocrx_word' id='word_1_198' title='bbox 217 1938 450 2005; x_wconf 83' lang='lat' dir='ltr'><strong>dorum,</strong></span> <span class='ocrx_word' id='word_1_199' title='bbox 509 1951 572 1992; x_wconf 88' lang='lat' dir='ltr'><strong>ac</strong></span> <span class='ocrx_word' id='word_1_200' title='bbox 621 1935 866 2005; x_wconf 90' lang='lat' dir='ltr'><strong>patritius</strong></span> <span class='ocrx_word' id='word_1_201' title='bbox 911 1933 1305 1988; x_wconf 82' lang='lat' dir='ltr'><strong>Romanorum.</strong></span> <span class='ocrx_word' id='word_1_202' title='bbox 1375 1929 1602 1984; x_wconf 75' lang='lat' dir='ltr'><strong>Maxima</strong></span> <span class='ocrx_word' id='word_1_203' title='bbox 1654 1927 1802 1998; x_wconf 80' lang='lat' dir='ltr'><strong>regni</strong></span> 
     </span>
    </p>
   </div>
   <div class='ocr_carea' id='block_1_33' title="bbox 220 2013 1805 2096">
    <p class='ocr_par' dir='ltr' id='par_1_33' title="bbox 220 2013 1805 2096">
     <span class='ocr_line' id='line_1_33' title="bbox 220 2013 1805 2096; baseline -0.008 -10"><span class='ocrx_word' id='word_1_204' title='bbox 220 2030 389 2086; x_wconf 79' lang='lat' dir='ltr'><strong>nostri</strong></span> <span class='ocrx_word' id='word_1_205' title='bbox 419 2029 474 2082; x_wconf 90' lang='lat' dir='ltr'><strong>in</strong></span> <span class='ocrx_word' id='word_1_206' title='bbox 505 2027 606 2083; x_wconf 92' lang='lat' dir='ltr'><strong>hoc</strong></span> <span class='ocrx_word' id='word_1_207' title='bbox 632 2041 830 2096; x_wconf 88' lang='lat' dir='ltr'><strong>augere</strong></span> <span class='ocrx_word' id='word_1_208' title='bbox 859 2023 1128 2080; x_wconf 89' lang='lat' dir='ltr'><strong>credimus</strong></span> <span class='ocrx_word' id='word_1_209' title='bbox 1173 2023 1529 2084; x_wconf 86' lang='lat' dir='ltr'><strong>munimenta,</strong></span> <span class='ocrx_word' id='word_1_210' title='bbox 1562 2020 1605 2074; x_wconf 83' lang='lat' dir='ltr'><strong>si</strong></span> <span class='ocrx_word' id='word_1_211' title='bbox 1635 2013 1805 2074; x_wconf 85' lang='lat' dir='ltr'><strong>bene-</strong></span> 
     </span>
    </p>
   </div>
   <div class='ocr_carea' id='block_1_34' title="bbox 221 2110 1805 2190">
    <p class='ocr_par' dir='ltr' id='par_1_34' title="bbox 221 2110 1805 2190">
     <span class='ocr_line' id='line_1_34' title="bbox 221 2110 1805 2190; baseline -0.006 -15"><span class='ocrx_word' id='word_1_212' title='bbox 221 2121 340 2176; x_wconf 80' lang='lat' dir='ltr'><strong>licia</strong></span> <span class='ocrx_word' id='word_1_213' title='bbox 367 2130 690 2190; x_wconf 88' lang='lat' dir='ltr'><strong>opportuna,</strong></span> <span class='ocrx_word' id='word_1_214' title='bbox 721 2131 841 2187; x_wconf 81' lang='lat' dir='ltr'><strong>qua:</strong></span> <span class='ocrx_word' id='word_1_215' title='bbox 888 2131 986 2187; x_wconf 91' lang='lat' dir='ltr'><strong>pro</strong></span> <span class='ocrx_word' id='word_1_216' title='bbox 1027 2114 1361 2185; x_wconf 83' lang='lat' dir='ltr'><strong>compendiis</strong></span> <span class='ocrx_word' id='word_1_217' title='bbox 1391 2126 1672 2169; x_wconf 91' lang='lat' dir='ltr'><strong>servorum</strong></span> <span class='ocrx_word' id='word_1_218' title='bbox 1705 2110 1805 2166; x_wconf 87' lang='lat' dir='ltr'><strong>Dei</strong></span> 
     </span>
    </p>
   </div>
   <div class='ocr_carea' id='block_1_35' title="bbox 217 2204 1806 2276">
    <p class='ocr_par' dir='ltr' id='par_1_35' title="bbox 217 2204 1806 2276">
     <span class='ocr_line' id='line_1_35' title="bbox 217 2204 1806 2276; baseline -0.004 -12"><span class='ocrx_word' id='word_1_219' title='bbox 217 2209 352 2276; x_wconf 73' lang='lat' dir='ltr'><strong>locis</strong></span> <span class='ocrx_word' id='word_1_220' title='bbox 373 2207 764 2265; x_wconf 86' lang='lat' dir='ltr'><strong>venerabilibus</strong></span> <span class='ocrx_word' id='word_1_221' title='bbox 788 2204 997 2276; x_wconf 87' lang='lat' dir='ltr'><strong>largita,</strong></span> <span class='ocrx_word' id='word_1_222' title='bbox 1023 2205 1107 2261; x_wconf 89' lang='lat' dir='ltr'><strong>vel</strong></span> <span class='ocrx_word' id='word_1_223' title='bbox 1130 2206 1429 2261; x_wconf 91' lang='lat' dir='ltr'><strong>condonata</strong></span> <span class='ocrx_word' id='word_1_224' title='bbox 1453 2211 1600 2269; x_wconf 91' lang='lat' dir='ltr'><strong>sunt,</strong></span> <span class='ocrx_word' id='word_1_225' title='bbox 1620 2209 1806 2257; x_wconf 89' lang='lat' dir='ltr'><strong>nostro</strong></span> 
     </span>
    </p>
   </div>
   <div class='ocr_carea' id='block_1_36' title="bbox 220 2293 1806 2373">
    <p class='ocr_par' dir='ltr' id='par_1_36' title="bbox 220 2293 1806 2373">
     <span class='ocr_line' id='line_1_36' title="bbox 220 2293 1806 2373; baseline -0.005 -17"><span class='ocrx_word' id='word_1_226' title='bbox 220 2298 513 2356; x_wconf 85' lang='lat' dir='ltr'><strong>munimine</strong></span> <span class='ocrx_word' id='word_1_227' title='bbox 559 2298 973 2362; x_wconf 88' lang='lat' dir='ltr'><strong>confirmamus,</strong></span> <span class='ocrx_word' id='word_1_228' title='bbox 1018 2295 1219 2368; x_wconf 82' lang='lat' dir='ltr'><strong>regiam</strong></span> <span class='ocrx_word' id='word_1_229' title='bbox 1265 2293 1450 2373; x_wconf 85' lang='lat' dir='ltr'><strong>inquid</strong></span> <span class='ocrx_word' id='word_1_230' title='bbox 1490 2306 1806 2350; x_wconf 76' lang='lat' dir='ltr'><strong>exercemus</strong></span> 
     </span>
    </p>
   </div>
   <div class='ocr_carea' id='block_1_37' title="bbox 218 2382 1806 2453">
    <p class='ocr_par' dir='ltr' id='par_1_37' title="bbox 218 2382 1806 2453">
     <span class='ocr_line' id='line_1_37' title="bbox 218 2382 1806 2453; baseline -0.004 -7"><span class='ocrx_word' id='word_1_231' title='bbox 218 2389 696 2453; x_wconf 87' lang='lat' dir='ltr'><strong>consuetudinem,</strong></span> <span class='ocrx_word' id='word_1_232' title='bbox 744 2395 800 2443; x_wconf 89' lang='lat' dir='ltr'><strong>et</strong></span> <span class='ocrx_word' id='word_1_233' title='bbox 841 2387 946 2442; x_wconf 87' lang='lat' dir='ltr'><strong>hoc</strong></span> <span class='ocrx_word' id='word_1_234' title='bbox 987 2386 1142 2441; x_wconf 92' lang='lat' dir='ltr'><strong>nobis</strong></span> <span class='ocrx_word' id='word_1_235' title='bbox 1171 2384 1240 2440; x_wconf 86' lang='lat' dir='ltr'><strong>ad</strong></span> <span class='ocrx_word' id='word_1_236' title='bbox 1267 2384 1566 2441; x_wconf 87' lang='lat' dir='ltr'><strong>remedium</strong></span> <span class='ocrx_word' id='word_1_237' title='bbox 1613 2382 1806 2439; x_wconf 84' lang='lat' dir='ltr'><strong>anima:</strong></span> 
     </span>
    </p>
   </div>
   <div class='ocr_carea' id='block_1_38' title="bbox 221 2472 1808 2547">
    <p class='ocr_par' dir='ltr' id='par_1_38' title="bbox 221 2472 1808 2547">
     <span class='ocr_line' id='line_1_38' title="bbox 221 2472 1808 2547; baseline -0.007 -10"><span class='ocrx_word' id='word_1_238' title='bbox 221 2489 420 2537; x_wconf 85' lang='lat' dir='ltr'><strong>nostra:</strong></span> <span class='ocrx_word' id='word_1_239' title='bbox 464 2480 519 2534; x_wconf 93' lang='lat' dir='ltr'><strong>in</strong></span> <span class='ocrx_word' id='word_1_240' title='bbox 555 2478 649 2534; x_wconf 88' lang='lat' dir='ltr'><strong>Dei</strong></span> <span class='ocrx_word' id='word_1_241' title='bbox 692 2475 909 2534; x_wconf 87' lang='lat' dir='ltr'><strong>nomine</strong></span> <span class='ocrx_word' id='word_1_242' title='bbox 951 2477 1224 2547; x_wconf 85' lang='lat' dir='ltr'><strong>pertinere</strong></span> <span class='ocrx_word' id='word_1_243' title='bbox 1253 2472 1594 2531; x_wconf 85' lang='lat' dir='ltr'><strong>confidimus.</strong></span> <span class='ocrx_word' id='word_1_244' title='bbox 1638 2473 1808 2542; x_wconf 87' lang='lat' dir='ltr'><strong>igitur</strong></span> 
     </span>
    </p>
   </div>
   <div class='ocr_carea' id='block_1_39' title="bbox 221 2563 1806 2642">
    <p class='ocr_par' dir='ltr' id='par_1_39' title="bbox 221 2563 1806 2642">
     <span class='ocr_line' id='line_1_39' title="bbox 221 2563 1806 2642; baseline -0.004 -17"><span class='ocrx_word' id='word_1_245' title='bbox 221 2580 554 2642; x_wconf 75' lang='lat' dir='ltr'><strong>compertum</strong></span> <span class='ocrx_word' id='word_1_246' title='bbox 583 2569 665 2626; x_wconf 77' lang='lat' dir='ltr'><strong>sit.</strong></span> <span class='ocrx_word' id='word_1_247' title='bbox 680 2569 922 2624; x_wconf 88' lang='lat' dir='ltr'><strong>omnium</strong></span> <span class='ocrx_word' id='word_1_248' title='bbox 946 2575 1245 2628; x_wconf 79' lang='lat' dir='ltr'><strong>vestroran</strong></span> <span class='ocrx_word' id='word_1_249' title='bbox 1275 2563 1651 2636; x_wconf 80' lang='lat' dir='ltr'><strong>magnitudini,</strong></span> <span class='ocrx_word' id='word_1_250' title='bbox 1675 2578 1806 2632; x_wconf 85' lang='lat' dir='ltr'><strong>qua-</strong></span> 
     </span>
    </p>
   </div>
   <div class='ocr_carea' id='block_1_40' title="bbox 221 2657 1805 2731">
    <p class='ocr_par' dir='ltr' id='par_1_40' title="bbox 221 2657 1805 2731">
     <span class='ocr_line' id='line_1_40' title="bbox 221 2657 1805 2731; baseline -0.006 -11"><span class='ocrx_word' id='word_1_251' title='bbox 221 2663 340 2720; x_wconf 87' lang='lat' dir='ltr'><strong>liter</strong></span> <span class='ocrx_word' id='word_1_252' title='bbox 367 2662 694 2719; x_wconf 84' lang='lat' dir='ltr'><strong>venerabilis</strong></span> <span class='ocrx_word' id='word_1_253' title='bbox 735 2661 816 2716; x_wconf 90' lang='lat' dir='ltr'><strong>vir</strong></span> <span class='ocrx_word' id='word_1_254' title='bbox 855 2660 1180 2731; x_wconf 83' lang='lat' dir='ltr'><strong>Apollinaris</strong></span> <span class='ocrx_word' id='word_1_255' title='bbox 1224 2658 1482 2715; x_wconf 78' lang='lat' dir='ltr'><strong>Ecclesia:</strong></span> <span class='ocrx_word' id='word_1_256' title='bbox 1527 2657 1805 2728; x_wconf 79' lang='lat' dir='ltr'><strong>Begiensis</strong></span> 
     </span>
    </p>
   </div>
   <div class='ocr_carea' id='block_1_41' title="bbox 223 2751 1806 2824">
    <p class='ocr_par' dir='ltr' id='par_1_41' title="bbox 223 2751 1806 2824">
     <span class='ocr_line' id='line_1_41' title="bbox 223 2751 1806 2824; baseline -0.003 -12"><span class='ocrx_word' id='word_1_257' title='bbox 223 2755 498 2824; x_wconf 87' lang='lat' dir='ltr'><strong>episcopus</strong></span> <span class='ocrx_word' id='word_1_258' title='bbox 529 2771 632 2810; x_wconf 87' lang='lat' dir='ltr'><strong>una</strong></span> <span class='ocrx_word' id='word_1_259' title='bbox 662 2768 782 2809; x_wconf 89' lang='lat' dir='ltr'><strong>eum</strong></span> <span class='ocrx_word' id='word_1_260' title='bbox 819 2753 980 2824; x_wconf 22' lang='lat' dir='ltr'><strong>clero,</strong></span> <span class='ocrx_word' id='word_1_261' title='bbox 1002 2762 1055 2809; x_wconf 93' lang='lat' dir='ltr'><strong>et</strong></span> <span class='ocrx_word' id='word_1_262' title='bbox 1085 2754 1281 2824; x_wconf 87' lang='lat' dir='ltr'><strong>populo</strong></span> <span class='ocrx_word' id='word_1_263' title='bbox 1312 2752 1582 2821; x_wconf 66' lang='lat' dir='ltr'><strong>praedicta:</strong></span> <span class='ocrx_word' id='word_1_264' title='bbox 1610 2751 1806 2808; x_wconf 90' lang='lat' dir='ltr'><strong>Eccle-</strong></span> 
     </span>
    </p>
   </div>
   <div class='ocr_carea' id='block_1_42' title="bbox 226 2845 1801 2920">
    <p class='ocr_par' dir='ltr' id='par_1_42' title="bbox 226 2845 1801 2920">
     <span class='ocr_line' id='line_1_42' title="bbox 226 2845 1801 2920; baseline -0.001 -18"><span class='ocrx_word' id='word_1_265' title='bbox 226 2847 320 2902; x_wconf 70' lang='lat' dir='ltr'><strong>sia:</strong></span> <span class='ocrx_word' id='word_1_266' title='bbox 349 2846 677 2901; x_wconf 86' lang='lat' dir='ltr'><strong>clementiam</strong></span> <span class='ocrx_word' id='word_1_267' title='bbox 706 2845 856 2920; x_wconf 80' lang='lat' dir='ltr'><strong>regni</strong></span> <span class='ocrx_word' id='word_1_268' title='bbox 887 2847 1052 2900; x_wconf 85' lang='lat' dir='ltr'><strong>nostri</strong></span> <span class='ocrx_word' id='word_1_269' title='bbox 1084 2845 1266 2920; x_wconf 64' lang='lat' dir='ltr'><strong>petiit,</strong></span> <span class='ocrx_word' id='word_1_270' title='bbox 1294 2853 1354 2899; x_wconf 88' lang='lat' dir='ltr'><strong>ut</strong></span> <span class='ocrx_word' id='word_1_271' title='bbox 1381 2845 1701 2899; x_wconf 86' lang='lat' dir='ltr'><strong>eiectionem</strong></span> <span class='ocrx_word' id='word_1_272' title='bbox 1735 2858 1801 2899; x_wconf 86' lang='lat' dir='ltr'><strong>ex</strong></span> 
     </span>
    </p>
   </div>
   <div class='ocr_carea' id='block_1_43' title="bbox 225 2936 1799 3008">
    <p class='ocr_par' dir='ltr' id='par_1_43' title="bbox 225 2936 1799 3008">
     <span class='ocr_line' id='line_1_43' title="bbox 225 2936 1799 3008; baseline -0.003 -12"><span class='ocrx_word' id='word_1_273' title='bbox 225 2937 371 2997; x_wconf 83' lang='lat' dir='ltr'><strong>clero</strong></span> <span class='ocrx_word' id='word_1_274' title='bbox 400 2937 630 3008; x_wconf 71' lang='lat' dir='ltr'><strong>praefata:</strong></span> <span class='ocrx_word' id='word_1_275' title='bbox 657 2952 768 2996; x_wconf 71' lang='lat' dir='ltr'><strong>sua:</strong></span> <span class='ocrx_word' id='word_1_276' title='bbox 799 2937 1052 2994; x_wconf 72' lang='lat' dir='ltr'><strong>Ecclesia:</strong></span> <span class='ocrx_word' id='word_1_277' title='bbox 1081 2939 1227 2992; x_wconf 91' lang='lat' dir='ltr'><strong>omni</strong></span> <span class='ocrx_word' id='word_1_278' title='bbox 1261 2947 1505 3006; x_wconf 87' lang='lat' dir='ltr'><strong>tempore</strong></span> <span class='ocrx_word' id='word_1_279' title='bbox 1533 2936 1799 2993; x_wconf 84' lang='lat' dir='ltr'><strong>concede-</strong></span> 
     </span>
    </p>
   </div>
   <div class='ocr_carea' id='block_1_44' title="bbox 227 3026 1804 3107">
    <p class='ocr_par' dir='ltr' id='par_1_44' title="bbox 227 3026 1804 3107">
     <span class='ocr_line' id='line_1_44' title="bbox 227 3026 1804 3107; baseline -0.001 -21"><span class='ocrx_word' id='word_1_280' title='bbox 227 3026 437 3086; x_wconf 80' lang='lat' dir='ltr'><strong>remus.</strong></span> <span class='ocrx_word' id='word_1_281' title='bbox 475 3030 691 3100; x_wconf 88' lang='lat' dir='ltr'><strong>insuper</strong></span> <span class='ocrx_word' id='word_1_282' title='bbox 718 3039 771 3085; x_wconf 90' lang='lat' dir='ltr'><strong>et</strong></span> <span class='ocrx_word' id='word_1_283' title='bbox 801 3031 1007 3107; x_wconf 76' lang='lat' dir='ltr'><strong>petiit,</strong></span> <span class='ocrx_word' id='word_1_284' title='bbox 1034 3038 1092 3086; x_wconf 90' lang='lat' dir='ltr'><strong>ut</strong></span> <span class='ocrx_word' id='word_1_285' title='bbox 1134 3029 1385 3086; x_wconf 89' lang='lat' dir='ltr'><strong>omnibus</strong></span> <span class='ocrx_word' id='word_1_286' title='bbox 1430 3030 1592 3086; x_wconf 83' lang='lat' dir='ltr'><strong>rebus</strong></span> <span class='ocrx_word' id='word_1_287' title='bbox 1638 3029 1804 3099; x_wconf 87' lang='lat' dir='ltr'><strong>ipsius</strong></span> 
     </span>
    </p>
   </div>
   <div class='ocr_carea' id='block_1_45' title="bbox 230 3119 1800 3190">
    <p class='ocr_par' dir='ltr' id='par_1_45' title="bbox 230 3119 1800 3190">
     <span class='ocr_line' id='line_1_45' title="bbox 230 3119 1800 3190; baseline 0.001 -16"><span class='ocrx_word' id='word_1_288' title='bbox 230 3119 592 3190; x_wconf 86' lang='lat' dir='ltr'><strong>episcopatus,</strong></span> <span class='ocrx_word' id='word_1_289' title='bbox 621 3134 749 3190; x_wconf 89' lang='lat' dir='ltr'><strong>quas</strong></span> <span class='ocrx_word' id='word_1_290' title='bbox 779 3121 1040 3176; x_wconf 88' lang='lat' dir='ltr'><strong>moderno</strong></span> <span class='ocrx_word' id='word_1_291' title='bbox 1079 3129 1321 3190; x_wconf 87' lang='lat' dir='ltr'><strong>tempore</strong></span> <span class='ocrx_word' id='word_1_292' title='bbox 1349 3130 1458 3175; x_wconf 89' lang='lat' dir='ltr'><strong>tam</strong></span> <span class='ocrx_word' id='word_1_293' title='bbox 1485 3120 1553 3176; x_wconf 89' lang='lat' dir='ltr'><strong>de</strong></span> <span class='ocrx_word' id='word_1_294' title='bbox 1582 3120 1800 3176; x_wconf 88' lang='lat' dir='ltr'><strong>datione</strong></span> 
     </span>
    </p>
   </div>
   <div class='ocr_carea' id='block_1_46' title="bbox 231 3209 1798 3288">
    <p class='ocr_par' dir='ltr' id='par_1_46' title="bbox 231 3209 1798 3288">
     <span class='ocr_line' id='line_1_46' title="bbox 231 3209 1798 3288; baseline 0.002 -25"><span class='ocrx_word' id='word_1_295' title='bbox 231 3223 416 3277; x_wconf 90' lang='lat' dir='ltr'><strong>regum</strong></span> <span class='ocrx_word' id='word_1_296' title='bbox 466 3224 731 3288; x_wconf 76' lang='lat' dir='ltr'><strong>quamque</strong></span> <span class='ocrx_word' id='word_1_297' title='bbox 777 3211 1081 3281; x_wconf 81' lang='lat' dir='ltr'><strong>reginarum</strong></span> <span class='ocrx_word' id='word_1_298' title='bbox 1109 3251 1124 3274; x_wconf 91' lang='lat'><strong>,</strong></span> <span class='ocrx_word' id='word_1_299' title='bbox 1175 3223 1270 3264; x_wconf 90' lang='lat' dir='ltr'><strong>seu</strong></span> <span class='ocrx_word' id='word_1_300' title='bbox 1320 3210 1648 3280; x_wconf 88' lang='lat' dir='ltr'><strong>reliquorum</strong></span> <span class='ocrx_word' id='word_1_301' title='bbox 1701 3209 1798 3267; x_wconf 84' lang='lat' dir='ltr'><strong>Dei</strong></span> 
     </span>
    </p>
   </div>
   <div class='ocr_carea' id='block_1_47' title="bbox 228 3299 1803 3374">
    <p class='ocr_par' dir='ltr' id='par_1_47' title="bbox 228 3299 1803 3374">
     <span class='ocr_line' id='line_1_47' title="bbox 228 3299 1803 3374; baseline 0.003 -21"><span class='ocrx_word' id='word_1_302' title='bbox 228 3299 529 3354; x_wconf 86' lang='lat' dir='ltr'><strong>timentium</strong></span> <span class='ocrx_word' id='word_1_303' title='bbox 560 3299 960 3374; x_wconf 44' lang='lat' dir='ltr'><strong>hominemne!</strong></span> <span class='ocrx_word' id='word_1_304' title='bbox 985 3300 1124 3371; x_wconf 89' lang='lat' dir='ltr'><strong>quod</strong></span> <span class='ocrx_word' id='word_1_305' title='bbox 1155 3302 1392 3365; x_wconf 79' lang='lat' dir='ltr'><strong>in,antea</strong></span> <span class='ocrx_word' id='word_1_306' title='bbox 1422 3301 1685 3368; x_wconf 89' lang='lat' dir='ltr'><strong>additum,</strong></span> <span class='ocrx_word' id='word_1_307' title='bbox 1712 3301 1803 3358; x_wconf 86' lang='lat' dir='ltr'><strong>vel</strong></span> 
     </span>
    </p>
   </div>
   <div class='ocr_carea' id='block_1_48' title="bbox 221 3391 1806 3463">
    <p class='ocr_par' dir='ltr' id='par_1_48' title="bbox 221 3391 1806 3463">
     <span class='ocr_line' id='line_1_48' title="bbox 221 3391 1806 3463; baseline 0.002 -17"><span class='ocrx_word' id='word_1_308' title='bbox 221 3391 522 3462; x_wconf 87' lang='lat' dir='ltr'><strong>delegatum</strong></span> <span class='ocrx_word' id='word_1_309' title='bbox 549 3391 731 3457; x_wconf 86' lang='lat' dir='ltr'><strong>fuerit,</strong></span> <span class='ocrx_word' id='word_1_310' title='bbox 761 3401 818 3447; x_wconf 91' lang='lat' dir='ltr'><strong>et</strong></span> <span class='ocrx_word' id='word_1_311' title='bbox 842 3392 1007 3461; x_wconf 89' lang='lat' dir='ltr'><strong>juste,</strong></span> <span class='ocrx_word' id='word_1_312' title='bbox 1033 3401 1090 3448; x_wconf 89' lang='lat' dir='ltr'><strong>et</strong></span> <span class='ocrx_word' id='word_1_313' title='bbox 1115 3391 1502 3449; x_wconf 88' lang='lat' dir='ltr'><strong>rationabiliter</strong></span> <span class='ocrx_word' id='word_1_314' title='bbox 1525 3391 1806 3463; x_wconf 88' lang='lat' dir='ltr'><strong>possidere</strong></span> 
     </span>
    </p>
   </div>
   <div class='ocr_carea' id='block_1_49' title="bbox 227 3483 1808 3558">
    <p class='ocr_par' dir='ltr' id='par_1_49' title="bbox 227 3483 1808 3558">
     <span class='ocr_line' id='line_1_49' title="bbox 227 3483 1808 3558; baseline 0.003 -20"><span class='ocrx_word' id='word_1_315' title='bbox 227 3483 545 3551; x_wconf 85' lang='lat' dir='ltr'><strong>dinoscitur,</strong></span> <span class='ocrx_word' id='word_1_316' title='bbox 575 3485 676 3541; x_wconf 87' lang='lat' dir='ltr'><strong>sub</strong></span> <span class='ocrx_word' id='word_1_317' title='bbox 705 3484 1056 3540; x_wconf 80' lang='lat' dir='ltr'><strong>immanitatis</strong></span> <span class='ocrx_word' id='word_1_318' title='bbox 1087 3485 1305 3545; x_wconf 78' lang='lat' dir='ltr'><strong>nomine</strong></span> <span class='ocrx_word' id='word_1_319' title='bbox 1329 3501 1424 3558; x_wconf 87' lang='lat' dir='ltr'><strong>per</strong></span> <span class='ocrx_word' id='word_1_320' title='bbox 1447 3495 1686 3543; x_wconf 88' lang='lat' dir='ltr'><strong>nostram</strong></span> <span class='ocrx_word' id='word_1_321' title='bbox 1711 3502 1808 3543; x_wconf 86' lang='lat' dir='ltr'><strong>au-</strong></span> 
     </span>
    </p>
   </div>
   <div class='ocr_carea' id='block_1_50' title="bbox 228 3573 1805 3646">
    <p class='ocr_par' dir='ltr' id='par_1_50' title="bbox 228 3573 1805 3646">
     <span class='ocr_line' id='line_1_50' title="bbox 228 3573 1805 3646; baseline 0.003 -17"><span class='ocrx_word' id='word_1_322' title='bbox 228 3574 525 3630; x_wconf 89' lang='lat' dir='ltr'><strong>ctoritatem</strong></span> <span class='ocrx_word' id='word_1_323' title='bbox 553 3573 621 3628; x_wconf 91' lang='lat' dir='ltr'><strong>ad</strong></span> <span class='ocrx_word' id='word_1_324' title='bbox 649 3574 963 3646; x_wconf 69' lang='lat' dir='ltr'><strong>praadictum</strong></span> <span class='ocrx_word' id='word_1_325' title='bbox 991 3587 1251 3634; x_wconf 79' lang='lat' dir='ltr'><strong>sanctum.</strong></span> <span class='ocrx_word' id='word_1_326' title='bbox 1271 3580 1462 3632; x_wconf 73' lang='lat' dir='ltr'><strong>locum</strong></span> <span class='ocrx_word' id='word_1_327' title='bbox 1474 3577 1805 3643; x_wconf 83' lang='lat' dir='ltr'><strong>concedere,</strong></span> 
     </span>
    </p>
   </div>
   <div class='ocr_carea' id='block_1_51' title="bbox 225 3665 1806 3752">
    <p class='ocr_par' dir='ltr' id='par_1_51' title="bbox 225 3665 1806 3752">
     <span class='ocr_line' id='line_1_51' title="bbox 225 3665 1806 3752; baseline 0.003 -31"><span class='ocrx_word' id='word_1_328' title='bbox 225 3665 310 3722; x_wconf 89' lang='lat' dir='ltr'><strong>vel</strong></span> <span class='ocrx_word' id='word_1_329' title='bbox 345 3666 666 3740; x_wconf 82' lang='lat' dir='ltr'><strong>confirmare</strong></span> <span class='ocrx_word' id='word_1_330' title='bbox 703 3667 1042 3741; x_wconf 77' lang='lat' dir='ltr'><strong>deberemus.</strong></span> <span class='ocrx_word' id='word_1_331' title='bbox 1092 3666 1364 3752; x_wconf 76' lang='lat' dir='ltr'><strong>Quatenus</strong></span> <span class='ocrx_word' id='word_1_332' title='bbox 1410 3669 1591 3726; x_wconf 89' lang='lat' dir='ltr'><strong>nullus</strong></span> <span class='ocrx_word' id='word_1_333' title='bbox 1634 3671 1806 3742; x_wconf 60' lang='lat' dir='ltr'><strong>iudex</strong></span> 
     </span>
    </p>
   </div>
   <div class='ocr_carea' id='block_1_52' title="bbox 300 3849 1810 3923">
    <p class='ocr_par' dir='ltr' id='par_1_52' title="bbox 300 3849 1810 3923">
     <span class='ocr_line' id='line_1_52' title="bbox 300 3849 1810 3923; baseline 0 -17"><span class='ocrx_word' id='word_1_334' title='bbox 300 3854 328 3923; x_wconf 56' lang='grc' dir='ltr'><strong><em>ξ</em></strong></span> <span class='ocrx_word' id='word_1_335' title='bbox 359 3849 416 3906; x_wconf 84' lang='lat' dir='ltr'><strong>In</strong></span> <span class='ocrx_word' id='word_1_336' title='bbox 447 3860 683 3908; x_wconf 89' lang='lat' dir='ltr'><strong>mentem</strong></span> <span class='ocrx_word' id='word_1_337' title='bbox 715 3852 946 3908; x_wconf 89' lang='lat' dir='ltr'><strong>fortasse</strong></span> <span class='ocrx_word' id='word_1_338' title='bbox 973 3851 1105 3909; x_wconf 88' lang='lat' dir='ltr'><strong>mihi</strong></span> <span class='ocrx_word' id='word_1_339' title='bbox 1137 3867 1407 3923; x_wconf 81' lang='lat' dir='ltr'><strong>nunquam</strong></span> <span class='ocrx_word' id='word_1_340' title='bbox 1441 3852 1678 3908; x_wconf 83' lang='lat' dir='ltr'><strong>venisset</strong></span> <span class='ocrx_word' id='word_1_341' title='bbox 1706 3866 1810 3922; x_wconf 84' lang='lat' dir='ltr'><strong>su-</strong></span> 
     </span>
    </p>
   </div>
   <div class='ocr_carea' id='block_1_53' title="bbox 231 3919 1810 3994">
    <p class='ocr_par' dir='ltr' id='par_1_53' title="bbox 231 3919 1810 3994">
     <span class='ocr_line' id='line_1_53' title="bbox 231 3919 1810 3994; baseline 0.001 -20"><span class='ocrx_word' id='word_1_342' title='bbox 231 3919 433 3994; x_wconf 78' lang='lat' dir='ltr'><strong>spicari</strong></span> <span class='ocrx_word' id='word_1_343' title='bbox 454 3923 522 3978; x_wconf 89' lang='lat' dir='ltr'><strong>de</strong></span> <span class='ocrx_word' id='word_1_344' title='bbox 549 3923 884 3994; x_wconf 85' lang='lat' dir='ltr'><strong>legitimitate</strong></span> <span class='ocrx_word' id='word_1_345' title='bbox 915 3924 1136 3993; x_wconf 87' lang='lat' dir='ltr'><strong>hujusce</strong></span> <span class='ocrx_word' id='word_1_346' title='bbox 1179 3919 1343 3990; x_wconf 81' lang='lat' dir='ltr'><strong>fetus,</strong></span> <span class='ocrx_word' id='word_1_347' title='bbox 1378 3925 1480 3978; x_wconf 87' lang='lat' dir='ltr'><strong>nisi</strong></span> <span class='ocrx_word' id='word_1_348' title='bbox 1513 3939 1598 3994; x_wconf 90' lang='lat' dir='ltr'><strong>me</strong></span> <span class='ocrx_word' id='word_1_349' title='bbox 1627 3919 1810 3977; x_wconf 85' lang='lat' dir='ltr'><strong>remo-</strong></span> 
     </span>
    </p>
   </div>
   <div class='ocr_carea' id='block_1_54' title="bbox 233 3992 1811 4065">
    <p class='ocr_par' dir='ltr' id='par_1_54' title="bbox 233 3992 1811 4065">
     <span class='ocr_line' id='line_1_54' title="bbox 233 3992 1811 4065; baseline 0.001 -18"><span class='ocrx_word' id='word_1_350' title='bbox 233 4001 385 4065; x_wconf 80' lang='lat' dir='ltr'><strong>ratus</strong></span> <span class='ocrx_word' id='word_1_351' title='bbox 413 3992 854 4065; x_wconf 58' lang='lat' dir='ltr'><strong>fuisset&#39;modus,</strong></span> <span class='ocrx_word' id='word_1_352' title='bbox 885 3992 994 4065; x_wconf 90' lang='lat' dir='ltr'><strong>quo</strong></span> <span class='ocrx_word' id='word_1_353' title='bbox 1031 3996 1264 4065; x_wconf 88' lang='lat' dir='ltr'><strong>sigillum</strong></span> <span class='ocrx_word' id='word_1_354' title='bbox 1304 4009 1520 4050; x_wconf 86' lang='lat' dir='ltr'><strong>cereum</strong></span> <span class='ocrx_word' id='word_1_355' title='bbox 1568 3993 1678 4065; x_wconf 87' lang='lat' dir='ltr'><strong>illic</strong></span> <span class='ocrx_word' id='word_1_356' title='bbox 1718 4009 1811 4062; x_wconf 67' lang='grc' dir='ltr'><strong>δρο-</strong></span> 
     </span>
    </p>
   </div>
   <div class='ocr_carea' id='block_1_55' title="bbox 232 4063 1811 4134">
    <p class='ocr_par' dir='ltr' id='par_1_55' title="bbox 232 4063 1811 4134">
     <span class='ocr_line' id='line_1_55' title="bbox 232 4063 1811 4134; baseline 0.003 -19"><span class='ocrx_word' id='word_1_357' title='bbox 232 4063 464 4129; x_wconf 87' lang='lat' dir='ltr'><strong>positum</strong></span> <span class='ocrx_word' id='word_1_358' title='bbox 495 4063 614 4119; x_wconf 90' lang='lat' dir='ltr'><strong>fuit.</strong></span> <span class='ocrx_word' id='word_1_359' title='bbox 643 4063 989 4120; x_wconf 26' lang='lat' dir='ltr'><strong>Nitnirum‘in</strong></span> <span class='ocrx_word' id='word_1_360' title='bbox 1023 4063 1226 4133; x_wconf 78' lang='lat' dir='ltr'><strong>postica</strong></span> <span class='ocrx_word' id='word_1_361' title='bbox 1267 4075 1416 4134; x_wconf 90' lang='lat' dir='ltr'><strong>parte</strong></span> <span class='ocrx_word' id='word_1_362' title='bbox 1455 4064 1677 4119; x_wconf 90' lang='lat' dir='ltr'><strong>minime</strong></span> <span class='ocrx_word' id='word_1_363' title='bbox 1721 4079 1811 4119; x_wconf 86' lang='lat' dir='ltr'><strong>re-</strong></span> 
     </span>
    </p>
   </div>
   <div class='ocr_carea' id='block_1_56' title="bbox 231 4135 1809 4202">
    <p class='ocr_par' dir='ltr' id='par_1_56' title="bbox 231 4135 1809 4202">
     <span class='ocr_line' id='line_1_56' title="bbox 231 4135 1809 4202; baseline 0.002 -16"><span class='ocrx_word' id='word_1_364' title='bbox 231 4147 487 4202; x_wconf 84' lang='lat' dir='ltr'><strong>percussa</strong></span> <span class='ocrx_word' id='word_1_365' title='bbox 530 4148 594 4189; x_wconf 90' lang='lat' dir='ltr'><strong>ac</strong></span> <span class='ocrx_word' id='word_1_366' title='bbox 635 4135 858 4190; x_wconf 88' lang='lat' dir='ltr'><strong>dilatata</strong></span> <span class='ocrx_word' id='word_1_367' title='bbox 904 4147 1021 4191; x_wconf 91' lang='lat' dir='ltr'><strong>erat</strong></span> <span class='ocrx_word' id='word_1_368' title='bbox 1066 4152 1234 4200; x_wconf 83' lang='lat' dir='ltr'><strong>cera;</strong></span> <span class='ocrx_word' id='word_1_369' title='bbox 1265 4137 1359 4190; x_wconf 87' lang='lat' dir='ltr'><strong>sed</strong></span> <span class='ocrx_word' id='word_1_370' title='bbox 1407 4150 1469 4190; x_wconf 90' lang='lat' dir='ltr'><strong>ea</strong></span> <span class='ocrx_word' id='word_1_371' title='bbox 1514 4135 1725 4188; x_wconf 79' lang='lat' dir='ltr'><strong>ratione</strong></span> <span class='ocrx_word' id='word_1_372' title='bbox 1757 4137 1809 4189; x_wconf 92' lang='lat' dir='ltr'><strong>in</strong></span> 
     </span>
    </p>
   </div>
   <div class='ocr_carea' id='block_1_57' title="bbox 232 4203 1812 4283">
    <p class='ocr_par' dir='ltr' id='par_1_57' title="bbox 232 4203 1812 4283">
     <span class='ocr_line' id='line_1_57' title="bbox 232 4203 1812 4283; baseline 0.004 -28"><span class='ocrx_word' id='word_1_373' title='bbox 232 4203 523 4283; x_wconf 65' lang='lat' dir='ltr'><strong>scissuram</strong></span> <span class='ocrx_word' id='word_1_374' title='bbox 553 4219 893 4276; x_wconf 84' lang='lat' dir='ltr'><strong>pergamena:</strong></span> <span class='ocrx_word' id='word_1_375' title='bbox 922 4206 1160 4283; x_wconf 71' lang='lat' dir='ltr'><strong>immissa</strong></span> <span class='ocrx_word' id='word_1_376' title='bbox 1179 4245 1196 4272; x_wconf 93' lang='lat'><strong>,</strong></span> <span class='ocrx_word' id='word_1_377' title='bbox 1227 4205 1442 4283; x_wconf 73' lang='lat' dir='ltr'><strong>ut_in_t_le</strong></span> <span class='ocrx_word' id='word_1_378' title='bbox 1472 4205 1620 4283; x_wconf 75' lang='lat' dir='ltr'><strong>nullo</strong></span> <span class='ocrx_word' id='word_1_379' title='bbox 1651 4219 1812 4273; x_wconf 84' lang='lat' dir='ltr'><strong>nego-</strong></span> 
     </span>
    </p>
   </div>
   <div class='ocr_carea' id='block_1_58' title="bbox 235 4274 1808 4345">
    <p class='ocr_par' dir='ltr' id='par_1_58' title="bbox 235 4274 1808 4345">
     <span class='ocr_line' id='line_1_58' title="bbox 235 4274 1808 4345; baseline 0.001 -17"><span class='ocrx_word' id='word_1_380' title='bbox 235 4274 490 4345; x_wconf 77' lang='lat' dir='ltr'><strong>tioeduci</strong></span> <span class='ocrx_word' id='word_1_381' title='bbox 524 4274 739 4343; x_wconf 85' lang='lat' dir='ltr'><strong>posset,</strong></span> <span class='ocrx_word' id='word_1_382' title='bbox 769 4290 975 4345; x_wconf 90' lang='lat' dir='ltr'><strong>suoque</strong></span> <span class='ocrx_word' id='word_1_383' title='bbox 1005 4293 1071 4332; x_wconf 92' lang='lat' dir='ltr'><strong>ex</strong></span> <span class='ocrx_word' id='word_1_384' title='bbox 1113 4277 1230 4332; x_wconf 80' lang='grc' dir='ltr'><strong>Ιοοο</strong></span> <span class='ocrx_word' id='word_1_385' title='bbox 1277 4275 1437 4330; x_wconf 75' lang='lat' dir='ltr'><strong>facile</strong></span> <span class='ocrx_word' id='word_1_386' title='bbox 1480 4275 1808 4345; x_wconf 88' lang='lat' dir='ltr'><strong>elaberetur,</strong></span> 
     </span>
    </p>
   </div>
   <div class='ocr_carea' id='block_1_59' title="bbox 233 4343 1811 4422">
    <p class='ocr_par' dir='ltr' id='par_1_59' title="bbox 233 4343 1811 4422">
     <span class='ocr_line' id='line_1_59' title="bbox 233 4343 1811 4422; baseline 0.004 -26"><span class='ocrx_word' id='word_1_387' title='bbox 233 4343 339 4422; x_wconf 78' lang='lat' dir='ltr'><strong>nisi</strong></span> <span class='ocrx_word' id='word_1_388' title='bbox 379 4344 581 4422; x_wconf 74' lang='lat' dir='ltr'><strong>circulo</strong></span> <span class='ocrx_word' id='word_1_389' title='bbox 623 4343 1606 4422; x_wconf 65' lang='lat' dir='ltr'><strong>ligneo_comprebensa,_i_iloetiam</strong></span> <span class='ocrx_word' id='word_1_390' title='bbox 1654 4343 1811 4422; x_wconf 55' lang='lat' dir='ltr'><strong>aditi?</strong></span> 
     </span>
    </p>
   </div>
   <div class='ocr_carea' id='block_1_60' title="bbox 233 4414 1806 4482">
    <p class='ocr_par' dir='ltr' id='par_1_60' title="bbox 233 4414 1806 4482">
     <span class='ocr_line' id='line_1_60' title="bbox 233 4414 1806 4482; baseline 0.002 -14"><span class='ocrx_word' id='word_1_391' title='bbox 233 4414 370 4478; x_wconf 81' lang='lat' dir='ltr'><strong>bito,</strong></span> <span class='ocrx_word' id='word_1_392' title='bbox 403 4414 455 4468; x_wconf 93' lang='lat' dir='ltr'><strong>in</strong></span> <span class='ocrx_word' id='word_1_393' title='bbox 485 4414 682 4469; x_wconf 82' lang='lat' dir='ltr'><strong>charta</strong></span> <span class='ocrx_word' id='word_1_394' title='bbox 698 4414 1008 4471; x_wconf 70' lang='lat' dir='ltr'><strong>conﬁrmata</strong></span> <span class='ocrx_word' id='word_1_395' title='bbox 1043 4418 1246 4472; x_wconf 86' lang='lat' dir='ltr'><strong>fuisset.</strong></span> <span class='ocrx_word' id='word_1_396' title='bbox 1281 4416 1334 4471; x_wconf 90' lang='lat' dir='ltr'><strong>Id</strong></span> <span class='ocrx_word' id='word_1_397' title='bbox 1367 4416 1512 4476; x_wconf 76' lang='lat' dir='ltr'><strong>milii,</strong></span> <span class='ocrx_word' id='word_1_398' title='bbox 1539 4417 1806 4482; x_wconf 85' lang='lat' dir='ltr'><strong>suspicio-</strong></span> 
     </span>
    </p>
   </div>
   <div class='ocr_carea' id='block_1_61' title="bbox 234 4483 1809 4556">
    <p class='ocr_par' dir='ltr' id='par_1_61' title="bbox 234 4483 1809 4556">
     <span class='ocr_line' id='line_1_61' title="bbox 234 4483 1809 4556; baseline 0.004 -20"><span class='ocrx_word' id='word_1_399' title='bbox 234 4497 360 4556; x_wconf 86' lang='lat' dir='ltr'><strong>nem</strong></span> <span class='ocrx_word' id='word_1_400' title='bbox 387 4483 631 4556; x_wconf 90' lang='lat' dir='ltr'><strong>ingessit,</strong></span> <span class='ocrx_word' id='word_1_401' title='bbox 654 4501 966 4555; x_wconf 89' lang='lat' dir='ltr'><strong>germanum</strong></span> <span class='ocrx_word' id='word_1_402' title='bbox 989 4487 1245 4556; x_wconf 87' lang='lat' dir='ltr'><strong>sigillum,</strong></span> <span class='ocrx_word' id='word_1_403' title='bbox 1270 4487 1482 4545; x_wconf 85' lang='lat' dir='ltr'><strong>aliunde</strong></span> <span class='ocrx_word' id='word_1_404' title='bbox 1509 4497 1809 4556; x_wconf 83' lang='lat' dir='ltr'><strong>sumptum,</strong></span> 
     </span>
    </p>
   </div>
   <div class='ocr_carea' id='block_1_62' title="bbox 234 4555 1809 4628">
    <p class='ocr_par' dir='ltr' id='par_1_62' title="bbox 234 4555 1809 4628">
     <span class='ocr_line' id='line_1_62' title="bbox 234 4555 1809 4628; baseline 0.001 -17"><span class='ocrx_word' id='word_1_405' title='bbox 234 4555 293 4611; x_wconf 92' lang='lat' dir='ltr'><strong>in</strong></span> <span class='ocrx_word' id='word_1_406' title='bbox 321 4568 692 4628; x_wconf 80' lang='lat' dir='ltr'><strong>pergamenam</strong></span> <span class='ocrx_word' id='word_1_407' title='bbox 722 4558 861 4616; x_wconf 86' lang='lat' dir='ltr'><strong>hanc</strong></span> <span class='ocrx_word' id='word_1_408' title='bbox 887 4555 1124 4628; x_wconf 85' lang='lat' dir='ltr'><strong>potuisse</strong></span> <span class='ocrx_word' id='word_1_409' title='bbox 1149 4558 1216 4612; x_wconf 87' lang='lat' dir='ltr'><strong>ab</strong></span> <span class='ocrx_word' id='word_1_410' title='bbox 1234 4555 1420 4627; x_wconf 85' lang='lat' dir='ltr'><strong>aliquo</strong></span> <span class='ocrx_word' id='word_1_411' title='bbox 1447 4555 1809 4616; x_wconf 72' lang='lat' dir='ltr'><strong>inferri.&#39;l‘tun</strong></span> 
     </span>
    </p>
   </div>
   <div class='ocr_carea' id='block_1_63' title="bbox 235 4625 1811 4704">
    <p class='ocr_par' dir='ltr' id='par_1_63' title="bbox 235 4625 1811 4704">
     <span class='ocr_line' id='line_1_63' title="bbox 235 4625 1811 4704; baseline 0.003 -24"><span class='ocrx_word' id='word_1_412' title='bbox 235 4633 396 4704; x_wconf 71' lang='lat' dir='ltr'><strong>notas</strong></span> <span class='ocrx_word' id='word_1_413' title='bbox 427 4625 835 4704; x_wconf 80' lang='lat' dir='ltr'><strong>chronologicas</strong></span> <span class='ocrx_word' id='word_1_414' title='bbox 865 4625 919 4704; x_wconf 81' lang='lat' dir='ltr'><strong>in</strong></span> <span class='ocrx_word' id='word_1_415' title='bbox 947 4643 1174 4704; x_wconf 81' lang='lat' dir='ltr'><strong>examen</strong></span> <span class='ocrx_word' id='word_1_416' title='bbox 1202 4625 1470 4704; x_wconf 74' lang='lat' dir='ltr'><strong>revocavi.</strong></span> <span class='ocrx_word' id='word_1_417' title='bbox 1507 4629 1811 4704; x_wconf 75' lang='lat' dir='ltr'><strong>Datumest</strong></span> 
     </span>
    </p>
   </div>
   <div class='ocr_carea' id='block_1_64' title="bbox 235 4695 1809 4767">
    <p class='ocr_par' dir='ltr' id='par_1_64' title="bbox 235 4695 1809 4767">
     <span class='ocr_line' id='line_1_64' title="bbox 235 4695 1809 4767; baseline 0.003 -17"><span class='ocrx_word' id='word_1_418' title='bbox 235 4695 474 4762; x_wconf 87' lang='lat' dir='ltr'><strong>diploma</strong></span> <span class='ocrx_word' id='word_1_419' title='bbox 503 4695 817 4767; x_wconf 64' lang='lat' dir='ltr'><strong>annotet&#39;tio</strong></span> <span class='ocrx_word' id='word_1_420' title='bbox 846 4698 1042 4766; x_wconf 79' lang='lat' dir='ltr'><strong>decimo</strong></span> <span class='ocrx_word' id='word_1_421' title='bbox 1069 4709 1114 4754; x_wconf 88' lang='lat' dir='ltr'><strong>et</strong></span> <span class='ocrx_word' id='word_1_422' title='bbox 1152 4699 1550 4767; x_wconf 52' lang='lat' dir='ltr'><strong>septimoaqua:</strong></span> <span class='ocrx_word' id='word_1_423' title='bbox 1589 4700 1809 4766; x_wconf 84' lang='lat' dir='ltr'><strong>epoclta:</strong></span> 
     </span>
    </p>
   </div>
   <div class='ocr_carea' id='block_1_65' title="bbox 239 4766 1809 4839">
    <p class='ocr_par' dir='ltr' id='par_1_65' title="bbox 239 4766 1809 4839">
     <span class='ocr_line' id='line_1_65' title="bbox 239 4766 1809 4839; baseline 0.001 -18"><span class='ocrx_word' id='word_1_424' title='bbox 239 4775 353 4839; x_wconf 80' lang='lat' dir='ltr'><strong>tum</strong></span> <span class='ocrx_word' id='word_1_425' title='bbox 372 4767 532 4839; x_wconf 75' lang='lat' dir='ltr'><strong>regni</strong></span> <span class='ocrx_word' id='word_1_426' title='bbox 563 4766 920 4839; x_wconf 80' lang='lat' dir='ltr'><strong>Francorum.</strong></span> <span class='ocrx_word' id='word_1_427' title='bbox 963 4780 1074 4824; x_wconf 89' lang='lat' dir='ltr'><strong>tum</strong></span> <span class='ocrx_word' id='word_1_428' title='bbox 1105 4766 1256 4839; x_wconf 88' lang='lat' dir='ltr'><strong>regni</strong></span> <span class='ocrx_word' id='word_1_429' title='bbox 1298 4766 1770 4839; x_wconf 84' lang='lat' dir='ltr'><strong>Langobardorum</strong></span> <span class='ocrx_word' id='word_1_430' title='bbox 1793 4810 1809 4835; x_wconf 94' lang='lat'><strong>,</strong></span> 
     </span>
    </p>
   </div>
   <div class='ocr_carea' id='block_1_66' title="bbox 236 4836 1812 4908">
    <p class='ocr_par' dir='ltr' id='par_1_66' title="bbox 236 4836 1812 4908">
     <span class='ocr_line' id='line_1_66' title="bbox 236 4836 1812 4908; baseline 0.001 -15"><span class='ocrx_word' id='word_1_431' title='bbox 236 4836 342 4908; x_wconf 83' lang='lat' dir='ltr'><strong>rite</strong></span> <span class='ocrx_word' id='word_1_432' title='bbox 370 4836 602 4891; x_wconf 88' lang='lat' dir='ltr'><strong>indicant</strong></span> <span class='ocrx_word' id='word_1_433' title='bbox 628 4853 824 4894; x_wconf 90' lang='lat' dir='ltr'><strong>annum</strong></span> <span class='ocrx_word' id='word_1_434' title='bbox 855 4837 951 4894; x_wconf 83' lang='grc'><strong>781</strong></span> <span class='ocrx_word' id='word_1_435' title='bbox 980 4879 997 4906; x_wconf 83' lang='grc'><strong><em>,</em></strong></span> <span class='ocrx_word' id='word_1_436' title='bbox 1029 4854 1134 4908; x_wconf 93' lang='lat' dir='ltr'><strong>quo</strong></span> <span class='ocrx_word' id='word_1_437' title='bbox 1173 4836 1390 4908; x_wconf 82' lang='lat' dir='ltr'><strong>quidem</strong></span> <span class='ocrx_word' id='word_1_438' title='bbox 1419 4836 1594 4904; x_wconf 78' lang='lat' dir='ltr'><strong>anno,</strong></span> <span class='ocrx_word' id='word_1_439' title='bbox 1628 4854 1692 4892; x_wconf 89' lang='lat' dir='ltr'><strong>ac</strong></span> <span class='ocrx_word' id='word_1_440' title='bbox 1717 4841 1812 4894; x_wconf 75' lang='grc' dir='ltr'><strong>,Ιη-</strong></span> 
     </span>
    </p>
   </div>
   <div class='ocr_carea' id='block_1_67' title="bbox 237 4906 1810 4979">
    <p class='ocr_par' dir='ltr' id='par_1_67' title="bbox 237 4906 1810 4979">
     <span class='ocr_line' id='line_1_67' title="bbox 237 4906 1810 4979; baseline 0.003 -19"><span class='ocrx_word' id='word_1_441' title='bbox 237 4906 333 4961; x_wconf 90' lang='lat' dir='ltr'><strong>nio</strong></span> <span class='ocrx_word' id='word_1_442' title='bbox 379 4921 572 4979; x_wconf 81' lang='lat' dir='ltr'><strong>mense</strong></span> <span class='ocrx_word' id='word_1_443' title='bbox 612 4923 802 4976; x_wconf 73' lang='lat' dir='ltr'><strong>reapse</strong></span> <span class='ocrx_word' id='word_1_444' title='bbox 846 4906 1068 4967; x_wconf 81' lang='lat' dir='ltr'><strong>Carolus</strong></span> <span class='ocrx_word' id='word_1_445' title='bbox 1111 4906 1328 4979; x_wconf 77' lang='lat' dir='ltr'><strong>Magnus</strong></span> <span class='ocrx_word' id='word_1_446' title='bbox 1357 4909 1528 4963; x_wconf 88' lang='lat' dir='ltr'><strong>Ticini</strong></span> <span class='ocrx_word' id='word_1_447' title='bbox 1568 4918 1810 4966; x_wconf 89' lang='lat' dir='ltr'><strong>versatus</strong></span> 
     </span>
    </p>
   </div>
   <div class='ocr_carea' id='block_1_68' title="bbox 234 4977 1810 5049">
    <p class='ocr_par' dir='ltr' id='par_1_68' title="bbox 234 4977 1810 5049">
     <span class='ocr_line' id='line_1_68' title="bbox 234 4977 1810 5049; baseline 0.003 -17"><span class='ocrx_word' id='word_1_448' title='bbox 234 4986 342 5032; x_wconf 84' lang='lat' dir='ltr'><strong>est.</strong></span> <span class='ocrx_word' id='word_1_449' title='bbox 376 4979 531 5044; x_wconf 81' lang='lat' dir='ltr'><strong>Atqui</strong></span> <span class='ocrx_word' id='word_1_450' title='bbox 563 4977 676 5046; x_wconf 90' lang='lat' dir='ltr'><strong>ipso</strong></span> <span class='ocrx_word' id='word_1_451' title='bbox 705 4994 849 5034; x_wconf 89' lang='lat' dir='ltr'><strong>anno</strong></span> <span class='ocrx_word' id='word_1_452' title='bbox 877 4977 1432 5041; x_wconf 51' lang='lat' dir='ltr'><strong>decurrebat&#39;indictio</strong></span> <span class='ocrx_word' id='word_1_453' title='bbox 1459 4990 1645 5049; x_wconf 89' lang='lat' dir='ltr'><strong>quarta</strong></span> <span class='ocrx_word' id='word_1_454' title='bbox 1673 4995 1692 5034; x_wconf 92' lang='lat'><strong><em>:</em></strong></span> <span class='ocrx_word' id='word_1_455' title='bbox 1723 4980 1810 5038; x_wconf 83' lang='lat' dir='ltr'><strong>hic</strong></span> 
     </span>
    </p>
   </div>
   <div class='ocr_carea' id='block_1_69' title="bbox 237 5049 1808 5118">
    <p class='ocr_par' dir='ltr' id='par_1_69' title="bbox 237 5049 1808 5118">
     <span class='ocr_line' id='line_1_69' title="bbox 237 5049 1808 5118; baseline 0.003 -16"><span class='ocrx_word' id='word_1_456' title='bbox 237 5062 372 5102; x_wconf 89' lang='lat' dir='ltr'><strong>vero</strong></span> <span class='ocrx_word' id='word_1_457' title='bbox 401 5049 638 5118; x_wconf 88' lang='lat' dir='ltr'><strong>signatur</strong></span> <span class='ocrx_word' id='word_1_458' title='bbox 664 5050 879 5105; x_wconf 79' lang='lat' dir='ltr'><strong>indictio</strong></span> <span class='ocrx_word' id='word_1_459' title='bbox 908 5051 1104 5106; x_wconf 81' lang='lat' dir='ltr'><strong>decima</strong></span> <span class='ocrx_word' id='word_1_460' title='bbox 1134 5066 1152 5113; x_wconf 89' lang='lat'><em>;</em></span> <span class='ocrx_word' id='word_1_461' title='bbox 1181 5066 1340 5118; x_wconf 87' lang='lat' dir='ltr'><strong>quem</strong></span> <span class='ocrx_word' id='word_1_462' title='bbox 1385 5065 1627 5106; x_wconf 90' lang='lat' dir='ltr'><strong>errorem</strong></span> <span class='ocrx_word' id='word_1_463' title='bbox 1670 5065 1808 5106; x_wconf 87' lang='lat' dir='ltr'><strong>con-</strong></span> 
     </span>
    </p>
   </div>
   <div class='ocr_carea' id='block_1_70' title="bbox 235 5120 1809 5188">
    <p class='ocr_par' dir='ltr' id='par_1_70' title="bbox 235 5120 1809 5188">
     <span class='ocr_line' id='line_1_70' title="bbox 235 5120 1809 5188; baseline 0.002 -16"><span class='ocrx_word' id='word_1_464' title='bbox 235 5132 473 5186; x_wconf 87' lang='lat' dir='ltr'><strong>coquere</strong></span> <span class='ocrx_word' id='word_1_465' title='bbox 502 5120 650 5174; x_wconf 93' lang='lat' dir='ltr'><strong>nullo</strong></span> <span class='ocrx_word' id='word_1_466' title='bbox 681 5132 834 5188; x_wconf 83' lang='lat' dir='ltr'><strong>pacto</strong></span> <span class='ocrx_word' id='word_1_467' title='bbox 862 5121 1055 5187; x_wconf 82' lang='lat' dir='ltr'><strong>p0ssis.</strong></span> <span class='ocrx_word' id='word_1_468' title='bbox 1088 5123 1165 5174; x_wconf 88' lang='lat' dir='ltr'><strong>Ad</strong></span> <span class='ocrx_word' id='word_1_469' title='bbox 1199 5123 1315 5176; x_wconf 56' lang='lat' dir='ltr'><strong>haec</strong></span> <span class='ocrx_word' id='word_1_470' title='bbox 1343 5122 1542 5176; x_wconf 86' lang='lat' dir='ltr'><strong>diserte</strong></span> <span class='ocrx_word' id='word_1_471' title='bbox 1573 5122 1643 5175; x_wconf 90' lang='lat' dir='ltr'><strong>ibi</strong></span> <span class='ocrx_word' id='word_1_472' title='bbox 1676 5125 1809 5175; x_wconf 87' lang='lat' dir='ltr'><strong>scri-</strong></span> 
     </span>
    </p>
   </div>
   <div class='ocr_carea' id='block_1_71' title="bbox 235 5189 1810 5262">
    <p class='ocr_par' dir='ltr' id='par_1_71' title="bbox 235 5189 1810 5262">
     <span class='ocr_line' id='line_1_71' title="bbox 235 5189 1810 5262; baseline 0.004 -22"><span class='ocrx_word' id='word_1_473' title='bbox 235 5198 399 5262; x_wconf 83' lang='lat' dir='ltr'><strong>ptum</strong></span> <span class='ocrx_word' id='word_1_474' title='bbox 439 5198 536 5262; x_wconf 76' lang='lat' dir='ltr'><strong>est</strong></span> <span class='ocrx_word' id='word_1_475' title='bbox 571 5189 1073 5261; x_wconf 69' lang='lat' dir='ltr'><strong>Langobardorum;</strong></span> <span class='ocrx_word' id='word_1_476' title='bbox 1105 5193 1246 5262; x_wconf 91' lang='lat' dir='ltr'><strong>quod</strong></span> <span class='ocrx_word' id='word_1_477' title='bbox 1280 5189 1498 5256; x_wconf 75' lang='lat' dir='ltr'><strong>nescio,</strong></span> <span class='ocrx_word' id='word_1_478' title='bbox 1549 5208 1616 5246; x_wconf 86' lang='lat' dir='ltr'><strong>an</strong></span> <span class='ocrx_word' id='word_1_479' title='bbox 1669 5192 1810 5247; x_wconf 90' lang='lat' dir='ltr'><strong>inter</strong></span> 
     </span>
    </p>
   </div>
   <div class='ocr_carea' id='block_1_72' title="bbox 236 5258 1810 5330">
    <p class='ocr_par' dir='ltr' id='par_1_72' title="bbox 236 5258 1810 5330">
     <span class='ocr_line' id='line_1_72' title="bbox 236 5258 1810 5330; baseline 0.003 -17"><span class='ocrx_word' id='word_1_480' title='bbox 236 5258 464 5330; x_wconf 76' lang='lat' dir='ltr'><strong>mendas</strong></span> <span class='ocrx_word' id='word_1_481' title='bbox 493 5260 566 5314; x_wconf 89' lang='lat' dir='ltr'><strong>sit</strong></span> <span class='ocrx_word' id='word_1_482' title='bbox 595 5258 957 5316; x_wconf 78' lang='lat' dir='ltr'><strong>rei‘érendum.</strong></span> <span class='ocrx_word' id='word_1_483' title='bbox 997 5258 1178 5316; x_wconf 82' lang='lat' dir='ltr'><strong>Dicam</strong></span> <span class='ocrx_word' id='word_1_484' title='bbox 1210 5271 1419 5325; x_wconf 86' lang='lat' dir='ltr'><strong>tamen,</strong></span> <span class='ocrx_word' id='word_1_485' title='bbox 1454 5265 1508 5316; x_wconf 92' lang='lat' dir='ltr'><strong>in</strong></span> <span class='ocrx_word' id='word_1_486' title='bbox 1540 5262 1810 5330; x_wconf 82' lang='lat' dir='ltr'><strong>germanis</strong></span> 
     </span>
    </p>
   </div>
   <div class='ocr_carea' id='block_1_73' title="bbox 236 5327 1808 5402">
    <p class='ocr_par' dir='ltr' id='par_1_73' title="bbox 236 5327 1808 5402">
     <span class='ocr_line' id='line_1_73' title="bbox 236 5327 1808 5402; baseline 0.006 -22"><span class='ocrx_word' id='word_1_487' title='bbox 236 5327 406 5402; x_wconf 75' lang='lat' dir='ltr'><strong>aliis,‘</strong></span> <span class='ocrx_word' id='word_1_488' title='bbox 427 5344 547 5402; x_wconf 77' lang='lat' dir='ltr'><strong>qua:</strong></span> <span class='ocrx_word' id='word_1_489' title='bbox 579 5330 800 5388; x_wconf 90' lang='lat' dir='ltr'><strong>viderim</strong></span> <span class='ocrx_word' id='word_1_490' title='bbox 821 5371 836 5397; x_wconf 88' lang='lat'><strong>,</strong></span> <span class='ocrx_word' id='word_1_491' title='bbox 866 5331 1043 5396; x_wconf 83' lang='lat' dir='ltr'><strong>Caroli</strong></span> <span class='ocrx_word' id='word_1_492' title='bbox 1082 5334 1255 5402; x_wconf 75' lang='lat' dir='ltr'><strong>Magni</strong></span> <span class='ocrx_word' id='word_1_493' title='bbox 1282 5327 1589 5401; x_wconf 82' lang='lat' dir='ltr'><strong>diplomatis</strong></span> <span class='ocrx_word' id='word_1_494' title='bbox 1618 5333 1808 5389; x_wconf 82' lang='lat' dir='ltr'><strong>haberi</strong></span> 
     </span>
    </p>
   </div>
   <div class='ocr_carea' id='block_1_74' title="bbox 236 5397 1808 5480">
    <p class='ocr_par' dir='ltr' id='par_1_74' title="bbox 236 5397 1808 5480">
     <span class='ocr_line' id='line_1_74' title="bbox 236 5397 1808 5480; baseline 0.006 -30"><span class='ocrx_word' id='word_1_495' title='bbox 236 5397 717 5480; x_wconf 55' lang='lat' dir='ltr'><strong>Euagobardorum.</strong></span> <span class='ocrx_word' id='word_1_496' title='bbox 776 5404 1082 5480; x_wconf 72' lang='lat' dir='ltr'><strong>Diplomata</strong></span> <span class='ocrx_word' id='word_1_497' title='bbox 1105 5397 1320 5480; x_wconf 76' lang='lat' dir='ltr'><strong>inquam</strong></span> <span class='ocrx_word' id='word_1_498' title='bbox 1343 5397 1528 5480; x_wconf 57' lang='lat' dir='ltr'><strong>&#39;Caroli</strong></span> <span class='ocrx_word' id='word_1_499' title='bbox 1557 5422 1569 5456; x_wconf 92' lang='lat'><strong>:</strong></span> <span class='ocrx_word' id='word_1_500' title='bbox 1602 5419 1724 5480; x_wconf 73' lang='lat' dir='ltr'><strong>nam</strong></span> <span class='ocrx_word' id='word_1_501' title='bbox 1755 5403 1808 5459; x_wconf 87' lang='lat' dir='ltr'><strong>in</strong></span> 
     </span>
    </p>
   </div>
   <div class='ocr_carea' id='block_1_75' title="bbox 234 5471 1811 5549">
    <p class='ocr_par' dir='ltr' id='par_1_75' title="bbox 234 5471 1811 5549">
     <span class='ocr_line' id='line_1_75' title="bbox 234 5471 1811 5549; baseline 0.003 -25"><span class='ocrx_word' id='word_1_502' title='bbox 234 5471 362 5549; x_wconf 75' lang='lat' dir='ltr'><strong>aliis</strong></span> <span class='ocrx_word' id='word_1_503' title='bbox 390 5486 634 5549; x_wconf 65' lang='lat' dir='ltr'><strong>veterum</strong></span> <span class='ocrx_word' id='word_1_504' title='bbox 659 5471 1421 5549; x_wconf 57' lang='lat' dir='ltr'><strong>monumentisboagobardos</strong></span> <span class='ocrx_word' id='word_1_505' title='bbox 1460 5475 1621 5549; x_wconf 80' lang='lat' dir='ltr'><strong>etiam</strong></span> <span class='ocrx_word' id='word_1_506' title='bbox 1664 5474 1811 5549; x_wconf 69' lang='lat' dir='ltr'><strong>inve-</strong></span> 
     </span>
    </p>
   </div>
   <div class='ocr_carea' id='block_1_76' title="bbox 236 5542 1806 5605">
    <p class='ocr_par' dir='ltr' id='par_1_76' title="bbox 236 5542 1806 5605">
     <span class='ocr_line' id='line_1_76' title="bbox 236 5542 1806 5605; baseline 0.003 -11"><span class='ocrx_word' id='word_1_507' title='bbox 236 5542 376 5605; x_wconf 82' lang='lat' dir='ltr'><strong>nias,</strong></span> <span class='ocrx_word' id='word_1_508' title='bbox 402 5543 475 5596; x_wconf 91' lang='lat' dir='ltr'><strong>uti</strong></span> <span class='ocrx_word' id='word_1_509' title='bbox 499 5542 553 5596; x_wconf 92' lang='lat' dir='ltr'><strong>in</strong></span> <span class='ocrx_word' id='word_1_510' title='bbox 579 5543 962 5601; x_wconf 87' lang='lat' dir='ltr'><strong>Dissertatione</strong></span> <span class='ocrx_word' id='word_1_511' title='bbox 993 5561 1087 5600; x_wconf 78' lang='lat' dir='ltr'><strong>xxi</strong></span> <span class='ocrx_word' id='word_1_512' title='bbox 1115 5542 1180 5598; x_wconf 79' lang='lat' dir='ltr'><strong>de</strong></span> <span class='ocrx_word' id='word_1_513' title='bbox 1201 5544 1354 5598; x_wconf 78' lang='lat' dir='ltr'><strong>Statu</strong></span> <span class='ocrx_word' id='word_1_514' title='bbox 1379 5543 1550 5600; x_wconf 62' lang='lat' dir='ltr'><strong>Italia</strong></span> <span class='ocrx_word' id='word_1_515' title='bbox 1573 5545 1806 5601; x_wconf 85' lang='lat' dir='ltr'><strong>ostendi.</strong></span> 
     </span>
    </p>
   </div>
   <div class='ocr_carea' id='block_1_77' title="bbox 233 5609 1809 5690">
    <p class='ocr_par' dir='ltr' id='par_1_77' title="bbox 233 5609 1809 5690">
     <span class='ocr_line' id='line_1_77' title="bbox 233 5609 1809 5690; baseline 0.003 -24"><span class='ocrx_word' id='word_1_516' title='bbox 233 5609 445 5690; x_wconf 71' lang='lat' dir='ltr'><strong>Minuta</strong></span> <span class='ocrx_word' id='word_1_517' title='bbox 487 5617 603 5690; x_wconf 81' lang='lat' dir='ltr'><strong>ba:_c</strong></span> <span class='ocrx_word' id='word_1_518' title='bbox 630 5616 814 5690; x_wconf 81' lang='lat' dir='ltr'><strong>_etiatn_</strong></span> <span class='ocrx_word' id='word_1_519' title='bbox 842 5616 1125 5690; x_wconf 77' lang='lat' dir='ltr'><strong>diligenter</strong></span> <span class='ocrx_word' id='word_1_520' title='bbox 1170 5614 1640 5690; x_wconf 78' lang='lat' dir='ltr'><strong>animadvertenda</strong></span> <span class='ocrx_word' id='word_1_521' title='bbox 1686 5630 1809 5690; x_wconf 78' lang='lat' dir='ltr'><strong>esse</strong></span> 
     </span>
    </p>
   </div>
   <div class='ocr_carea' id='block_1_78' title="bbox 234 5681 1810 5755">
    <p class='ocr_par' dir='ltr' id='par_1_78' title="bbox 234 5681 1810 5755">
     <span class='ocr_line' id='line_1_78' title="bbox 234 5681 1810 5755; baseline 0.008 -23"><span class='ocrx_word' id='word_1_522' title='bbox 234 5682 424 5755; x_wconf 79' lang='lat' dir='ltr'><strong>critica</strong></span> <span class='ocrx_word' id='word_1_523' title='bbox 451 5699 539 5738; x_wconf 88' lang='lat' dir='ltr'><strong>ars</strong></span> <span class='ocrx_word' id='word_1_524' title='bbox 565 5681 735 5753; x_wconf 83' lang='lat' dir='ltr'><strong>jubet.</strong></span> <span class='ocrx_word' id='word_1_525' title='bbox 783 5687 890 5742; x_wconf 87' lang='lat' dir='ltr'><strong>Sed</strong></span> <span class='ocrx_word' id='word_1_526' title='bbox 935 5681 1078 5755; x_wconf 78' lang='lat' dir='ltr'><strong>quod</strong></span> <span class='ocrx_word' id='word_1_527' title='bbox 1127 5686 1360 5741; x_wconf 86' lang='lat' dir='ltr'><strong>tatudem</strong></span> <span class='ocrx_word' id='word_1_528' title='bbox 1408 5687 1553 5742; x_wconf 88' lang='lat' dir='ltr'><strong>nulla</strong></span> <span class='ocrx_word' id='word_1_529' title='bbox 1598 5686 1810 5744; x_wconf 86' lang='lat' dir='ltr'><strong>ratione</strong></span> 
     </span>
    </p>
   </div>
   <div class='ocr_carea' id='block_1_79' title="bbox 236 5753 1808 5826">
    <p class='ocr_par' dir='ltr' id='par_1_79' title="bbox 236 5753 1808 5826">
     <span class='ocr_line' id='line_1_79' title="bbox 236 5753 1808 5826; baseline 0.006 -22"><span class='ocrx_word' id='word_1_530' title='bbox 236 5753 477 5826; x_wconf 72' lang='lat' dir='ltr'><strong>dealbari</strong></span> <span class='ocrx_word' id='word_1_531' title='bbox 526 5765 733 5821; x_wconf 84' lang='lat' dir='ltr'><strong>potest,</strong></span> <span class='ocrx_word' id='word_1_532' title='bbox 774 5753 1008 5826; x_wconf 85' lang='lat' dir='ltr'><strong>mihique</strong></span> <span class='ocrx_word' id='word_1_533' title='bbox 1049 5769 1320 5825; x_wconf 87' lang='lat' dir='ltr'><strong>postremo</strong></span> <span class='ocrx_word' id='word_1_534' title='bbox 1360 5760 1660 5824; x_wconf 84' lang='lat' dir='ltr'><strong>persuasit,</strong></span> <span class='ocrx_word' id='word_1_535' title='bbox 1703 5773 1808 5813; x_wconf 90' lang='lat' dir='ltr'><strong>non</strong></span> 
     </span>
    </p>
   </div>
   <div class='ocr_carea' id='block_1_80' title="bbox 239 5821 1808 5900">
    <p class='ocr_par' dir='ltr' id='par_1_80' title="bbox 239 5821 1808 5900">
     <span class='ocr_line' id='line_1_80' title="bbox 239 5821 1808 5900; baseline 0.005 -24"><span class='ocrx_word' id='word_1_536' title='bbox 239 5821 316 5877; x_wconf 85' lang='lat' dir='ltr'><strong>de</strong></span> <span class='ocrx_word' id='word_1_537' title='bbox 341 5822 600 5896; x_wconf 87' lang='lat' dir='ltr'><strong>legitimo,</strong></span> <span class='ocrx_word' id='word_1_538' title='bbox 629 5830 723 5884; x_wconf 86' lang='lat' dir='ltr'><strong>sed</strong></span> <span class='ocrx_word' id='word_1_539' title='bbox 770 5828 838 5884; x_wconf 86' lang='lat' dir='ltr'><strong>de</strong></span> <span class='ocrx_word' id='word_1_540' title='bbox 880 5821 1066 5898; x_wconf 71' lang='lat' dir='ltr'><strong>spurio</strong></span> <span class='ocrx_word' id='word_1_541' title='bbox 1112 5821 1400 5897; x_wconf 76' lang='lat' dir='ltr'><strong>diplomate</strong></span> <span class='ocrx_word' id='word_1_542' title='bbox 1450 5828 1534 5885; x_wconf 89' lang='lat' dir='ltr'><strong>hic</strong></span> <span class='ocrx_word' id='word_1_543' title='bbox 1583 5821 1702 5900; x_wconf 82' lang='lat' dir='ltr'><strong>agi,</strong></span> <span class='ocrx_word' id='word_1_544' title='bbox 1745 5843 1808 5885; x_wconf 87' lang='lat' dir='ltr'><strong>ea</strong></span> 
     </span>
    </p>
   </div>
   <div class='ocr_carea' id='block_1_81' title="bbox 1907 1933 3486 1994">
    <p class='ocr_par' dir='ltr' id='par_1_81' title="bbox 1907 1933 3486 1994">
     <span class='ocr_line' id='line_1_81' title="bbox 1907 1933 3486 1994; baseline -0.004 -1"><span class='ocrx_word' id='word_1_545' title='bbox 1907 1938 2122 1994; x_wconf 88' lang='lat' dir='ltr'><strong>nomine</strong></span> <span class='ocrx_word' id='word_1_546' title='bbox 2144 1953 2264 1993; x_wconf 88' lang='lat' dir='ltr'><strong>cum</strong></span> <span class='ocrx_word' id='word_1_547' title='bbox 2287 1953 2476 1992; x_wconf 88' lang='lat' dir='ltr'><strong>omnes</strong></span> <span class='ocrx_word' id='word_1_548' title='bbox 2511 1936 2671 1992; x_wconf 81' lang='lat' dir='ltr'><strong>fretus</strong></span> <span class='ocrx_word' id='word_1_549' title='bbox 2699 1948 2984 1990; x_wconf 86' lang='lat' dir='ltr'><strong>concessas</strong></span> <span class='ocrx_word' id='word_1_550' title='bbox 3016 1933 3194 1990; x_wconf 84' lang='lat' dir='ltr'><strong>valeat</strong></span> <span class='ocrx_word' id='word_1_551' title='bbox 3217 1948 3486 1988; x_wconf 88' lang='lat' dir='ltr'><strong>memora-</strong></span> 
     </span>
    </p>
   </div>
   <div class='ocr_carea' id='block_1_82' title="bbox 1905 2025 3491 2105">
    <p class='ocr_par' dir='ltr' id='par_1_82' title="bbox 1905 2025 3491 2105">
     <span class='ocr_line' id='line_1_82' title="bbox 1905 2025 3491 2105; baseline -0.004 -20"><span class='ocrx_word' id='word_1_552' title='bbox 1905 2039 1990 2092; x_wconf 85' lang='lat' dir='ltr'><strong>tus</strong></span> <span class='ocrx_word' id='word_1_553' title='bbox 2020 2030 2324 2105; x_wconf 89' lang='lat' dir='ltr'><strong>episc0pus,</strong></span> <span class='ocrx_word' id='word_1_554' title='bbox 2350 2029 2542 2096; x_wconf 67' lang='lat' dir='ltr'><strong>suique</strong></span> <span class='ocrx_word' id='word_1_555' title='bbox 2577 2041 2924 2082; x_wconf 88' lang='lat' dir='ltr'><strong>successores</strong></span> <span class='ocrx_word' id='word_1_556' title='bbox 2959 2025 3216 2095; x_wconf 84' lang='lat' dir='ltr'><strong>omnique</strong></span> <span class='ocrx_word' id='word_1_557' title='bbox 3246 2033 3491 2093; x_wconf 84' lang='lat' dir='ltr'><strong>tempore</strong></span> 
     </span>
    </p>
   </div>
   <div class='ocr_carea' id='block_1_83' title="bbox 1903 2117 3497 2199">
    <p class='ocr_par' dir='ltr' id='par_1_83' title="bbox 1903 2117 3497 2199">
     <span class='ocr_line' id='line_1_83' title="bbox 1903 2117 3497 2199; baseline -0.006 -19"><span class='ocrx_word' id='word_1_558' title='bbox 1903 2126 2069 2199; x_wconf 89' lang='lat' dir='ltr'><strong>quieti</strong></span> <span class='ocrx_word' id='word_1_559' title='bbox 2096 2125 2299 2187; x_wconf 85' lang='lat' dir='ltr'><strong>vivere,</strong></span> <span class='ocrx_word' id='word_1_560' title='bbox 2347 2137 2410 2178; x_wconf 92' lang='lat' dir='ltr'><strong>ac</strong></span> <span class='ocrx_word' id='word_1_561' title='bbox 2439 2121 2713 2188; x_wconf 87' lang='lat' dir='ltr'><strong>resedere,</strong></span> <span class='ocrx_word' id='word_1_562' title='bbox 2746 2131 3010 2192; x_wconf 85' lang='lat' dir='ltr'><strong>quatenus</strong></span> <span class='ocrx_word' id='word_1_563' title='bbox 3042 2121 3233 2175; x_wconf 88' lang='lat' dir='ltr'><strong>melius</strong></span> <span class='ocrx_word' id='word_1_564' title='bbox 3261 2117 3497 2174; x_wconf 89' lang='lat' dir='ltr'><strong>delectet</strong></span> 
     </span>
    </p>
   </div>
   <div class='ocr_carea' id='block_1_84' title="bbox 1905 2209 3495 2287">
    <p class='ocr_par' dir='ltr' id='par_1_84' title="bbox 1905 2209 3495 2287">
     <span class='ocr_line' id='line_1_84' title="bbox 1905 2209 3495 2287; baseline -0.006 -15"><span class='ocrx_word' id='word_1_565' title='bbox 1905 2217 2050 2287; x_wconf 90' lang='lat' dir='ltr'><strong>ipsos</strong></span> <span class='ocrx_word' id='word_1_566' title='bbox 2073 2229 2258 2271; x_wconf 87' lang='lat' dir='ltr'><strong>servos</strong></span> <span class='ocrx_word' id='word_1_567' title='bbox 2284 2214 2523 2278; x_wconf 89' lang='lat' dir='ltr'><strong>Domini,</strong></span> <span class='ocrx_word' id='word_1_568' title='bbox 2547 2213 2635 2281; x_wconf 86' lang='lat' dir='ltr'><strong>qui</strong></span> <span class='ocrx_word' id='word_1_569' title='bbox 2667 2212 2862 2268; x_wconf 87' lang='lat' dir='ltr'><strong>ibidem</strong></span> <span class='ocrx_word' id='word_1_570' title='bbox 2891 2212 3000 2267; x_wconf 88' lang='lat' dir='ltr'><strong>Deo</strong></span> <span class='ocrx_word' id='word_1_571' title='bbox 3023 2211 3284 2266; x_wconf 84' lang='lat' dir='ltr'><strong>ianmlarc</strong></span> <span class='ocrx_word' id='word_1_572' title='bbox 3307 2209 3495 2264; x_wconf 87' lang='lat' dir='ltr'><strong>viden-</strong></span> 
     </span>
    </p>
   </div>
   <div class='ocr_carea' id='block_1_85' title="bbox 1905 2299 3487 2378">
    <p class='ocr_par' dir='ltr' id='par_1_85' title="bbox 1905 2299 3487 2378">
     <span class='ocr_line' id='line_1_85' title="bbox 1905 2299 3487 2378; baseline -0.006 -14"><span class='ocrx_word' id='word_1_573' title='bbox 1905 2317 2012 2375; x_wconf 88' lang='lat' dir='ltr'><strong>tur,</strong></span> <span class='ocrx_word' id='word_1_574' title='bbox 2063 2321 2160 2378; x_wconf 91' lang='lat' dir='ltr'><strong>pro</strong></span> <span class='ocrx_word' id='word_1_575' title='bbox 2186 2305 2372 2371; x_wconf 87' lang='lat' dir='ltr'><strong>nobis,</strong></span> <span class='ocrx_word' id='word_1_576' title='bbox 2423 2305 2715 2375; x_wconf 83' lang='lat' dir='ltr'><strong>uxorique,</strong></span> <span class='ocrx_word' id='word_1_577' title='bbox 2763 2312 2945 2358; x_wconf 87' lang='lat' dir='ltr'><strong>nostra</strong></span> <span class='ocrx_word' id='word_1_578' title='bbox 2985 2303 3145 2357; x_wconf 91' lang='lat' dir='ltr'><strong>etiam</strong></span> <span class='ocrx_word' id='word_1_579' title='bbox 3197 2300 3347 2370; x_wconf 92' lang='lat' dir='ltr'><strong>prole</strong></span> <span class='ocrx_word' id='word_1_580' title='bbox 3377 2299 3487 2359; x_wconf 88' lang='lat' dir='ltr'><strong>Do-</strong></span> 
     </span>
    </p>
   </div>
   <div class='ocr_carea' id='block_1_86' title="bbox 1905 2391 3486 2467">
    <p class='ocr_par' dir='ltr' id='par_1_86' title="bbox 1905 2391 3486 2467">
     <span class='ocr_line' id='line_1_86' title="bbox 1905 2391 3486 2467; baseline -0.006 -11"><span class='ocrx_word' id='word_1_581' title='bbox 1905 2401 2032 2456; x_wconf 88' lang='lat' dir='ltr'><strong>mini</strong></span> <span class='ocrx_word' id='word_1_582' title='bbox 2073 2397 2491 2455; x_wconf 89' lang='lat' dir='ltr'><strong>misericordiam</strong></span> <span class='ocrx_word' id='word_1_583' title='bbox 2528 2395 2726 2467; x_wconf 86' lang='lat' dir='ltr'><strong>jugiter</strong></span> <span class='ocrx_word' id='word_1_584' title='bbox 2751 2403 2995 2451; x_wconf 85' lang='lat' dir='ltr'><strong>exorent.</strong></span> <span class='ocrx_word' id='word_1_585' title='bbox 3049 2392 3113 2448; x_wconf 85' lang='lat' dir='ltr'><strong>Et</strong></span> <span class='ocrx_word' id='word_1_586' title='bbox 3152 2391 3210 2447; x_wconf 86' lang='lat' dir='ltr'><strong>ut</strong></span> <span class='ocrx_word' id='word_1_587' title='bbox 3237 2391 3350 2447; x_wconf 69' lang='lat' dir='ltr'><strong>haec</strong></span> <span class='ocrx_word' id='word_1_588' title='bbox 3381 2391 3486 2446; x_wconf 61' lang='lat' dir='ltr'><strong>imo</strong></span> 
     </span>
    </p>
   </div>
   <div class='ocr_carea' id='block_1_87' title="bbox 1905 2482 3492 2553">
    <p class='ocr_par' dir='ltr' id='par_1_87' title="bbox 1905 2482 3492 2553">
     <span class='ocr_line' id='line_1_87' title="bbox 1905 2482 3492 2553; baseline -0.009 -3"><span class='ocrx_word' id='word_1_589' title='bbox 1905 2494 2137 2550; x_wconf 87' lang='lat' dir='ltr'><strong>munitas</strong></span> <span class='ocrx_word' id='word_1_590' title='bbox 2177 2491 2378 2547; x_wconf 84' lang='lat' dir='ltr'><strong>firmior</strong></span> <span class='ocrx_word' id='word_1_591' title='bbox 2425 2489 2706 2552; x_wconf 86' lang='lat' dir='ltr'><strong>habeatur,</strong></span> <span class='ocrx_word' id='word_1_592' title='bbox 2751 2496 2807 2543; x_wconf 91' lang='lat' dir='ltr'><strong>et</strong></span> <span class='ocrx_word' id='word_1_593' title='bbox 2847 2484 3118 2541; x_wconf 88' lang='lat' dir='ltr'><strong>diuturnis</strong></span> <span class='ocrx_word' id='word_1_594' title='bbox 3161 2482 3492 2553; x_wconf 87' lang='lat' dir='ltr'><strong>temporibus</strong></span> 
     </span>
    </p>
   </div>
   <div class='ocr_carea' id='block_1_88' title="bbox 1907 2574 3490 2647">
    <p class='ocr_par' dir='ltr' id='par_1_88' title="bbox 1907 2574 3490 2647">
     <span class='ocr_line' id='line_1_88' title="bbox 1907 2574 3490 2647; baseline -0.006 -7"><span class='ocrx_word' id='word_1_595' title='bbox 1907 2585 2097 2640; x_wconf 89' lang='lat' dir='ltr'><strong>melius</strong></span> <span class='ocrx_word' id='word_1_596' title='bbox 2137 2591 2508 2647; x_wconf 80' lang='lat' dir='ltr'><strong>censervetur,</strong></span> <span class='ocrx_word' id='word_1_597' title='bbox 2550 2595 2739 2636; x_wconf 90' lang='lat' dir='ltr'><strong>manus</strong></span> <span class='ocrx_word' id='word_1_598' title='bbox 2769 2589 2964 2634; x_wconf 80' lang='lat' dir='ltr'><strong>nostra:</strong></span> <span class='ocrx_word' id='word_1_599' title='bbox 3001 2574 3490 2646; x_wconf 88' lang='lat' dir='ltr'><strong>subscriptionibus</strong></span> 
     </span>
    </p>
   </div>
   <div class='ocr_carea' id='block_1_89' title="bbox 1906 2667 3484 2742">
    <p class='ocr_par' dir='ltr' id='par_1_89' title="bbox 1906 2667 3484 2742">
     <span class='ocr_line' id='line_1_89' title="bbox 1906 2667 3484 2742; baseline -0.007 -9"><span class='ocrx_word' id='word_1_600' title='bbox 1906 2679 2088 2734; x_wconf 85' lang='lat' dir='ltr'><strong>subter</strong></span> <span class='ocrx_word' id='word_1_601' title='bbox 2114 2677 2274 2733; x_wconf 88' lang='lat' dir='ltr'><strong>etiam</strong></span> <span class='ocrx_word' id='word_1_602' title='bbox 2305 2675 2710 2742; x_wconf 74' lang='lat' dir='ltr'><strong>adnotavimus,</strong></span> <span class='ocrx_word' id='word_1_603' title='bbox 2750 2681 2806 2730; x_wconf 91' lang='lat' dir='ltr'><strong>et</strong></span> <span class='ocrx_word' id='word_1_604' title='bbox 2833 2672 2900 2742; x_wconf 82' lang='lat' dir='ltr'><strong>de</strong></span> <span class='ocrx_word' id='word_1_605' title='bbox 2929 2667 3484 2742; x_wconf 65' lang='lat' dir='ltr'><strong>anulo,n_ostrosigjl-</strong></span> 
     </span>
    </p>
   </div>
   <div class='ocr_carea' id='block_1_90' title="bbox 1907 2768 2319 2838">
    <p class='ocr_par' dir='ltr' id='par_1_90' title="bbox 1907 2768 2319 2838">
     <span class='ocr_line' id='line_1_90' title="bbox 1907 2768 2319 2838; baseline -0.007 -14"><span class='ocrx_word' id='word_1_606' title='bbox 1907 2770 2018 2824; x_wconf 89' lang='lat' dir='ltr'><strong>lare</strong></span> <span class='ocrx_word' id='word_1_607' title='bbox 2041 2768 2319 2838; x_wconf 87' lang='lat' dir='ltr'><strong>jussimus.</strong></span> 
     </span>
    </p>
   </div>
   <div class='ocr_carea' id='block_1_91' title="bbox 1979 2854 3064 2932">
    <p class='ocr_par' dir='ltr' id='par_1_91' title="bbox 1979 2854 3064 2932">
     <span class='ocr_line' id='line_1_91' title="bbox 1979 2854 3064 2932; baseline -0.001 -17"><span class='ocrx_word' id='word_1_608' title='bbox 1979 2861 2197 2929; x_wconf 87' lang='lat' dir='ltr'><strong>Signum</strong></span> <span class='ocrx_word' id='word_1_609' title='bbox 2227 2858 2268 2932; x_wconf 59' lang='lat'><strong>1:</strong></span> <span class='ocrx_word' id='word_1_610' title='bbox 2295 2857 2472 2914; x_wconf 91' lang='lat' dir='ltr'><strong>Caroli</strong></span> <span class='ocrx_word' id='word_1_611' title='bbox 2503 2854 2872 2928; x_wconf 77' lang='lat' dir='ltr'><strong>gloriosissimi</strong></span> <span class='ocrx_word' id='word_1_612' title='bbox 2901 2855 3064 2928; x_wconf 78' lang='lat' dir='ltr'><strong>regis.</strong></span> 
     </span>
    </p>
   </div>
   <div class='ocr_carea' id='block_1_92' title="bbox 1979 2937 3197 3017">
    <p class='ocr_par' dir='ltr' id='par_1_92' title="bbox 1979 2937 3197 3017">
     <span class='ocr_line' id='line_1_92' title="bbox 1979 2937 3197 3017; baseline -0.001 -11"><span class='ocrx_word' id='word_1_613' title='bbox 1979 2937 2273 3006; x_wconf 86' lang='lat' dir='ltr'><strong>Gilibertus</strong></span> <span class='ocrx_word' id='word_1_614' title='bbox 2297 2949 2362 3003; x_wconf 91' lang='lat' dir='ltr'><strong>ad</strong></span> <span class='ocrx_word' id='word_1_615' title='bbox 2391 2949 2621 3004; x_wconf 90' lang='lat' dir='ltr'><strong>invicem</strong></span> <span class='ocrx_word' id='word_1_616' title='bbox 2651 2947 2857 3004; x_wconf 81' lang='lat' dir='ltr'><strong>Radoni</strong></span> <span class='ocrx_word' id='word_1_617' title='bbox 2887 2945 3197 3017; x_wconf 82' lang='lat' dir='ltr'><strong>recognovi.</strong></span> 
     </span>
    </p>
   </div>
   <div class='ocr_carea' id='block_1_93' title="bbox 1979 3036 3442 3104">
    <p class='ocr_par' dir='ltr' id='par_1_93' title="bbox 1979 3036 3442 3104">
     <span class='ocr_line' id='line_1_93' title="bbox 1979 3036 3442 3104; baseline -0.002 -7"><span class='ocrx_word' id='word_1_618' title='bbox 1979 3043 2110 3097; x_wconf 87' lang='lat' dir='ltr'><strong>Data</strong></span> <span class='ocrx_word' id='word_1_619' title='bbox 2141 3044 2194 3096; x_wconf 92' lang='lat' dir='ltr'><strong>in</strong></span> <span class='ocrx_word' id='word_1_620' title='bbox 2227 3055 2410 3096; x_wconf 87' lang='lat' dir='ltr'><strong>mense</strong></span> <span class='ocrx_word' id='word_1_621' title='bbox 2435 3040 2596 3104; x_wconf 77' lang='lat' dir='ltr'><strong>.Iunio</strong></span> <span class='ocrx_word' id='word_1_622' title='bbox 2623 3040 2709 3096; x_wconf 87' lang='lat' dir='ltr'><strong>die</strong></span> <span class='ocrx_word' id='word_1_623' title='bbox 2737 3051 2926 3097; x_wconf 85' lang='lat' dir='ltr'><strong>octavo</strong></span> <span class='ocrx_word' id='word_1_624' title='bbox 2957 3039 3009 3094; x_wconf 91' lang='lat' dir='ltr'><strong>in</strong></span> <span class='ocrx_word' id='word_1_625' title='bbox 3040 3054 3183 3092; x_wconf 84' lang='lat' dir='ltr'><strong>anno</strong></span> <span class='ocrx_word' id='word_1_626' title='bbox 3213 3036 3360 3101; x_wconf 72' lang='lat' dir='ltr'><strong>i381</strong></span> <span class='ocrx_word' id='word_1_627' title='bbox 3387 3039 3442 3100; x_wconf 49' lang='lat'><strong>7..</strong></span> 
     </span>
    </p>
   </div>
   <div class='ocr_carea' id='block_1_94' title="bbox 1975 3131 3347 3205">
    <p class='ocr_par' dir='ltr' id='par_1_94' title="bbox 1975 3131 3347 3205">
     <span class='ocr_line' id='line_1_94' title="bbox 1975 3131 3347 3205; baseline -0.007 -12"><span class='ocrx_word' id='word_1_628' title='bbox 1975 3136 2166 3201; x_wconf 84' lang='lat' dir='ltr'><strong>Actum</strong></span> <span class='ocrx_word' id='word_1_629' title='bbox 2193 3134 2372 3205; x_wconf 71' lang='lat' dir='ltr'><strong>Papia:</strong></span> <span class='ocrx_word' id='word_1_630' title='bbox 2399 3134 2615 3190; x_wconf 83' lang='lat' dir='ltr'><strong>civitate</strong></span> <span class='ocrx_word' id='word_1_631' title='bbox 2644 3135 2696 3189; x_wconf 93' lang='lat' dir='ltr'><strong>in</strong></span> <span class='ocrx_word' id='word_1_632' title='bbox 2726 3133 2820 3190; x_wconf 89' lang='lat' dir='ltr'><strong>Dei</strong></span> <span class='ocrx_word' id='word_1_633' title='bbox 2849 3133 3071 3189; x_wconf 88' lang='lat' dir='ltr'><strong>nomine</strong></span> <span class='ocrx_word' id='word_1_634' title='bbox 3097 3131 3347 3188; x_wconf 88' lang='lat' dir='ltr'><strong>feliciter.</strong></span> 
     </span>
    </p>
   </div>
   <div class='ocr_carea' id='block_1_95' title="bbox 2644 3239 2758 3296">
    <p class='ocr_par' dir='ltr' id='par_1_95' title="bbox 2644 3239 2758 3296">
     <span class='ocr_line' id='line_1_95' title="bbox 2644 3239 2758 3296; baseline 0.018 -2"><span class='ocrx_word' id='word_1_635' title='bbox 2644 3239 2758 3296; x_wconf 79' lang='lat' dir='ltr'><strong>VII.</strong></span> 
     </span>
    </p>
   </div>
   <div class='ocr_carea' id='block_1_96' title="bbox 1905 3330 3493 3420">
    <p class='ocr_par' dir='ltr' id='par_1_96' title="bbox 1905 3330 3493 3420">
     <span class='ocr_line' id='line_1_96' title="bbox 1905 3330 3493 3420; baseline -0.006 -28"><span class='ocrx_word' id='word_1_636' title='bbox 1905 3331 2079 3420; x_wconf 59' lang='lat' dir='ltr'><strong>Caroli</strong></span> <span class='ocrx_word' id='word_1_637' title='bbox 2096 3331 2559 3420; x_wconf 41' lang='lat' dir='ltr'><strong>.Magniaiploma</strong></span> <span class='ocrx_word' id='word_1_638' title='bbox 2575 3341 2637 3420; x_wconf 30' lang='grc' dir='ltr'><strong>οἱ</strong></span> <span class='ocrx_word' id='word_1_639' title='bbox 2654 3347 2743 3420; x_wconf 66' lang='lat' dir='ltr'><strong>per</strong></span> <span class='ocrx_word' id='word_1_640' title='bbox 2770 3333 2918 3415; x_wconf 63' lang='lat' dir='ltr'><strong>quod</strong></span> <span class='ocrx_word' id='word_1_641' title='bbox 2934 3331 3222 3415; x_wconf 69' lang='lat' dir='ltr'><strong>Apollinari</strong></span> <span class='ocrx_word' id='word_1_642' title='bbox 3249 3330 3493 3420; x_wconf 56' lang='lat' dir='ltr'><strong>episcopo</strong></span> 
     </span>
    </p>
   </div>
   <div class='ocr_carea' id='block_1_97' title="bbox 1978 3403 3494 3545">
    <p class='ocr_par' dir='ltr' id='par_1_97' title="bbox 1978 3403 3494 3545">
     <span class='ocr_line' id='line_1_97' title="bbox 1979 3403 3494 3475; baseline -0.004 -16"><span class='ocrx_word' id='word_1_643' title='bbox 1979 3403 2238 3475; x_wconf 76' lang='lat' dir='ltr'><strong>llcgiensi,</strong></span> <span class='ocrx_word' id='word_1_644' title='bbox 2266 3403 2480 3474; x_wconf 73' lang='lat' dir='ltr'><strong>e‘usque</strong></span> <span class='ocrx_word' id='word_1_645' title='bbox 2507 3403 2750 3470; x_wconf 71' lang='lat' dir='ltr'><strong>ecclesiw,</strong></span> <span class='ocrx_word' id='word_1_646' title='bbox 2780 3403 2952 3457; x_wconf 85' lang='lat' dir='ltr'><strong>omnia</strong></span> <span class='ocrx_word' id='word_1_647' title='bbox 2983 3405 3102 3474; x_wconf 80' lang='lat' dir='ltr'><strong>iura</strong></span> <span class='ocrx_word' id='word_1_648' title='bbox 3133 3419 3193 3457; x_wconf 90' lang='lat' dir='ltr'><strong>ac</strong></span> <span class='ocrx_word' id='word_1_649' title='bbox 3223 3403 3494 3473; x_wconf 82' lang='lat' dir='ltr'><strong>privilegia</strong></span> 
     </span>
     <span class='ocr_line' id='line_1_98' title="bbox 1978 3425 2612 3545; baseline 0.003 -16"><span class='ocrx_word' id='word_1_650' title='bbox 1978 3476 2244 3545; x_wconf 75' lang='lat' dir='ltr'><strong>conﬁrmat</strong></span> <span class='ocrx_word' id='word_1_651' title='bbox 2275 3425 2432 3545; x_wconf 50' lang='lat' dir='ltr'><strong>(anno</strong></span> <span class='ocrx_word' id='word_1_652' title='bbox 2460 3473 2612 3541; x_wconf 74' lang='lat'><strong>78!).</strong></span> 
     </span>
    </p>
   </div>
   <div class='ocr_carea' id='block_1_98' title="bbox 2065 3587 3344 3653">
    <p class='ocr_par' dir='ltr' id='par_1_98' title="bbox 2065 3587 3344 3653">
     <span class='ocr_line' id='line_1_99' title="bbox 2065 3587 3344 3653; baseline -0.001 -15"><span class='ocrx_word' id='word_1_653' title='bbox 2065 3588 2158 3651; x_wconf 85' lang='lat' dir='ltr'><strong>(Ex</strong></span> <span class='ocrx_word' id='word_1_654' title='bbox 2187 3588 2470 3651; x_wconf 72' lang='lat' dir='ltr'><strong>Muratorio,</strong></span> <span class='ocrx_word' id='word_1_655' title='bbox 2496 3587 2825 3651; x_wconf 77' lang='lat' dir='ltr'><strong>Antiquitates</strong></span> <span class='ocrx_word' id='word_1_656' title='bbox 2849 3587 3036 3641; x_wconf 62' lang='lat' dir='ltr'><strong>ltaiictE</strong></span> <span class='ocrx_word' id='word_1_657' title='bbox 3068 3590 3201 3640; x_wconf 88' lang='lat' dir='ltr'><strong>med.</strong></span> <span class='ocrx_word' id='word_1_658' title='bbox 3225 3589 3344 3653; x_wconf 62' lang='grc' dir='ltr'><strong>ων.)</strong></span> 
     </span>
    </p>
   </div>
   <div class='ocr_carea' id='block_1_99' title="bbox 1979 3671 3489 3747">
    <p class='ocr_par' dir='ltr' id='par_1_99' title="bbox 1979 3671 3489 3747">
     <span class='ocr_line' id='line_1_100' title="bbox 1979 3671 3489 3747; baseline -0.001 -17"><span class='ocrx_word' id='word_1_659' title='bbox 1979 3671 2205 3730; x_wconf 91' lang='lat' dir='ltr'><strong>Carolus</strong></span> <span class='ocrx_word' id='word_1_660' title='bbox 2233 3675 2401 3747; x_wconf 89' lang='lat' dir='ltr'><strong>gratia</strong></span> <span class='ocrx_word' id='word_1_661' title='bbox 2433 3672 2528 3729; x_wconf 89' lang='lat' dir='ltr'><strong>Dei</strong></span> <span class='ocrx_word' id='word_1_662' title='bbox 2576 3688 2669 3730; x_wconf 88' lang='lat' dir='ltr'><strong>rex</strong></span> <span class='ocrx_word' id='word_1_663' title='bbox 2710 3673 3039 3730; x_wconf 81' lang='lat' dir='ltr'><strong>Francorum</strong></span> <span class='ocrx_word' id='word_1_664' title='bbox 3082 3682 3139 3731; x_wconf 90' lang='lat' dir='ltr'><strong>et</strong></span> <span class='ocrx_word' id='word_1_665' title='bbox 3181 3673 3489 3744; x_wconf 84' lang='lat' dir='ltr'><strong>Lougobar-</strong></span> 
     </span>
    </p>
   </div>
   <div class='ocr_carea' id='block_1_100' title="bbox 1913 3851 3500 3922">
    <p class='ocr_par' dir='ltr' id='par_1_100' title="bbox 1913 3851 3500 3922">
     <span class='ocr_line' id='line_1_101' title="bbox 1913 3851 3500 3922; baseline -0.002 -15"><span class='ocrx_word' id='word_1_666' title='bbox 1913 3852 2135 3908; x_wconf 85' lang='lat' dir='ltr'><strong>formula</strong></span> <span class='ocrx_word' id='word_1_667' title='bbox 2167 3852 2379 3908; x_wconf 87' lang='lat' dir='ltr'><strong>dicendi</strong></span> <span class='ocrx_word' id='word_1_668' title='bbox 2412 3861 2497 3910; x_wconf 89' lang='lat' dir='ltr'><strong>est</strong></span> <span class='ocrx_word' id='word_1_669' title='bbox 2526 3872 2536 3907; x_wconf 91' lang='lat'><strong>:</strong></span> <span class='ocrx_word' id='word_1_670' title='bbox 2571 3853 2625 3907; x_wconf 87' lang='lat' dir='ltr'><strong>id</strong></span> <span class='ocrx_word' id='word_1_671' title='bbox 2654 3855 2804 3907; x_wconf 76' lang='lat' dir='ltr'><strong>nobis</strong></span> <span class='ocrx_word' id='word_1_672' title='bbox 2829 3855 2901 3906; x_wconf 83' lang='lat' dir='ltr'><strong>ad</strong></span> <span class='ocrx_word' id='word_1_673' title='bbox 2923 3853 3216 3922; x_wconf 76' lang='lat' dir='ltr'><strong>augustah&#39;s</strong></span> <span class='ocrx_word' id='word_1_674' title='bbox 3239 3851 3500 3906; x_wconf 73' lang='lat' dir='ltr'><strong>excellen-</strong></span> 
     </span>
    </p>
   </div>
   <div class='ocr_carea' id='block_1_101' title="bbox 1913 3923 3499 3993">
    <p class='ocr_par' dir='ltr' id='par_1_101' title="bbox 1913 3923 3499 3993">
     <span class='ocr_line' id='line_1_102' title="bbox 1913 3923 3499 3993; baseline -0.001 -15"><span class='ocrx_word' id='word_1_675' title='bbox 1913 3925 1999 3978; x_wconf 83' lang='lat' dir='ltr'><strong>tia:</strong></span> <span class='ocrx_word' id='word_1_676' title='bbox 2026 3924 2226 3979; x_wconf 82' lang='lat' dir='ltr'><strong>culmen</strong></span> <span class='ocrx_word' id='word_1_677' title='bbox 2257 3924 2506 3993; x_wconf 80' lang='lat' dir='ltr'><strong>proﬁcere</strong></span> <span class='ocrx_word' id='word_1_678' title='bbox 2534 3924 2816 3982; x_wconf 62' lang='lat' dir='ltr'><strong>credimus.</strong></span> <span class='ocrx_word' id='word_1_679' title='bbox 2843 3924 3032 3978; x_wconf 87' lang='lat' dir='ltr'><strong>Datum</strong></span> <span class='ocrx_word' id='word_1_680' title='bbox 3077 3932 3162 3976; x_wconf 89' lang='lat' dir='ltr'><strong>est</strong></span> <span class='ocrx_word' id='word_1_681' title='bbox 3199 3923 3434 3990; x_wconf 89' lang='lat' dir='ltr'><strong>diploma</strong></span> <span class='ocrx_word' id='word_1_682' title='bbox 3467 3937 3499 3977; x_wconf 89' lang='lat' dir='ltr'><strong>a</strong></span> 
     </span>
    </p>
   </div>
   <div class='ocr_carea' id='block_1_102' title="bbox 1913 3993 3493 4063">
    <p class='ocr_par' dir='ltr' id='par_1_102' title="bbox 1913 3993 3493 4063">
     <span class='ocr_line' id='line_1_103' title="bbox 1913 3993 3493 4063; baseline -0.004 -13"><span class='ocrx_word' id='word_1_683' title='bbox 1913 3995 2142 4060; x_wconf 82' lang='lat' dir='ltr'><strong>Carolo,</strong></span> <span class='ocrx_word' id='word_1_684' title='bbox 2180 4009 2346 4063; x_wconf 91' lang='lat' dir='ltr'><strong>quum</strong></span> <span class='ocrx_word' id='word_1_685' title='bbox 2390 4009 2492 4050; x_wconf 78' lang='lat' dir='ltr'><strong>rex</strong></span> <span class='ocrx_word' id='word_1_686' title='bbox 2540 3994 2909 4049; x_wconf 85' lang='lat' dir='ltr'><strong>tantummodo</strong></span> <span class='ocrx_word' id='word_1_687' title='bbox 2951 3993 3129 4063; x_wconf 82' lang='lat' dir='ltr'><strong>foret,</strong></span> <span class='ocrx_word' id='word_1_688' title='bbox 3156 4007 3223 4063; x_wconf 84' lang='lat' dir='ltr'><strong>ac</strong></span> <span class='ocrx_word' id='word_1_689' title='bbox 3264 3994 3493 4046; x_wconf 81' lang='lat' dir='ltr'><strong>fortasse</strong></span> 
     </span>
    </p>
   </div>
   <div class='ocr_carea' id='block_1_103' title="bbox 1916 4061 3501 4133">
    <p class='ocr_par' dir='ltr' id='par_1_103' title="bbox 1916 4061 3501 4133">
     <span class='ocr_line' id='line_1_104' title="bbox 1916 4061 3501 4133; baseline -0.002 -13"><span class='ocrx_word' id='word_1_690' title='bbox 1916 4075 2041 4120; x_wconf 91' lang='lat' dir='ltr'><strong>tunc</strong></span> <span class='ocrx_word' id='word_1_691' title='bbox 2069 4080 2137 4120; x_wconf 91' lang='lat' dir='ltr'><strong>ne</strong></span> <span class='ocrx_word' id='word_1_692' title='bbox 2164 4061 2433 4133; x_wconf 71' lang='lat' dir='ltr'><strong>cogitabat</strong></span> <span class='ocrx_word' id='word_1_693' title='bbox 2456 4064 2672 4133; x_wconf 86' lang='lat' dir='ltr'><strong>quidem</strong></span> <span class='ocrx_word' id='word_1_694' title='bbox 2697 4063 2767 4119; x_wconf 88' lang='lat' dir='ltr'><strong>de</strong></span> <span class='ocrx_word' id='word_1_695' title='bbox 2789 4063 3055 4133; x_wconf 85' lang='lat' dir='ltr'><strong>augustali</strong></span> <span class='ocrx_word' id='word_1_696' title='bbox 3081 4061 3343 4131; x_wconf 90' lang='lat' dir='ltr'><strong>dignitate</strong></span> <span class='ocrx_word' id='word_1_697' title='bbox 3368 4078 3501 4118; x_wconf 87' lang='lat' dir='ltr'><strong>con-</strong></span> 
     </span>
    </p>
   </div>
   <div class='ocr_carea' id='block_1_104' title="bbox 1916 4133 3501 4206">
    <p class='ocr_par' dir='ltr' id='par_1_104' title="bbox 1916 4133 3501 4206">
     <span class='ocr_line' id='line_1_105' title="bbox 1916 4133 3501 4206; baseline -0.003 -16"><span class='ocrx_word' id='word_1_698' title='bbox 1916 4137 2208 4206; x_wconf 87' lang='lat' dir='ltr'><strong>sequenda.</strong></span> <span class='ocrx_word' id='word_1_699' title='bbox 2240 4133 2380 4189; x_wconf 81' lang='lat' dir='ltr'><strong>Fieri</strong></span> <span class='ocrx_word' id='word_1_700' title='bbox 2411 4150 2540 4204; x_wconf 89' lang='lat' dir='ltr'><strong>ergo</strong></span> <span class='ocrx_word' id='word_1_701' title='bbox 2569 4150 2674 4188; x_wconf 92' lang='lat' dir='ltr'><strong>non</strong></span> <span class='ocrx_word' id='word_1_702' title='bbox 2705 4135 2906 4206; x_wconf 80' lang='lat' dir='ltr'><strong>potuit,</strong></span> <span class='ocrx_word' id='word_1_703' title='bbox 2941 4134 3071 4206; x_wconf 66' lang='lat' dir='ltr'><strong>utis</strong></span> <span class='ocrx_word' id='word_1_704' title='bbox 3101 4142 3355 4206; x_wconf 75' lang='lat' dir='ltr'><strong>tanquam</strong></span> <span class='ocrx_word' id='word_1_705' title='bbox 3398 4133 3501 4186; x_wconf 87' lang='lat' dir='ltr'><strong>im-</strong></span> 
     </span>
    </p>
   </div>
   <div class='ocr_carea' id='block_1_105' title="bbox 1915 4202 3499 4278">
    <p class='ocr_par' dir='ltr' id='par_1_105' title="bbox 1915 4202 3499 4278">
     <span class='ocr_line' id='line_1_106' title="bbox 1915 4202 3499 4278; baseline -0.002 -18"><span class='ocrx_word' id='word_1_706' title='bbox 1915 4202 2121 4278; x_wconf 69' lang='lat' dir='ltr'><strong>perator</strong></span> <span class='ocrx_word' id='word_1_707' title='bbox 2147 4202 2497 4278; x_wconf 51' lang='lat' dir='ltr'><strong>loqueretur;</strong></span> <span class='ocrx_word' id='word_1_708' title='bbox 2519 4218 2691 4278; x_wconf 79' lang='lat' dir='ltr'><strong>neque</strong></span> <span class='ocrx_word' id='word_1_709' title='bbox 2710 4202 2716 4203; x_wconf 49' lang='grc'><strong>“</strong></span> <span class='ocrx_word' id='word_1_710' title='bbox 2732 4203 2956 4278; x_wconf 82' lang='lat' dir='ltr'><strong>formam</strong></span> <span class='ocrx_word' id='word_1_711' title='bbox 2988 4202 3228 4278; x_wconf 28' lang='lat' dir='ltr'><strong>dicendi:</strong></span> <span class='ocrx_word' id='word_1_712' title='bbox 3245 4216 3499 4278; x_wconf 84' lang='lat' dir='ltr'><strong>usurpas-</strong></span> 
     </span>
    </p>
   </div>
   <div class='ocr_carea' id='block_1_106' title="bbox 1914 4272 3495 4346">
    <p class='ocr_par' dir='ltr' id='par_1_106' title="bbox 1914 4272 3495 4346">
     <span class='ocr_line' id='line_1_107' title="bbox 1914 4272 3495 4346; baseline -0.003 -15"><span class='ocrx_word' id='word_1_713' title='bbox 1914 4272 2026 4342; x_wconf 79' lang='lat' dir='ltr'><strong>set,</strong></span> <span class='ocrx_word' id='word_1_714' title='bbox 2055 4272 2230 4346; x_wconf 85' lang='lat' dir='ltr'><strong>quam</strong></span> <span class='ocrx_word' id='word_1_715' title='bbox 2248 4285 2430 4346; x_wconf 91' lang='lat' dir='ltr'><strong>postea</strong></span> <span class='ocrx_word' id='word_1_716' title='bbox 2461 4273 2746 4346; x_wconf 82' lang='lat' dir='ltr'><strong>Lotharjus</strong></span> <span class='ocrx_word' id='word_1_717' title='bbox 2773 4274 2827 4339; x_wconf 87' lang='grc' dir='ltr'><strong>ι,</strong></span> <span class='ocrx_word' id='word_1_718' title='bbox 2857 4276 3126 4346; x_wconf 84' lang='lat' dir='ltr'><strong>Augustus</strong></span> <span class='ocrx_word' id='word_1_719' title='bbox 3156 4272 3276 4346; x_wconf 80' lang='lat' dir='ltr'><strong>ejus</strong></span> <span class='ocrx_word' id='word_1_720' title='bbox 3304 4277 3495 4344; x_wconf 84' lang='lat' dir='ltr'><strong>nepos,</strong></span> 
     </span>
    </p>
   </div>
   <div class='ocr_carea' id='block_1_107' title="bbox 1914 4344 3498 4416">
    <p class='ocr_par' dir='ltr' id='par_1_107' title="bbox 1914 4344 3498 4416">
     <span class='ocr_line' id='line_1_108' title="bbox 1914 4344 3498 4416; baseline -0.001 -15"><span class='ocrx_word' id='word_1_721' title='bbox 1914 4344 2110 4416; x_wconf 84' lang='lat' dir='ltr'><strong>aliique</strong></span> <span class='ocrx_word' id='word_1_722' title='bbox 2141 4344 2493 4414; x_wconf 85' lang='lat' dir='ltr'><strong>imperatores</strong></span> <span class='ocrx_word' id='word_1_723' title='bbox 2521 4345 2901 4416; x_wconf 86' lang='lat' dir='ltr'><strong>adhibuerunt.</strong></span> <span class='ocrx_word' id='word_1_724' title='bbox 2946 4344 3022 4400; x_wconf 69' lang='lat' dir='ltr'><strong>Ac</strong></span> <span class='ocrx_word' id='word_1_725' title='bbox 3054 4344 3278 4414; x_wconf 89' lang='lat' dir='ltr'><strong>proinde</strong></span> <span class='ocrx_word' id='word_1_726' title='bbox 3311 4359 3498 4400; x_wconf 89' lang='lat' dir='ltr'><strong>rursus</strong></span> 
     </span>
    </p>
   </div>
   <div class='ocr_carea' id='block_1_108' title="bbox 1916 4415 3494 4484">
    <p class='ocr_par' dir='ltr' id='par_1_108' title="bbox 1916 4415 3494 4484">
     <span class='ocr_line' id='line_1_109' title="bbox 1916 4415 3494 4484; baseline -0.002 -12"><span class='ocrx_word' id='word_1_727' title='bbox 1916 4415 2097 4472; x_wconf 81' lang='lat' dir='ltr'><strong>mirari</strong></span> <span class='ocrx_word' id='word_1_728' title='bbox 2129 4419 2310 4484; x_wconf 84' lang='lat' dir='ltr'><strong>subit,</strong></span> <span class='ocrx_word' id='word_1_729' title='bbox 2342 4426 2594 4484; x_wconf 60' lang='lat' dir='ltr'><strong>quietam</strong></span> <span class='ocrx_word' id='word_1_730' title='bbox 2625 4415 2835 4471; x_wconf 85' lang='lat' dir='ltr'><strong>diversa</strong></span> <span class='ocrx_word' id='word_1_731' title='bbox 2866 4429 2896 4470; x_wconf 88' lang='lat' dir='ltr'><strong>a</strong></span> <span class='ocrx_word' id='word_1_732' title='bbox 2927 4416 3100 4484; x_wconf 89' lang='lat' dir='ltr'><strong>primo</strong></span> <span class='ocrx_word' id='word_1_733' title='bbox 3128 4425 3344 4484; x_wconf 79' lang='lat' dir='ltr'><strong>aspectu</strong></span> <span class='ocrx_word' id='word_1_734' title='bbox 3377 4429 3494 4472; x_wconf 84' lang='lat' dir='ltr'><strong>sen-</strong></span> 
     </span>
    </p>
   </div>
   <div class='ocr_carea' id='block_1_109' title="bbox 1918 4485 3501 4555">
    <p class='ocr_par' dir='ltr' id='par_1_109' title="bbox 1918 4485 3501 4555">
     <span class='ocr_line' id='line_1_110' title="bbox 1918 4485 3501 4555; baseline -0.002 -12"><span class='ocrx_word' id='word_1_735' title='bbox 1918 4489 2080 4543; x_wconf 86' lang='lat' dir='ltr'><strong>tentia</strong></span> <span class='ocrx_word' id='word_1_736' title='bbox 2108 4489 2176 4542; x_wconf 92' lang='lat' dir='ltr'><strong>de</strong></span> <span class='ocrx_word' id='word_1_737' title='bbox 2207 4491 2308 4542; x_wconf 86' lang='lat' dir='ltr'><strong>hoc</strong></span> <span class='ocrx_word' id='word_1_738' title='bbox 2333 4487 2622 4555; x_wconf 88' lang='lat' dir='ltr'><strong>diplomate</strong></span> <span class='ocrx_word' id='word_1_739' title='bbox 2652 4496 2834 4543; x_wconf 86' lang='lat' dir='ltr'><strong>secuta</strong></span> <span class='ocrx_word' id='word_1_740' title='bbox 2865 4486 3049 4542; x_wconf 85' lang='lat' dir='ltr'><strong>fuerit.</strong></span> <span class='ocrx_word' id='word_1_741' title='bbox 3074 4486 3226 4554; x_wconf 86' lang='lat' dir='ltr'><strong>Quod</strong></span> <span class='ocrx_word' id='word_1_742' title='bbox 3254 4485 3342 4540; x_wconf 90' lang='lat' dir='ltr'><strong>ubi</strong></span> <span class='ocrx_word' id='word_1_743' title='bbox 3368 4499 3501 4541; x_wconf 85' lang='lat' dir='ltr'><strong>cun-</strong></span> 
     </span>
    </p>
   </div>
   <div class='ocr_carea' id='block_1_110' title="bbox 1844 4545 3495 4628">
    <p class='ocr_par' dir='ltr' id='par_1_110' title="bbox 1844 4545 3495 4628">
     <span class='ocr_line' id='line_1_111' title="bbox 1844 4545 3495 4628; baseline -0.002 -15"><span class='ocrx_word' id='word_1_744' title='bbox 1844 4545 1890 4606; x_wconf 83' lang='lat' dir='ltr'><strong>D</strong></span> <span class='ocrx_word' id='word_1_745' title='bbox 1915 4560 2096 4613; x_wconf 87' lang='lat' dir='ltr'><strong>fletum</strong></span> <span class='ocrx_word' id='word_1_746' title='bbox 2137 4569 2369 4623; x_wconf 88' lang='lat' dir='ltr'><strong>statuas,</strong></span> <span class='ocrx_word' id='word_1_747' title='bbox 2393 4545 2478 4628; x_wconf 58' lang='grc' dir='ltr'><strong>’ςιιὶ</strong></span> <span class='ocrx_word' id='word_1_748' title='bbox 2509 4573 2609 4628; x_wconf 89' lang='lat' dir='ltr'><strong>ego</strong></span> <span class='ocrx_word' id='word_1_749' title='bbox 2638 4567 2816 4613; x_wconf 90' lang='lat' dir='ltr'><strong>statuo</strong></span> <span class='ocrx_word' id='word_1_750' title='bbox 2834 4598 2850 4622; x_wconf 89' lang='lat'><strong>,</strong></span> <span class='ocrx_word' id='word_1_751' title='bbox 2884 4569 3034 4613; x_wconf 90' lang='lat' dir='ltr'><strong>certe</strong></span> <span class='ocrx_word' id='word_1_752' title='bbox 3061 4545 3343 4612; x_wconf 64' lang='lat' dir='ltr'><strong>dicendum</strong></span> <span class='ocrx_word' id='word_1_753' title='bbox 3377 4563 3495 4628; x_wconf 77' lang='lat' dir='ltr'><strong>est,</strong></span> 
     </span>
    </p>
   </div>
   <div class='ocr_carea' id='block_1_111' title="bbox 1916 4625 3500 4699">
    <p class='ocr_par' dir='ltr' id='par_1_111' title="bbox 1916 4625 3500 4699">
     <span class='ocr_line' id='line_1_112' title="bbox 1916 4625 3500 4699; baseline -0.003 -15"><span class='ocrx_word' id='word_1_754' title='bbox 1916 4629 2341 4685; x_wconf 83' lang='lat' dir='ltr'><strong>vetustissimum</strong></span> <span class='ocrx_word' id='word_1_755' title='bbox 2371 4625 2646 4698; x_wconf 76' lang='lat' dir='ltr'><strong>ejusmodi.</strong></span> <span class='ocrx_word' id='word_1_756' title='bbox 2668 4629 2979 4699; x_wconf 78' lang='lat' dir='ltr'><strong>figmentum</strong></span> <span class='ocrx_word' id='word_1_757' title='bbox 3012 4641 3131 4682; x_wconf 89' lang='lat' dir='ltr'><strong>esse</strong></span> <span class='ocrx_word' id='word_1_758' title='bbox 3160 4643 3174 4691; x_wconf 89' lang='lat'><strong>;</strong></span> <span class='ocrx_word' id='word_1_759' title='bbox 3205 4639 3276 4699; x_wconf 85' lang='lat' dir='ltr'><strong>ac_</strong></span> <span class='ocrx_word' id='word_1_760' title='bbox 3307 4625 3500 4699; x_wconf 57' lang='lat' dir='ltr'><strong>praei-</strong></span> 
     </span>
    </p>
   </div>
   <div class='ocr_carea' id='block_1_112' title="bbox 1913 4693 3496 4769">
    <p class='ocr_par' dir='ltr' id='par_1_112' title="bbox 1913 4693 3496 4769">
     <span class='ocr_line' id='line_1_113' title="bbox 1913 4693 3496 4769; baseline -0.004 -15"><span class='ocrx_word' id='word_1_761' title='bbox 1913 4715 2018 4767; x_wconf 89' lang='lat' dir='ltr'><strong>pue</strong></span> <span class='ocrx_word' id='word_1_762' title='bbox 2062 4715 2184 4755; x_wconf 90' lang='lat' dir='ltr'><strong>cum</strong></span> <span class='ocrx_word' id='word_1_763' title='bbox 2214 4701 2266 4754; x_wconf 93' lang='lat' dir='ltr'><strong>in</strong></span> <span class='ocrx_word' id='word_1_764' title='bbox 2296 4693 2448 4769; x_wconf 77' lang='lat' dir='ltr'><strong>tergo</strong></span> <span class='ocrx_word' id='word_1_765' title='bbox 2474 4693 2814 4769; x_wconf 62' lang='lat' dir='ltr'><strong>membra&#39;nze.</strong></span> <span class='ocrx_word' id='word_1_766' title='bbox 2839 4697 3150 4769; x_wconf 76' lang='lat' dir='ltr'><strong>charactere</strong></span> <span class='ocrx_word' id='word_1_767' title='bbox 3172 4693 3496 4769; x_wconf 70' lang='lat' dir='ltr'><strong>maiuscula,</strong></span> 
     </span>
    </p>
   </div>
   <div class='ocr_carea' id='block_1_113' title="bbox 1911 4766 3494 4840">
    <p class='ocr_par' dir='ltr' id='par_1_113' title="bbox 1911 4766 3494 4840">
     <span class='ocr_line' id='line_1_114' title="bbox 1911 4766 3494 4840; baseline -0.003 -16"><span class='ocrx_word' id='word_1_768' title='bbox 1911 4766 1966 4840; x_wconf 68' lang='lat' dir='ltr'><strong>et</strong></span> <span class='ocrx_word' id='word_1_769' title='bbox 2001 4781 2127 4824; x_wconf 91' lang='lat' dir='ltr'><strong>ante</strong></span> <span class='ocrx_word' id='word_1_770' title='bbox 2168 4771 2318 4840; x_wconf 87' lang='lat' dir='ltr'><strong>plura</strong></span> <span class='ocrx_word' id='word_1_771' title='bbox 2357 4766 2551 4824; x_wconf 66' lang='lat' dir='ltr'><strong>siecula</strong></span> <span class='ocrx_word' id='word_1_772' title='bbox 2599 4767 2889 4840; x_wconf 66' lang='lat' dir='ltr'><strong>efiormato</strong></span> <span class='ocrx_word' id='word_1_773' title='bbox 2929 4767 3220 4840; x_wconf 53' lang='lat' dir='ltr'><strong>scriptum“</strong></span> <span class='ocrx_word' id='word_1_774' title='bbox 3247 4766 3494 4840; x_wconf 70' lang='lat' dir='ltr'><strong>legatur;</strong></span> 
     </span>
    </p>
   </div>
   <div class='ocr_carea' id='block_1_114' title="bbox 1911 4835 3498 4909">
    <p class='ocr_par' dir='ltr' id='par_1_114' title="bbox 1911 4835 3498 4909">
     <span class='ocr_line' id='line_1_115' title="bbox 1911 4835 3498 4909; baseline -0.003 -14"><span class='ocrx_word' id='word_1_775' title='bbox 1911 4835 2524 4907; x_wconf 59' lang='lat' dir='ltr'><strong>Con/inia&#39;epixwpatus</strong></span> <span class='ocrx_word' id='word_1_776' title='bbox 2585 4837 2834 4909; x_wconf 62' lang='lat' dir='ltr'><strong>Regensis</strong></span> <span class='ocrx_word' id='word_1_777' title='bbox 2886 4839 3117 4909; x_wconf 75' lang='lat' dir='ltr'><strong>ejusdem</strong></span> <span class='ocrx_word' id='word_1_778' title='bbox 3175 4835 3362 4909; x_wconf 75' lang='lat' dir='ltr'><strong>Karoli</strong></span> <span class='ocrx_word' id='word_1_779' title='bbox 3425 4837 3498 4909; x_wconf 76' lang='lat' dir='ltr'><strong>ad</strong></span> 
     </span>
    </p>
   </div>
   <div class='ocr_carea' id='block_1_115' title="bbox 1912 4905 3494 4988">
    <p class='ocr_par' dir='ltr' id='par_1_115' title="bbox 1912 4905 3494 4988">
     <span class='ocr_line' id='line_1_116' title="bbox 1912 4905 3494 4988; baseline -0.003 -26"><span class='ocrx_word' id='word_1_780' title='bbox 1912 4905 2269 4980; x_wconf 80' lang='lat' dir='ltr'><strong>Apollenorent</strong></span> <span class='ocrx_word' id='word_1_781' title='bbox 2311 4905 2635 4988; x_wconf 47' lang='lat' dir='ltr'><strong>episcopum,</strong></span> <span class='ocrx_word' id='word_1_782' title='bbox 2663 4905 2711 4963; x_wconf 77' lang='lat' dir='ltr'><strong>et</strong></span> <span class='ocrx_word' id='word_1_783' title='bbox 2749 4908 2989 4988; x_wconf 71' lang='lat' dir='ltr'><strong>quicquid</strong></span> <span class='ocrx_word' id='word_1_784' title='bbox 3020 4907 3088 4988; x_wconf 67' lang='lat' dir='ltr'><strong>ad</strong></span> <span class='ocrx_word' id='word_1_785' title='bbox 3117 4905 3349 4988; x_wconf 56' lang='lat' dir='ltr'><strong>canitiem</strong></span> <span class='ocrx_word' id='word_1_786' title='bbox 3368 4907 3494 4988; x_wconf 54' lang='grc' dir='ltr'><strong>ερε-</strong></span> 
     </span>
    </p>
   </div>
   <div class='ocr_carea' id='block_1_116' title="bbox 1910 4974 3493 5048">
    <p class='ocr_par' dir='ltr' id='par_1_116' title="bbox 1910 4974 3493 5048">
     <span class='ocr_line' id='line_1_117' title="bbox 1910 4974 3493 5048; baseline -0.003 -14"><span class='ocrx_word' id='word_1_787' title='bbox 1910 4974 2177 5048; x_wconf 71' lang='lat' dir='ltr'><strong>scopulum</strong></span> <span class='ocrx_word' id='word_1_788' title='bbox 2201 4974 2444 5048; x_wconf 49' lang='lat' dir='ltr'><strong>pertinet.</strong></span> <span class='ocrx_word' id='word_1_789' title='bbox 2468 4974 2542 5032; x_wconf 88' lang='lat' dir='ltr'><strong>Ex</strong></span> <span class='ocrx_word' id='word_1_790' title='bbox 2571 4981 2672 5035; x_wconf 87' lang='lat' dir='ltr'><strong>hoc</strong></span> <span class='ocrx_word' id='word_1_791' title='bbox 2698 4974 2888 5032; x_wconf 47' lang='lat' dir='ltr'><strong>att&#39;tem&#39;</strong></span> <span class='ocrx_word' id='word_1_792' title='bbox 2907 4977 3187 5046; x_wconf 80' lang='lat' dir='ltr'><strong>privilegio</strong></span> <span class='ocrx_word' id='word_1_793' title='bbox 3217 4974 3493 5048; x_wconf 79' lang='lat' dir='ltr'><strong>Ughellius</strong></span> 
     </span>
    </p>
   </div>
   <div class='ocr_carea' id='block_1_117' title="bbox 1910 5046 3491 5120">
    <p class='ocr_par' dir='ltr' id='par_1_117' title="bbox 1910 5046 3491 5120">
     <span class='ocr_line' id='line_1_118' title="bbox 1910 5046 3491 5120; baseline -0.003 -16"><span class='ocrx_word' id='word_1_794' title='bbox 1910 5051 1976 5104; x_wconf 85' lang='lat' dir='ltr'><strong>ad</strong></span> <span class='ocrx_word' id='word_1_795' title='bbox 1999 5046 2217 5106; x_wconf 17' lang='lat' dir='ltr'><strong>tanntttn</strong></span> <span class='ocrx_word' id='word_1_796' title='bbox 2250 5050 2356 5104; x_wconf 79' lang='lat'><strong>780</strong></span> <span class='ocrx_word' id='word_1_797' title='bbox 2396 5047 2615 5120; x_wconf 74' lang='lat' dir='ltr'><strong>Petrum</strong></span> <span class='ocrx_word' id='word_1_798' title='bbox 2647 5052 2939 5120; x_wconf 81' lang='lat' dir='ltr'><strong>episcOpum</strong></span> <span class='ocrx_word' id='word_1_799' title='bbox 2979 5049 3157 5103; x_wconf 89' lang='lat' dir='ltr'><strong>intulit</strong></span> <span class='ocrx_word' id='word_1_800' title='bbox 3193 5048 3244 5102; x_wconf 87' lang='lat' dir='ltr'><strong>in</strong></span> <span class='ocrx_word' id='word_1_801' title='bbox 3284 5046 3491 5120; x_wconf 80' lang='lat' dir='ltr'><strong>catalo-</strong></span> 
     </span>
    </p>
   </div>
   <div class='ocr_carea' id='block_1_118' title="bbox 1909 5118 3493 5190">
    <p class='ocr_par' dir='ltr' id='par_1_118' title="bbox 1909 5118 3493 5190">
     <span class='ocr_line' id='line_1_119' title="bbox 1909 5118 3493 5190; baseline -0.003 -16"><span class='ocrx_word' id='word_1_802' title='bbox 1909 5136 2034 5189; x_wconf 87' lang='lat' dir='ltr'><strong>gmn</strong></span> <span class='ocrx_word' id='word_1_803' title='bbox 2060 5123 2437 5190; x_wconf 88' lang='lat' dir='ltr'><strong>episcoporum</strong></span> <span class='ocrx_word' id='word_1_804' title='bbox 2470 5118 2904 5184; x_wconf 43' lang='lat' dir='ltr'><strong>Bononienxiu&#39;m,</strong></span> <span class='ocrx_word' id='word_1_805' title='bbox 2941 5120 3140 5174; x_wconf 88' lang='lat' dir='ltr'><strong>oblitus</strong></span> <span class='ocrx_word' id='word_1_806' title='bbox 3188 5125 3369 5187; x_wconf 86' lang='lat' dir='ltr'><strong>postea</strong></span> <span class='ocrx_word' id='word_1_807' title='bbox 3409 5118 3493 5171; x_wconf 90' lang='lat' dir='ltr'><strong>al-</strong></span> 
     </span>
    </p>
   </div>
   <div class='ocr_carea' id='block_1_119' title="bbox 1913 5189 3495 5257">
    <p class='ocr_par' dir='ltr' id='par_1_119' title="bbox 1913 5189 3495 5257">
     <span class='ocr_line' id='line_1_120' title="bbox 1913 5189 3495 5257; baseline -0.003 -11"><span class='ocrx_word' id='word_1_808' title='bbox 1913 5189 2367 5257; x_wconf 36' lang='lat' dir='ltr'><strong>terum&#39;Retrum,</strong></span> <span class='ocrx_word' id='word_1_809' title='bbox 2405 5191 2490 5244; x_wconf 85' lang='lat' dir='ltr'><strong>hic</strong></span> <span class='ocrx_word' id='word_1_810' title='bbox 2540 5190 2720 5244; x_wconf 88' lang='lat' dir='ltr'><strong>itidem</strong></span> <span class='ocrx_word' id='word_1_811' title='bbox 2773 5200 3124 5245; x_wconf 90' lang='lat' dir='ltr'><strong>memoratum</strong></span> <span class='ocrx_word' id='word_1_812' title='bbox 3148 5231 3166 5256; x_wconf 95' lang='lat'><strong>,</strong></span> <span class='ocrx_word' id='word_1_813' title='bbox 3208 5201 3495 5257; x_wconf 77' lang='lat' dir='ltr'><strong>recensere</strong></span> 
     </span>
    </p>
   </div>
   <div class='ocr_carea' id='block_1_120' title="bbox 1911 5256 3495 5332">
    <p class='ocr_par' dir='ltr' id='par_1_120' title="bbox 1911 5256 3495 5332">
     <span class='ocr_line' id='line_1_121' title="bbox 1911 5256 3495 5332; baseline -0.004 -14"><span class='ocrx_word' id='word_1_814' title='bbox 1911 5263 2053 5318; x_wconf 92' lang='lat' dir='ltr'><strong>inter</strong></span> <span class='ocrx_word' id='word_1_815' title='bbox 2089 5263 2371 5332; x_wconf 89' lang='lat' dir='ltr'><strong>episcopos</strong></span> <span class='ocrx_word' id='word_1_816' title='bbox 2394 5261 2763 5332; x_wconf 19' lang='lat' dir='ltr'><strong>‘Parmrnses.</strong></span> <span class='ocrx_word' id='word_1_817' title='bbox 2795 5259 2989 5316; x_wconf 77' lang='lat' dir='ltr'><strong>Verum</strong></span> <span class='ocrx_word' id='word_1_818' title='bbox 3030 5256 3495 5332; x_wconf 84' lang='lat' dir='ltr'><strong>utriusque_Petri</strong></span> 
     </span>
    </p>
   </div>
   <div class='ocr_carea' id='block_1_121' title="bbox 1910 5329 3495 5406">
    <p class='ocr_par' dir='ltr' id='par_1_121' title="bbox 1910 5329 3495 5406">
     <span class='ocr_line' id='line_1_122' title="bbox 1910 5329 3495 5406; baseline -0.005 -16"><span class='ocrx_word' id='word_1_819' title='bbox 1910 5329 2192 5406; x_wconf 78' lang='lat' dir='ltr'><strong>existeniia</strong></span> <span class='ocrx_word' id='word_1_820' title='bbox 2231 5329 2986 5406; x_wconf 14' lang='lat' dir='ltr'><strong>e:diplomat‘e_p‘endet,_eui</strong></span> <span class='ocrx_word' id='word_1_821' title='bbox 3029 5331 3196 5406; x_wconf 79' lang='lat' dir='ltr'><strong>fidere</strong></span> <span class='ocrx_word' id='word_1_822' title='bbox 3226 5329 3495 5406; x_wconf 67' lang='lat' dir='ltr'><strong>quisnam</strong></span> 
     </span>
    </p>
   </div>
   <div class='ocr_carea' id='block_1_122' title="bbox 1910 5399 3494 5460">
    <p class='ocr_par' dir='ltr' id='par_1_122' title="bbox 1910 5399 3494 5460">
     <span class='ocr_line' id='line_1_123' title="bbox 1910 5399 3494 5460; baseline -0.004 -2"><span class='ocrx_word' id='word_1_823' title='bbox 1910 5403 2040 5458; x_wconf 90' lang='lat' dir='ltr'><strong>velit</strong></span> <span class='ocrx_word' id='word_1_824' title='bbox 2069 5419 2175 5460; x_wconf 88' lang='lat' dir='ltr'><strong>non</strong></span> <span class='ocrx_word' id='word_1_825' title='bbox 2206 5403 2384 5458; x_wconf 90' lang='lat' dir='ltr'><strong>video.</strong></span> <span class='ocrx_word' id='word_1_826' title='bbox 2411 5402 2486 5455; x_wconf 92' lang='lat' dir='ltr'><strong>ita</strong></span> <span class='ocrx_word' id='word_1_827' title='bbox 2514 5399 2853 5457; x_wconf 79' lang='lat' dir='ltr'><strong>Mabillonius</strong></span> <span class='ocrx_word' id='word_1_828' title='bbox 2878 5401 2930 5456; x_wconf 91' lang='lat' dir='ltr'><strong>in</strong></span> <span class='ocrx_word' id='word_1_829' title='bbox 2959 5401 3211 5456; x_wconf 82' lang='lat' dir='ltr'><strong>Annalib.</strong></span> <span class='ocrx_word' id='word_1_830' title='bbox 3261 5399 3494 5456; x_wconf 85' lang='lat' dir='ltr'><strong>Benedi-</strong></span> 
     </span>
    </p>
   </div>
   <div class='ocr_carea' id='block_1_123' title="bbox 1910 5471 3494 5534">
    <p class='ocr_par' dir='ltr' id='par_1_123' title="bbox 1910 5471 3494 5534">
     <span class='ocr_line' id='line_1_124' title="bbox 1910 5471 3494 5534; baseline -0.005 -4"><span class='ocrx_word' id='word_1_831' title='bbox 1910 5475 2041 5530; x_wconf 75' lang='lat' dir='ltr'><strong>Ctin.</strong></span> <span class='ocrx_word' id='word_1_832' title='bbox 2071 5476 2139 5529; x_wconf 89' lang='lat' dir='ltr'><strong>ad</strong></span> <span class='ocrx_word' id='word_1_833' title='bbox 2187 5487 2386 5529; x_wconf 87' lang='lat' dir='ltr'><strong>annum</strong></span> <span class='ocrx_word' id='word_1_834' title='bbox 2415 5471 2516 5528; x_wconf 74' lang='grc'><strong>781</strong></span> <span class='ocrx_word' id='word_1_835' title='bbox 2571 5474 2736 5528; x_wconf 90' lang='lat' dir='ltr'><strong>hocce</strong></span> <span class='ocrx_word' id='word_1_836' title='bbox 2773 5473 3099 5527; x_wconf 89' lang='lat' dir='ltr'><strong>documento</strong></span> <span class='ocrx_word' id='word_1_837' title='bbox 3139 5473 3326 5534; x_wconf 86' lang='lat' dir='ltr'><strong>utitur,</strong></span> <span class='ocrx_word' id='word_1_838' title='bbox 3372 5478 3494 5524; x_wconf 88' lang='lat' dir='ltr'><strong>tan-</strong></span> 
     </span>
    </p>
   </div>
   <div class='ocr_carea' id='block_1_124' title="bbox 1909 5539 3497 5616">
    <p class='ocr_par' dir='ltr' id='par_1_124' title="bbox 1909 5539 3497 5616">
     <span class='ocr_line' id='line_1_125' title="bbox 1909 5539 3497 5616; baseline -0.004 -19"><span class='ocrx_word' id='word_1_839' title='bbox 1909 5561 2068 5616; x_wconf 88' lang='lat' dir='ltr'><strong>quam</strong></span> <span class='ocrx_word' id='word_1_840' title='bbox 2108 5539 2344 5616; x_wconf 79' lang='lat' dir='ltr'><strong>legitimo</strong></span> <span class='ocrx_word' id='word_1_841' title='bbox 2379 5541 2541 5610; x_wconf 70' lang='lat' dir='ltr'><strong>item,</strong></span> <span class='ocrx_word' id='word_1_842' title='bbox 2573 5554 2736 5616; x_wconf 80' lang='lat' dir='ltr'><strong>atque</strong></span> <span class='ocrx_word' id='word_1_843' title='bbox 2774 5543 2843 5597; x_wconf 83' lang='lat' dir='ltr'><strong>ibi</strong></span> <span class='ocrx_word' id='word_1_844' title='bbox 2883 5541 3178 5616; x_wconf 54' lang='lat' dir='ltr'><strong>Geganium</strong></span> <span class='ocrx_word' id='word_1_845' title='bbox 3215 5543 3396 5616; x_wconf 73' lang='lat' dir='ltr'><strong>ducem</strong></span> <span class='ocrx_word' id='word_1_846' title='bbox 3436 5552 3497 5592; x_wconf 85' lang='lat' dir='ltr'><strong>se</strong></span> 
     </span>
    </p>
   </div>
   <div class='ocr_carea' id='block_1_125' title="bbox 1911 5611 3494 5682">
    <p class='ocr_par' dir='ltr' id='par_1_125' title="bbox 1911 5611 3494 5682">
     <span class='ocr_line' id='line_1_126' title="bbox 1911 5611 3494 5682; baseline -0.003 -13"><span class='ocrx_word' id='word_1_847' title='bbox 1911 5611 2108 5672; x_wconf 78' lang='lat' dir='ltr'><strong>vidisse</strong></span> <span class='ocrx_word' id='word_1_848' title='bbox 2142 5611 2245 5670; x_wconf 81' lang='lat' dir='ltr'><strong>sibi</strong></span> <span class='ocrx_word' id='word_1_849' title='bbox 2283 5615 2582 5682; x_wconf 87' lang='lat' dir='ltr'><strong>persuasit,</strong></span> <span class='ocrx_word' id='word_1_850' title='bbox 2611 5611 2700 5682; x_wconf 89' lang='lat' dir='ltr'><strong>qui</strong></span> <span class='ocrx_word' id='word_1_851' title='bbox 2734 5623 2908 5668; x_wconf 85' lang='lat' dir='ltr'><strong>tamen</strong></span> <span class='ocrx_word' id='word_1_852' title='bbox 2936 5611 3206 5668; x_wconf 70' lang='lat' dir='ltr'><strong>Corradus</strong></span> <span class='ocrx_word' id='word_1_853' title='bbox 3239 5615 3289 5666; x_wconf 93' lang='lat' dir='ltr'><strong>in</strong></span> <span class='ocrx_word' id='word_1_854' title='bbox 3323 5625 3494 5682; x_wconf 74' lang='lat' dir='ltr'><strong>metu-</strong></span> 
     </span>
    </p>
   </div>
   <div class='ocr_carea' id='block_1_126' title="bbox 1910 5681 3496 5755">
    <p class='ocr_par' dir='ltr' id='par_1_126' title="bbox 1910 5681 3496 5755">
     <span class='ocr_line' id='line_1_127' title="bbox 1910 5681 3496 5755; baseline -0.006 -13"><span class='ocrx_word' id='word_1_855' title='bbox 1910 5687 2074 5742; x_wconf 87' lang='lat' dir='ltr'><strong>brana</strong></span> <span class='ocrx_word' id='word_1_856' title='bbox 2133 5681 2452 5755; x_wconf 85' lang='lat' dir='ltr'><strong>appellatur.</strong></span> <span class='ocrx_word' id='word_1_857' title='bbox 2502 5681 2639 5738; x_wconf 87' lang='lat' dir='ltr'><strong>Hinc</strong></span> <span class='ocrx_word' id='word_1_858' title='bbox 2688 5693 2868 5738; x_wconf 82' lang='lat' dir='ltr'><strong>autem</strong></span> <span class='ocrx_word' id='word_1_859' title='bbox 2912 5684 3090 5755; x_wconf 84' lang='lat' dir='ltr'><strong>discas</strong></span> <span class='ocrx_word' id='word_1_860' title='bbox 3147 5693 3357 5755; x_wconf 74' lang='lat' dir='ltr'><strong>quanta</strong></span> <span class='ocrx_word' id='word_1_861' title='bbox 3391 5681 3496 5755; x_wconf 79' lang='lat' dir='ltr'><strong>cir-</strong></span> 
     </span>
    </p>
   </div>
   <div class='ocr_carea' id='block_1_127' title="bbox 1909 5749 3502 5826">
    <p class='ocr_par' dir='ltr' id='par_1_127' title="bbox 1909 5749 3502 5826">
     <span class='ocr_line' id='line_1_128' title="bbox 1909 5749 3502 5826; baseline -0.005 -14"><span class='ocrx_word' id='word_1_862' title='bbox 1909 5749 2329 5826; x_wconf 81' lang='lat' dir='ltr'><strong>cumspeciione,</strong></span> <span class='ocrx_word' id='word_1_863' title='bbox 2359 5764 2414 5810; x_wconf 93' lang='lat' dir='ltr'><strong>et</strong></span> <span class='ocrx_word' id='word_1_864' title='bbox 2441 5770 2599 5826; x_wconf 85' lang='lat' dir='ltr'><strong>quam</strong></span> <span class='ocrx_word' id='word_1_865' title='bbox 2632 5755 2849 5810; x_wconf 89' lang='lat' dir='ltr'><strong>intentis</strong></span> <span class='ocrx_word' id='word_1_866' title='bbox 2877 5754 3046 5826; x_wconf 80' lang='lat' dir='ltr'><strong>oculis</strong></span> <span class='ocrx_word' id='word_1_867' title='bbox 3072 5749 3392 5823; x_wconf 81' lang='lat' dir='ltr'><strong>exploranda</strong></span> <span class='ocrx_word' id='word_1_868' title='bbox 3422 5749 3502 5826; x_wconf 69' lang='lat' dir='ltr'><strong>sit</strong></span> 
     </span>
    </p>
   </div>
   <div class='ocr_carea' id='block_1_128' title="bbox 1911 5817 3499 5898">
    <p class='ocr_par' dir='ltr' id='par_1_128' title="bbox 1911 5817 3499 5898">
     <span class='ocr_line' id='line_1_129' title="bbox 1911 5817 3499 5898; baseline -0.006 -15"><span class='ocrx_word' id='word_1_869' title='bbox 1911 5829 2044 5884; x_wconf 76' lang='lat' dir='ltr'><strong>fides</strong></span> <span class='ocrx_word' id='word_1_870' title='bbox 2068 5817 2330 5884; x_wconf 45' lang='lat' dir='ltr'><strong>&quot;veterum</strong></span> <span class='ocrx_word' id='word_1_871' title='bbox 2375 5817 2746 5898; x_wconf 76' lang='lat' dir='ltr'><strong>diplomatum.</strong></span> <span class='ocrx_word' id='word_1_872' title='bbox 2775 5827 2952 5894; x_wconf 79' lang='lat' dir='ltr'><strong>Quare</strong></span> <span class='ocrx_word' id='word_1_873' title='bbox 2999 5823 3043 5882; x_wconf 87' lang='lat' dir='ltr'><strong>si</strong></span> <span class='ocrx_word' id='word_1_874' title='bbox 3089 5817 3179 5896; x_wconf 81' lang='lat' dir='ltr'><strong>qui</strong></span> <span class='ocrx_word' id='word_1_875' title='bbox 3210 5833 3372 5893; x_wconf 84' lang='lat' dir='ltr'><strong>sunt,</strong></span> <span class='ocrx_word' id='word_1_876' title='bbox 3403 5817 3499 5891; x_wconf 84' lang='lat' dir='ltr'><strong>qui</strong></span> 
     </span>
    </p>
   </div>
  </div>
