3964 6344
177 319 340 379 {013-

530 291 760 372 copsz't
802 311 1332 369 owwnancus.
1372 339 1444 352 —
1482 301 1807 365 nmmum

1937 333 2006 345 -—
2044 303 2294 360 PRIVIL.
2335 301 2471 362 PER
2511 299 2780 360 PARTES
2821 299 3099 359 ITALUE.

3309 298 3454 358 10H

175 434 427 493 Civitatis
456 431 615 486 Nova:
647 443 816 495 usque
846 428 1102 490 Stratam,
1132 441 1196 481 ac
1223 425 1417 481 deinde
1446 425 1499 480 in
1531 428 1760 505 Aquam-
1788 420 2083 482 Acausatu
2112 417 2277 486 ipsius
2305 416 2553 476 ecclesia;
2583 417 2872 488 diligenter
2897 416 3172 486 inquirant
3212 421 3266 472 et
3309 431 3444 472 esa-

184 527 425 595 longam,
457 536 628 592 usque
656 520 779 575 dum
809 518 957 574 venit
984 518 1036 572 in
1069 516 1374 571 Burianam.

255 637 414 694 Intra.
442 635 576 695 istos
618 629 1044 704 prmnominatos
1089 627 1227 690 ﬁnies
1254 670 1268 694 ,
1320 627 1462 684 sicut
1501 639 1532 680 a
1574 625 1775 682 sanctis

184 731 453 802 patribus,
479 725 774 785 et-idoneis
803 738 868 779 ac
896 719 1178 781 catholicis
1209 719 1514 778 hominibus
1539 717 1778 788 antiqui-

187 832 278 884 tus
320 822 375 878 in
416 820 530 891 ipsa
571 815 806 875 ecclesia
851 813 1200 870 constitutum
1240 811 1406 869 fuisse
1447 811 1774 880 reperimus,

188 914 376 976 omnia
415 927 537 982 pars
566 909 738 978 iusius
764 905 1012 965 ecclesiae
1039 918 1230 962 secure
1273 919 1336 959 ac
1373 904 1554 975 quiete
1596 913 1779 960 nostra

187 1005 360 1078 regali
386 999 1044 1068 auctoritateperenniter
1067 995 1356 1067 possideat.
1391 996 1590 1053 Retulit
1615 997 1775 1053 etiam

193 1097 504 1168 [inclinatus
530 1093 792 1162 pontiiex,
815 1090 959 1160 quod
984 1088 1198 1145 cuidam
1213 1087 1373 1145 .iratri
1396 1103 1495 1150 suo
1513 1089 1782 1157 Ansperto

190 1191 414 1252 nomine
441 1185 684 1258 quaedam
715 1183 956 1240 oratoria
995 1182 1132 1253 juris
1172 1190 1374 1238 sanctae
1405 1181 1666 1250 Regensis
1691 1196 1784 1237 ec-

190 1281 410 1346 clesiae,
459 1291 622 1334 utinm
664 1276 886 1346 quidem
930 1274 984 1330 in
1027 1273 1270 1329 Luciaria
1313 1272 1454 1329 inter
1482 1271 1681 1328 Padum
1723 1279 1780 1328 et

195 1375 517 1431 Brindennm
567 1373 620 1428 in
665 1370 874 1427 honore
919 1368 1090 1424 sancti
1135 1367 1390 1438 Georgii,
1439 1375 1495 1423 et
1531 1367 1676 1421 aliud
1725 1367 1778 1420 in

193 1466 438 1525 Cabiana
485 1463 744 1518 similiter
792 1461 930 1516 inter
975 1457 1176 1514 Padum
1222 1465 1279 1514 et
1321 1457 1676 1522 Bundenum,
1729 1458 1781 1512 in

199 1554 606 1618 Mnoresancti
637 1553 873 1613 Andreae
901 1559 1270 1607 constructum
1291 1589 1329 1621 ,_
1350 1550 1572 1605 cunctis.
1595 1550 1799 1606 diebus

199 1652 330 1706 vita:
373 1664 483 1704 sua:
525 1663 622 1717 per
648 1646 926 1702 decretum
970 1658 1288 1700 concessum
1333 1641 1623 1698 habuisset.
1675 1641 1782 1699 Sed

200 1758 328 1798 cum
360 1741 698 1810 postmodum
731 1739 872 1795 idem
901 1739 1200 1807 Anspertns
1228 1736 1540 1794 monasterii
1569 1736 1781 1793 Nonan-
1815 1775 1862 1836 Β

201 1835 436 1897 tolensis
467 1845 678 1903 portum
713 1841 960 1901 peteret,
1009 1835 1122 1900 ipsa
1170 1831 1403 1886 oratoria
1449 1844 1547 1900 pro
1575 1843 1674 1884 suo
1704 1831 1787 1884 in-

205 1929 375 1984 troitu
421 1911 1310 1994 pradicto'monasteriodederat.
1361 1921 1808 1980 Pramominatus.

209 2036 343 2082 vero
385 2029 539 2089 pater
566 2016 906 2087 Apollenaris
945 2017 1284 2084 episcopus,
1313 2029 1383 2070 ne
1424 2013 1650 2070 ecclesia
1692 2027 1804 2068 sua.

205 2113 467 2168 damnum
497 2117 796 2179 pateretur,
836 2122 959 2164 cum
991 2121 1091 2163 suo
1118 2108 1396 2163 Advocato
1424 2107 1476 2162 in
1508 2107 1786 2176 praesentia

205 2205 365 2260 ducis
394 2200 563 2256 nostri
595 2199 826 2256 Coeradi
853 2241 868 2262 ,
921 2213 1043 2254 cum
1074 2197 1331 2253 Anselmo
1365 2198 1478 2267 jam
1517 2197 1642 2254 dicti
1675 2213 1792 2254 mo-

205 2293 427 2354 nasterii
456 2292 648 2350 abbate
677 2292 733 2346 in
746 2289 1016 2362 judicium
1041 2291 1313 2346 convenit.
1343 2289 1620 2345 Dissensio
1660 2304 1808 2346 vero.

205 2399 332 2456 quae
363 2384 504 2439 inter
531 2383 637 2438 duo
668 2382 1010 2439 venerabilia.
1029 2382 1152 2437 loco
1175 2390 1451 2449 creverat,
1481 2383 1681 2452 absque
1711 2382 1791 2436 vi-

206 2478 458 2534 cinorum
504 2476 883 2545 episcoporum
926 2472 1191 2528 audientia
1233 2473 1532 2527 nullatenus
1571 2472 1790 2527 difﬁniri

207 2574 446 2640 poterat.
481 2564 712 2632 Ideoque
739 2561 1160 2628 datisinduciis,
1185 2571 1294 2618 tros
1321 2562 1590 2632 episcopi,
1608 2562 1793 2618 Petrus

207 2661 425 2716 scilicet
471 2656 870 2721 Bononiensis,
925 2653 1273 2710 Geminianus
1322 2653 1674 2719 Mutinensis,
1740 2664 1792 2707 et

211 2748 409 2804 Petrus
438 2746 742 2804 Parmensis
766 2787 808 2826 ,ἡ
829 2759 952 2800 cum
1000 2744 1142 2800 aliis,
1169 2744 1377 2801 idoneis
1421 2752 1477 2800 et
1517 2745 1795 2800 catholicis

218 2840 370 2898 viris.
397 2840 667 2896 convocati
717 2848 858 2901 sunt.
919 2837 1124 2905 Quibus
1165 2851 1306 2894 cum.
1338 2836 1445 2907 iam
1497 2837 1622 2893 lato
1655 2836 1794 2892 duce

221 2931 472 2988 Goerado
500 2931 552 2985 in
579 2931 778 3000 judicio
806 2928 1180 2995 residentibus,
1213 2928 1551 2999 Apolleuaris
1578 2929 1793 2996 episeo-

221 3037 325 3094 pus
347 3063 366 3090 ,
416 3031 475 3078 et
518 3023 678 3079 abbas
707 3021 990 3078 Auselmus
1019 3021 1322 3077 siluerunt:
1355 3035 1584 3092 quorum
1611 3019 1796 3090 queri-

1878 507 2098 570 mincnt.
2134 507 2235 578 Ipsi
2259 523 2386 564 vero
2401 507 2654 562 advocati
2677 508 2746 562 ab
2767 508 2909 564 omni
2933 506 3144 579 publica
3167 505 3449 567 exactione

1877 599 1985 654 sint
2015 600 2297 662 immunes.
2346 599 2402 654 Si
2431 599 2551 668 quis
2580 605 2760 658 autem
2802 598 2937 654 hanc
2965 607 3164 656 nusmn
3191 597 3456 652 constitu-

1879 694 2040 749 tionis
2067 694 2440 751 auctoritatem
2471 690 2678 752 irritam
2710 689 2893 746 facere
2922 689 3206 753 tentaverit
3245 687 3461 745 emuni-

1878 783 2006 840 tatis
2051 781 2305 837 mulctam
2335 821 2351 846 ,
2401 780 2541 836 idest
2585 781 2796 854 argenti
2845 779 3008 840 libras
3053 780 3284 850 triginta.
3318 779 3456 849 parti

1880 873 2387 952 sanctaiﬂegiensis
2411 875 2656 930 ecclesiae
2689 873 2994 944 persolvere
3022 883 3286 943 cOgatur._
3305 871 3370 932 Et
3402 881 3462 926 ut

1881 969 1984 1026 hoc
2023 977 2220 1024 nostra:
2249 967 2548 1039 largitionis
2596 976 2660 1022 et
2693 965 3006 1026 emunitatis
3035 981 3099 1021 ac
3127 963 3462 1022 defensionis

1881 1076 1978 1124 seu
2019 1058 2389 1132 inquisitionis
2427 1061 2511 1115 vel
2556 1059 2926 1116 advocationis
2973 1068 3296 1128 prmceptum
3334 1055 3459 1111 diu-

1882 1154 2056 1212 turnis
2088 1151 2424 1225 temporibus
2455 1153 2509 1208 in
2553 1166 2651 1207 suo
2678 1153 2873 1208 robore
2900 1157 3253 1221 permaneat,
3299 1157 3464 1220 atque

1883 1247 1950 1304 ab
1969 1245 2222 1304 omnibus
2244 1243 2426 1300 verius
2451 1242 2700 1298 credatur
2724 1239 3101 1310 etdiligeutius
3123 1239 3462 1306 observetur,

1882 1350 2077 1392 manus
2126 1343 2329 1390 nostra:
2377 1331 2777 1401 subscriptione
2822 1331 3007 1388 subter
3051 1327 3468 1390 annotavimus,

1883 1427 2151 1495 anuloque
2176 1434 2362 1480 austro
2389 1423 2625 1492 sigillare
2649 1421 2927 1491 iussimus.

1955 1517 2176 1588 Signum
2206 1515 2386 1571 Caroli
2414 1514 2785 1586 gloriosissimi
2817 1515 2982 1584 regis,

1957 1607 2250 1666 Gilibcrtus
2278 1605 2345 1660 ad
2375 1605 2543 1660 vicem
2573 1603 2814 1663 Radonis
2840 1603 3150 1672 recognovi.

1959 1700 2088 1756 Data
2135 1698 2190 1755 in
2235 1712 2424 1754 mense
2467 1697 2632 1754 Junio
2661 1696 2749 1752 die
2787 1704 2980 1752 octavo
3027 1695 3080 1749 in
3125 1708 3266 1749 anno
3309 1691 3465 1748 tertio

1891 1792 2100 1848 decimo
2129 1799 2184 1847 et
2211 1789 2464 1860 septimo,
2495 1788 2788 1844 indictione
2816 1788 3049 1843 decima.

1965 1886 2162 1946 Actum
2211 1883 2378 1956 Papia
2418 1884 2676 1950 civitate,
2725 1882 2778 1937 in
2827 1881 2919 1938 Dei
2967 1879 3184 1936 nomine
3225 1877 3468 1935 feliciter.

1892 1981 2088 2036 Amen.

2621 2043 2754 2099 Vill.

1890 2137 2131 2212 Diploma
2146 2136 2628 2212 ϐατοιίςδιαρηίηῃο
2645 2135 2969 2212 privilegium
2983 2135 3211 2191 ecclesia:
3229 2135 3474 2190 Arretina

2389 2205 2617 2263 concedit
2647 2205 2807 2277 (anno
2833 2205 2985 2275 783).

2045 2299 2138 2363 (Ex
2167 2299 2454 2360 luratorlo,
2480 2297 2809 2362 Antiquitates
2829 2297 3009 2352 Italicae
3032 2296 3162 2348 med.
3181 2296 3319 2359 aevi.)

1961 2383 2190 2438 Carolus
2219 2381 2389 2454 gratia
2421 2381 2514 2436 Dei
2548 2396 2640 2436 rex
2661 2379 2988 2443 Francorum
3019 2391 3072 2435 et
3102 2377 3481 2448 Langobardo-

1893 2494 2039 2546 rum,
2065 2491 2128 2532 ac
2156 2475 2411 2546 patricius
2439 2475 2823 2535 Romanorum.
2849 2472 2906 2528 Si
2928 2471 3272 2542 petitionibus
3294 2484 3475 2526 sacer-

1893 2570 2106 2634 dotum,
2137 2568 2224 2622 Vel
2251 2581 2527 2622 servorum
2561 2565 2674 2628 Dei,
2708 2565 2758 2618 in
2790 2579 2895 2632 quo
2925 2563 3121 2619 nostris
3154 2563 3350 2619 fuerint
3377 2578 3477 2616 au-

1895 2665 2042 2720 ribus
2093 2663 2318 2733 prolata!
2369 2661 2596 2721 libentur
2643 2657 2996 2723 obaudimus,
3045 2668 3100 2712 et
3143 2671 3236 2712 eas
3282 2656 3336 2710 in
3386 2655 3480 2711 Dei

1898 2756 2114 2810 nomine
2143 2753 2354 2810 θεῖε(Ἒυί
2396 2752 2784 2818 mancipamus,
2813 2751 3012 2819 regiam
3042 2746 3480 2804 consuetudinem

1897 2860 2243 2909 exercemus,
2270 2854 2325 2899 et
2356 2845 2458 2898 hoc
2487 2841 2639 2897 nobis
2666 2841 2732 2894 ad
2763 2839 3067 2895 mercedem
3098 2839 3179 2894 vel
3217 2837 3483 2892 stabilita-

1900 2948 2004 2994 tem
2037 2935 2187 3005 regni
2225 2933 2696 3002 nostri.pertinere
2724 2931 3063 2988 conﬁdimus.
3111 2929 3271 2998 Igitur
3298 2937 3480 2983 notum

1899 3030 1969 3084 sit
1993 3029 2230 3081 omnium
2264 3025 2504 3082 ﬁdelium
2541 3033 2842 3078 nostrorum
2868 3020 3235 3090 magnitudini,
3270 3034 3488 3090 presen-

226 3117 427 3172 monizn
464 3115 723 3174 subtiliter
749 3116 1037 3183 discussa),
1085 3113 1313 3171 ecclesia
1345 3113 1661 3185 Regiensis,
1705 3111 1793 3168 cui

1915 3123 2035 3177 lium
2068 3119 2316 3175 videlicet
2346 3127 2401 3172 et
2432 3119 2726 3171 iutnrorum
2747 3156 2764 3182 ,
2807 3115 3032 3184 qualiter
3059 3111 3376 3167 venerabilis
3404 3109 3487 3164 vir

232 3208 420 3264 debito
444 3208 578 3277 jure.
591 3208 701 3278 jam
732 3208 830 3271 lata
861 3208 1098 3266 oratoria
1129 3206 1372 3277 subjecta
1401 3215 1552 3262 erant
1573 3246 1591 3274 ,
1628 3218 1799 3259 cano-

223 3301 350 3355 nico
398 3315 464 3356 ac
514 3301 670 3370 legali
699 3299 894 3358 ordine
927 3299 1227 3370 acquisivit.
1286 3299 1350 3356 Et
1394 3299 1466 3353 ob
1511 3297 1800 3356 ﬁrmiorem

219 3392 591 3455 securitatem,
609 3391 852 3446 notitiam
874 3391 1125 3460 scriptam
1149 3390 1478 3460 testibusque
1498 3388 1804 3446 roboratam

223 3499 345 3538 cum
378 3484 498 3552 ipso
527 3483 748 3539 decreto
793 3497 940 3550 saepe
980 3481 1285 3538 nominatus
1325 3490 1480 3551 pater
1509 3480 1804 3546 praesentiae

230 3584 426 3628 nostra:
455 3573 683 3637 obtulit,
726 3572 1038 3642 postulans,
1083 3579 1138 3625 ut
1166 3586 1263 3626 nus
1293 3569 1804 3626 inviolabilinostro

228 3671 499 3734 praecepto
527 3678 645 3718 eam
678 3663 953 3718 ﬁrmantes
974 3703 1012 3732 ,
1034 3677 1252 3719 omnem
1293 3659 1652 3718 contentionis
1697 3675 1810 3715 na:-

228 3770 359 3808 vum
390 3754 839 3823 ahstergeremus.
872 3750 1036 3822 Cujus
1065 3750 1307 3821 petitioni
1334 3759 1667 3814 annuentes,
1717 3757 1810 3817 per

230 3843 337 3898 hoc
366 3854 614 3908 nostrum
653 3853 980 3913 praceptum
1022 3841 1290 3911 pradicas
1327 3848 1529 3897 sanctae
1565 3837 1812 3895 ecclesia:

232 3933 354 4002 ipsa
382 3935 616 3995 oratoria
647 3935 1053 4000 conﬁrmamus,
1085 3943 1246 4002 atque
1292 3933 1412 3988 sine
1454 3931 1810 3994 ullocontra-

235 4025 454 4080 dictore
487 4024 840 4080 restituimus.
899 4025 1164 4082 i‘rteterea
1214 4033 1270 4079 et
1310 4023 1498 4094 Gajum
1531 4031 1771 4078 nostrum
1795 4061 1814 4090 ,

237 4114 386 4185 quod
435 4115 487 4170 in
532 4115 721 4172 eodem
769 4115 888 4173 loco
931 4114 1090 4194 juxta
1140 4130 1227 4176 res
1273 4114 1440 4186 ipsius
1482 4113 1730 4170 ecclesiae
1763 4115 1814 4169 in

237 4207 486 4273 Luciaria
514 4206 792 4274 cunjacet,
819 4216 872 4262 et
904 4221 1045 4264 nunc
1073 4206 1283 4262 naviter
1309 4205 1592 4270 excolitur,
1623 4219 1690 4260 eo
1719 4219 1817 4274 po-

237 4295 804 4366 stulanle,,oratorio
845 4299 1014 4351 sancti
1045 4295 1268 4366 Georgii
1310 4311 1405 4366 per
1434 4296 1537 4351 hoc
1577 4305 1818 4352 nostrum

241 4398 574 4458 praeceptum
614 4387 736 4458 jure
780 4388 996 4458 proprio
1023 4389 1094 4445 ob
1121 4389 1322 4453 anima;
1357 4398 1553 4444 nostrae
1595 4388 1820 4442 salutem

1908 3210 2208 3278 Aribertus,
2234 3217 2415 3262 sancte
2442 3205 2798 3278 Mretinepsis
2819 3203 3045 3259 ecl-lesie
3063 3203 3345 3272 episcopus
3366 3216 3488 3271 quas

1908 3312 1991 3362 est
2018 3312 2325 3359 constructa
2369 3302 2420 3354 in
2464 3300 2666 3354 honore
2692 3297 2860 3355 sancti
2894 3296 3115 3363 Donati,
3147 3295 3212 3350 ad
3253 3304 3489 3352 nostram

1913 3396 2138 3453 accessit
2173 3391 2547 3456 c'emeutiam,
2588 3399 2643 3445 et
2684 3388 2833 3460 petiit
2869 3385 3143 3444 serenitati
3182 3394 3403 3452 nostre,
3434 3394 3498 3440 ut

1915 3503 2101 3542 omnes
2142 3499 2229 3539 res
2268 3484 2433 3551 ipsius
2460 3482 2708 3545 ecclesie,
2735 3497 2838 3550 que
2868 3479 3063 3535 ibidem
3099 3493 3130 3533 a
3169 3479 3326 3548 longo
3355 3487 3493 3534 tem-

1920 3596 2051 3650 pore
2077 3590 2130 3634 ct
2161 3592 2326 3648 usque
2365 3589 2511 3629 nunc
2531 3575 2660 3630 visat
2696 3581 2817 3628 sont
2854 3572 3342 3642 pertinuisse,,tam
3381 3582 3496 3624 mo-

1921 3669 2150 3725 nasteria
2193 3666 2276 3721 vel
2315 3663 2666 3730 senodochia,
2713 3677 2977 3733 quamque
3012 3671 3068 3717 et
3111 3660 3364 3716 ecclesias
3403 3658 3492 3713 ba-

1921 3761 2217 3832 ptismalcs,
2260 3773 2356 3818 seu
2403 3756 2638 3825 reliquas
2685 3754 3068 3822 possessiones,
3111 3752 3358 3823 quicquic
3403 3764 3500 3820 per

1921 3851 2237 3906 donationes
2266 3846 2348 3902 vel
2376 3845 2806 3901 conlirmationes
2845 3859 3026 3916 regum
3049 3843 3215 3908 ,_sive
3253 3839 3502 3895 vinditio-

1925 3956 2042 4004 nes,
2072 3936 2625 4004 commutationesque
2650 3949 2716 3989 ex
2748 3933 3010 3987 bonorum
3038 3931 3312 3986 hominum
3345 3929 3504 3998 largi-

1925 4044 2034 4091 tate
2060 4033 2256 4089 ibidem
2280 4032 2406 4087 date
2435 4033 2518 4086 vel
2539 4027 2853 4083 mndouate
2880 4033 3002 4082 sunt
3026 4064 3042 4091 ,
3071 4024 3155 4078 vel
3183 4021 3341 4077 etiam
3369 4020 3502 4075 illud

1926 4126 2309 4183 monasterium
2348 4122 2518 4178 sancti
2560 4118 2851 4185 Benedicti,
2892 4117 2945 4172 in
2985 4113 3343 4183 suprascripta
3384 4111 3501 4181 ipsa

1925 4217 2161 4286 civitate,
2195 4215 2338 4286 quod
2377 4215 2515 4270 bone
2542 4213 2800 4268 memorie
2823 4207 3203 4265 Cunemundus
3230 4203 3498 4275 quondam

1925 4309 2207 4382 episcopus
2251 4316 2560 4361 antecessor
2601 4319 2730 4358 suus
2771 4302 2985 4373 legibus
3017 4297 3378 4369 comparavit,
3416 4295 3506 4351 vel

1927 4413 2024 4455 suo
2072 4396 2311 4454 fundavit
2355 4409 2538 4465 opere,
2582 4409 2683 4448 una
2724 4407 2849 4448 cum.
2893 4391 3055 4447 rebus
3097 4389 3207 4446 suis
3254 4386 3507 4459 propriis,

239 4477 594 4532 concedimus
623 4491 744 4532 cum
777 4478 1162 4547 piscationibus
1187 4493 1280 4549 per
1303 4477 1502 4534 Padum
1527 4486 1583 4534 et
1607 4477 1823 4534 Dunde-
1853 4497 1904 4559 ι)
1930 4505 2061 4564 quas
2089 4490 2156 4547 de
2181 4490 2300 4560 iure
2339 4498 2613 4559 parentum
2643 4501 2864 4542 suorum
2896 4485 3105 4547 habuit,
3145 4491 3200 4538 et
3234 4480 3300 4536 ad
3339 4480 3511 4550 ipsam

242 4585 409 4638 num,
456 4569 778 4640 paludesque
805 4581 859 4626 et
899 4571 1048 4626 lacus
1091 4571 1520 4642 conjacentibus.
1566 4570 1826 4627 Similiter

245 4673 466 4729 quoque
509 4670 564 4713 et
609 4659 1049 4740 oratorio_sancti
1081 4660 1310 4716 Andreae
1338 4660 1599 4716 donamus
1632 4669 1828 4716 terram

251 4763 310 4808 et
338 4751 532 4808 silvam
558 4752 696 4824 juris
725 4755 877 4825 regni
909 4756 1078 4822 nostri
1097 4796 1112 4822 ,
1153 4772 1272 4826 qua:
1300 4756 1442 4813 circa
1475 4771 1560 4814 res
1589 4755 1830 4824 ejusdem

250 4841 499 4898 ecclesiae
527 4845 668 4900 inter
694 4845 895 4901 Padum
925 4858 982 4903 et
1013 4847 1324 4921 Bundenum
1358 4848 1410 4901 in
1439 4846 1676 4902 Gabiaua
1705 4860 1834 4900 con-

252 4936 435 5004 sistit,
465 4950 588 4992 cum
627 4937 1014 5008 piscationibus
1041 4956 1136 5010 per
1165 4939 1365 4996 Padum
1395 4947 1450 4994 et
1480 4937 1794 4996 Buttdenltm
1816 4979 1831 5003 ,

259 5025 602 5095 Paludesque
632 5038 686 5083 et
715 5027 887 5089 Lacus
913 5046 926 5082 :
959 5041 1015 5092 ut
1044 5044 1188 5100 saepe
1218 5030 1489 5086 nominata
1520 5036 1703 5082 sancta
1734 5027 1838 5082 Re-

255 5117 463 5188 giensis
491 5119 725 5174 ecclesia
758 5121 873 5174 haec
901 5122 1081 5175 omnia
1121 5121 1241 5190 jure
1271 5120 1627 5191 proprietario
1657 5127 1840 5174 teneat

259 5216 432 5276 atque
465 5208 737 5277 possideat
779 5211 979 5280 absque
1025 5210 1252 5278 alicujus
1297 5210 1581 5280 potestatis
1607 5217 1837 5263 contra~

256 5300 515 5356 dictione.
549 5302 906 5360 Concedimus
928 5306 1112 5371 etiam,
1136 5315 1195 5375 ut
1221 5305 1267 5361 si
1294 5304 1566 5360 contentio
1589 5303 1664 5361 de.
1680 5303 1860 5361 rebus.

259 5408 328 5448 ac
356 5391 570 5448 iiimiliis
597 5394 836 5463 ejusdem
865 5396 1106 5452 ecclesia:
1135 5395 1299 5459 fuerit
1331 5396 1484 5452 horta
1503 5436 1519 5463 ,
1566 5394 1724 5451 liceat
1759 5397 1841 5454 in-.

259 5485 484 5556 quisitio
510 5487 622 5542 ﬁeri
655 5503 750 5558 per
774 5490 943 5546 bonos
973 5501 1027 5546 et
1054 5490 1312 5562 ingenuos
1342 5489 1586 5545 homines
1614 5491 1843 5551 circum-

257 5591 481 5645 quaque
508 5588 786 5634 manentcs
824 5596 995 5652 usque
1020 5581 1084 5635 ad
1114 5589 1528 5636 sacramentum.
1576 5578 1845 5636 Habeant-

259 5678 374 5736 qne
420 5667 522 5722 sibi
573 5670 853 5739 pontiﬁces
898 5671 1066 5742 ipsius
1108 5673 1354 5728 ecclesiae
1395 5670 1683 5728 advocatos
1711 5671 1847 5729 duos

262 5756 358 5813 vel
385 5766 517 5828 tres,
546 5762 593 5819 si
623 5777 844 5821 necesse
871 5764 1028 5821 fuerit
1051 5807 1066 5835 ,
1111 5781 1248 5836 quos
1286 5764 1387 5836 ipsi
1419 5764 1711 5836 elegerint,
1757 5764 1846 5836 qui

1929 4584 2208 4643 ecclesiam
2254 4580 2352 4638 Dei
2399 4582 2548 4637 visus
2591 4579 2687 4634 fuit
2714 4579 3018 4650 delegasse;
3061 4575 3328 4644 inspectas
3367 4572 3512 4642 ipsas

1932 4673 2333 4745 preceptioucs,
2374 4670 2458 4726 vel
2497 4668 2962 4732 conlirmationes,
3011 4665 3123 4719 sive
3162 4659 3512 4724 vinditiones,

1933 4765 2018 4820 vel
2048 4761 2522 4826 commutationes,
2548 4759 2725 4814 denuo
2754 4773 2848 4828 per
2877 4764 3114 4812 nostram
3142 4752 3514 4808 auctoritatem

1933 4854 2076 4911 circa
2109 4855 2284 4923 ipsum
2310 4861 2553 4908 sanctum
2585 4851 2756 4905 locum
2788 4849 2973 4905 redere
2997 4857 3051 4903 et
3079 4845 3396 4901 conﬁrmare
3418 4843 3518 4900 de-

1935 4947 2210 5001 beremus.
2266 4942 2432 5013 Cujus
2487 4941 2798 5012 petitionem
2855 4952 2952 5010 pro
3005 4937 3300 4992 reverentia
3353 4933 3522 5004 ipsius

1935 5037 2104 5091 sancti
2154 5033 2259 5089 loci
2313 5035 2590 5088 noluimus
2637 5033 2938 5101 denegare;
2992 5030 3086 5086 sed
3139 5029 3190 5083 in
3238 5026 3520 5082 elimosina

1940 5135 2114 5181 nostra
2145 5124 2215 5179 ita
2257 5124 2553 5195 prestitisse
2583 5132 2639 5179 et
2665 5123 3010 5178 conﬁrmasse
3037 5127 3338 5190 cognoscat.
3386 5114 3521 5170 Pre-

1939 5215 2199 5285 cipieotes
2221 5229 2350 5285 ergo
2379 5214 2651 5283 iubemus,
2677 5222 2732 5266 ut
2757 5211 2895 5267 sicut
2921 5219 3126 5267 constat
3156 5209 3268 5276 ipsa
3297 5195 3523 5262 ecclesia

1941 5307 2109 5364 sancti
2161 5306 2352 5360 Donati
2402 5306 2468 5359 de
2519 5303 2768 5374 predictis
2813 5304 2974 5358 rebus
3017 5315 3048 5355 a
3084 5301 3241 5369 longo
3285 5287 3526 5365 tempore

1939 5399 2081 5469 jnstc
2107 5408 2162 5451 et
2191 5394 2582 5452 rationabiliter
2614 5393 2817 5463 legibus
2851 5393 3038 5447 vestita
3084 5392 3265 5459 fuisse,
3305 5397 3361 5446 et
3397 5402 3524 5459 pre-

1945 5490 2084 5548 senti
2112 5500 2354 5559 tempore
2382 5496 2710 5542 memoratus
2741 5486 2820 5541 vir
2849 5484 3169 5540 venerabilis
3198 5483 3277 5538 vir
3303 5482 3523 5537 Aribcr-

1947 5591 2034 5640 tus
2076 5581 2358 5650 episcopus
2399 5591 2547 5636 recto
2593 5579 2805 5634 tramite
2850 5577 3127 5648 possidere
3166 5577 3396 5645 videtur,
3445 5575 3528 5630 in-

1947 5681 2159 5742 spectas
2201 5670 2366 5739 ipsius
2417 5669 2792 5740 preceptioucs
2835 5668 2919 5724 vel
2965 5667 3398 5723 conﬁrtnationes
3441 5680 3527 5721 re.

1950 5779 2096 5838 gum,
2121 5771 2175 5817 ut
2197 5760 2446 5832 diximus,
2478 5776 2571 5818 seu
2597 5760 2935 5827 vinditiones,
2961 5759 3045 5818 vel
3074 5759 3502 5817 conmutationes
