3964 6344
109 365 260 426 1017

467 358 698 434 CODEX
743 351 1266 419 DlPLOMATlCUS.
1419 342 1840 404 PRIVILEGIA.
1869 369 1941 386 --
1968 341 2222 400 PBIVIL.
2266 341 2398 399 PER
2439 339 2715 397 PARTES
2756 337 3035 414 lTALIzE.

3263 339 3398 398 1018

105 475 268 548 regni
299 473 464 547 nostri
497 473 549 536 in
580 472 683 526 hoc
712 468 1186 539 augeri‘cr‘edimus
1215 465 1626 531 munimentum,
1651 458 1699 516 si
1728 461 1774 516 A
1803 472 1906 528 quo
1944 456 2044 526 ipsi
2090 457 2280 512 fratres
2319 456 2407 532 qui
2451 455 2646 525 ibidem
2691 452 2803 526 Deo
2852 451 3098 519 famulari
3130 451 3398 520 videntur,

105 544 468 644 petitionibus
498 565 834 632 sacerdotum
866 572 1024 628 atque
1049 573 1322 622 servorum
1358 556 1450 623 Dei
1472 595 1488 622 ,
1519 555 1571 609 in
1601 568 1707 623 quo
1805 552 1983 618 quiete
2015 548 2330 618 regulariter
2359 547 2564 615 vivere,
2607 561 2672 601 ac
2715 544 2954 599 residere
2986 562 2998 597 :
3031 554 3297 626 quatenus
3323 545 3401 599 eis

107 641 322 717 nostris
372 654 592 710 auribus
641 653 839 708 iuerint
883 652 1124 719 prolatae,
1168 647 1351 712 libenti
1392 645 1569 698 animo
1607 641 1706 696 ob-

109 760 517 820 temperamus,
545 755 706 815 atque
735 743 799 797 ad
827 741 1072 798 eﬁ'ectum
1105 739 1441 807 perducimus
1461 776 1475 800 ,
1506 733 1706 802 regiam

111 822 570 896 consuetudinem
601 847 937 900 exercemus,
967 841 1021 886 et
1047 831 1147 885 boc
1175 829 1328 884 nobis
1352 827 1416 881 ad
1448 825 1711 881 mercedis

117 941 514 1008 augmentum,
541 929 628 985 vel
657 927 1000 984 stabilitatem
1031 925 1176 995 regni
1208 924 1373 982 nostri
1406 924 1456 977 in
1498 921 1588 976 Dei
1624 935 1713 974 nn-

112 1027 271 1094 rnine
293 1023 560 1094 pertinere
581 1020 920 1077 conﬁdimus.
948 1018 1282 1087 Quapropter
1310 1014 1516 1077 noverit
1544 1012 1713 1068 soler-

117 1118 195 1170 tia
229 1125 431 1183 vestra,
473 1112 702 1184 qualiter
741 1125 840 1165 nos
878 1109 943 1164 ad
986 1110 1298 1178 petitionem
1337 1105 1575 1175 religiosi
1613 1103 1716 1158 viri

117 1207 278 1263 Pauli
323 1205 530 1261 abbatis
571 1220 635 1260 ex
680 1203 1012 1258 monasterio
1055 1201 1224 1256 sancti
1268 1198 1530 1262 Vincentii
1576 1212 1717 1252 mar-

118 1299 282 1370 tyris,
329 1296 470 1367 quod
515 1304 598 1360 est
642 1303 1011 1367 constructum
1063 1293 1116 1347 in
1167 1294 1339 1348 locum
1390 1291 1479 1360 qui
1525 1289 1719 1349 dicitur

120 1373 334 1467 Samnii
381 1403 541 1459 super
588 1385 807 1442 ﬁnvium
852 1384 1198 1450 Vulturnum,
1248 1385 1353 1439 tale
1398 1382 1718 1450 beneﬁcium

121 1479 271 1535 circa
305 1478 478 1547 ipsum
509 1477 888 1532 monasterium
916 1476 1017 1531 visi
1052 1475 1247 1530 luimus
1276 1474 1630 1542 concessisse,
1661 1482 1721 1530 ut

127 1569 184 1622 in
215 1568 559 1623 monasteriis
591 1567 825 1637 legitime
855 1566 953 1622 sibi
987 1564 1272 1636 subjectis,
1302 1579 1528 1636 quorum
1557 1579 1720 1620 voca-

127 1661 258 1715 bula
291 1670 414 1715 sunt
445 1678 456 1715 :
490 1659 874 1716 monasterium
905 1657 1074 1714 sancti
1113 1658 1256 1713 Petri
1289 1656 1553 1727 apostoli,
1580 1657 1723 1726 quod

128 1748 410 1827 (inundatum
458 1758 543 1822 est
591 1763 759 1819 prope
807 1763 990 1808 muros
1036 1747 1266 1802 civitatis
1309 1756 1506 1802 nostra:
1553 1746 1724 1802 Bene-

129 1820 297 1912 vento
331 1816 356 1897 ε’
376 1849 430 1896 et
470 1841 853 1907 monasterium
893 1846 1092 1908 sanctae
1131 1838 1342 1903 Mariae,
1382 1836 1522 1906 quod
1560 1838 1719 1892 situm
1756 1815 1801 1876 Β

129 1947 214 1998 est
245 1936 296 1990 in
329 1933 519 1990 ﬁnibus
544 1932 759 2000 Spoliti,
790 1930 842 1986 in
875 1931 990 1988 loco
1013 1931 1101 2001 qui
1130 1929 1327 1984 dicitur
1357 1929 1726 1999 Apinianicze:

131 2027 354 2100 insuper
379 2035 434 2084 et
463 2035 655 2081 ctetera
689 2023 1036 2087 monasteria.
1059 2021 1141 2078 vel
1171 2023 1356 2094 cellas,
1383 2022 1496 2077 sive
1523 2030 1726 2088 curtes,

131 2119 224 2175 vel
264 2119 495 2188 reliquas
537 2117 924 2186 possessiones,
962 2128 1082 2182 qnze
1124 2129 1187 2169 ex
1235 2114 1480 2186 largitate
1519 2126 1724 2181 regum,

135 2211 470 2282 reginarum,
502 2208 619 2263 sive
649 2207 878 2270 ducum,
911 2205 996 2260 vel
1024 2205 1284 2260 bonorum
1317 2203 1621 2268 hominum,
1655 2201 1729 2257 ibi

135 2309 263 2355 sunt
289 2298 469 2364 datae,
508 2298 592 2352 vel
621 2297 914 2367 delegatac,
955 2309 1050 2350 seu
1082 2294 1239 2348 etiam
1279 2303 1591 2360 exeusatos,
1631 2307 1729 2350 seu

136 2391 389 2467 oi'l'ettus,
436 2391 526 2461 qui
571 2391 625 2448 in
674 2389 908 2460 praelatis
954 2387 1293 2443 monasteriis
1340 2387 1577 2456 legitime
1617 2385 1727 2463 jam

139 2483 366 2561 subjecti
395 2493 554 2567 sunt,
585 2483 666 2557 vel
705 2483 792 2551 qui
823 2482 1014 2537 devote
1039 2481 1231 2536 ollerre
1259 2495 1319 2536 se
1347 2495 1466 2534 cum
1499 2480 1609 2536 suis
1640 2494 1729 2534 reo

141 2578 240 2647 bus
265 2578 551 2644 voluerint,
575 2577 720 2646 juste
742 2584 797 2630 et
822 2575 1202 2629 ratiunabiliter
1234 2573 1500 2629 licentiam
1535 2572 1731 2635 habere

138 2671 393 2728 debeant.
427 2671 646 2726 Necnon
686 2678 741 2725 et
778 2666 1149 2738 undecumque
1178 2667 1289 2734 ipsa
1325 2678 1447 2719 casa
1487 2663 1580 2718 Dei
1611 2678 1730 2717 mo-

142 2764 319 2819 derno
362 2775 599 2834 tempore
639 2762 786 2832 justo
830 2760 1042 2832 tramite
1081 2761 1272 2819 ve~tita
1313 2772 1434 2825 esse
1477 2757 1732 2824 cernitur,

146 2857 234 2926 vel
265 2859 404 2926 quod
435 2857 639 2927 inantea
681 2871 709 2908 a
743 2854 909 2922 Deum
946 2850 1257 2920 timentibus
1295 2849 1599 2904 hominibus
1637 2849 1736 2904 ibi-

146 2949 274 3016 dem
305 2947 505 3018 legibus
533 2948 788 3013 additum,
815 2947 897 3010 vel
927 2946 1232 3015 delegatum
1267 2944 1447 3011 fuerit,
1469 2952 1527 2997 ut
1557 2941 1735 2996 nullus

146 3041 316 3114 jutlex
353 3040 593 3108 publicus
620 3040 684 3093 ad
717 3052 904 3104 causas
929 3037 1271 3102 audiendum,
1303 3036 1384 3090 vel
1418 3035 1548 3088 freta
1579 3033 1736 3102 undi-

153 3147 261 3202 que
291 3131 642 3202 exigendum.
681 3146 772 3198 seu
809 3130 1114 3184 mansiones
1150 3137 1243 3189 aut
1282 3135 1491 3195 paratas
1531 3123 1734 3178 facien-

153 3226 308 3298 dum,
341 3226 425 3281 vel
468 3225 800 3295 ﬁdeiussores
826 3223 1143 3284 tollendum,
1180 3235 1266 3275 aut
1303 3210 1546 3274 homines
1575 3217 1739 3287 ipsius

150 3319 464 3376 monasterii
495 3318 885 3390 stringendum,
919 3331 1016 3372 nec
1050 3315 1184 3369 ullas
1210 3312 1541 3382 redditiones
1570 3309 1742 3382 publi-

150 3427 242 3468 cas
287 3411 691 3482 requirendum,
739 3411 848 3471 ullo
895 3424 1126 3478 unquam
1177 3416 1434 3475 tempore-
1463 3403 1743 3474 ingredere

159 3519 330 3575 neque
379 3515 703 3564 exactorare
752 3502 964 3573 penitus
1022 3511 1393 3570 przesuma'ur.
1453 3495 1743 3565 Propterea

160 3596 292 3664 hanc
328 3595 678 3663 emunitatem
717 3594 957 3652 scribere
989 3591 1270 3662 iussimus,
1306 3604 1400 3659 per
1427 3603 1585 3659 quam
1615 3601 1743 3656 spe-

156 3690 362 3748 cialiter
389 3690 731 3758 decernimus
769 3687 1162 3761 ordinandum,
1197 3698 1255 3739 ut
1282 3683 1459 3738 nullus
1488 3680 1748 3752 quislibet

157 3779 226 3835 de
251 3780 425 3845 vobis,
447 3788 540 3834 aut
562 3795 591 3833 a
615 3777 894 3850 judiciaria
925 3785 1209 3847 potestate,
1237 3761 1318 3827 vel
1347 3772 1596 3843 quaelibet
1626 3785 1751 3841 per-

157 3885 313 3938 sona,
345 3888 375 3926 a
423 3872 582 3934 modo
611 3881 665 3926 et
697 3870 953 3938 deinceps
984 3871 1037 3929 in
1068 3865 1426 3933 monasteriis,
1458 3862 1539 3918 vel
1570 3862 1744 3928 cellis,

158 3979 256 4020 seu
303 3964 564 4027 curtibus,
611 3977 818 4018 necnon
866 3962 1099 4030 reliquas
1149 3956 1516 4028 possessiones
1561 3967 1750 4022 super-

160 4057 410 4126 scriptas,
448 4057 560 4111 sive
598 4055 955 4124 undecunque
993 4053 1106 4122 ipsa
1137 4065 1262 4106 casa
1305 4048 1398 4104 Dei
1437 4061 1578 4102 nunc
1616 4055 1750 4100 tem-

161 4163 297 4220 pore
341 4148 484 4218 justo
535 4150 746 4204 tramite
797 4148 988 4202 vestita
1034 4158 1159 4200 esse
1205 4139 1564 4213 dignoscitur,
1615 4136 1750 4194 infra

163 4256 390 4311 regnum
421 4241 636 4296 Christo
675 4240 904 4310 pr0pitio
941 4247 1206 4303 nostrum,
1247 4249 1406 4290 nemo
1447 4232 1644 4288 ibidem
1684 4229 1751 4286 ad

161 4345 358 4386 causas
387 4331 708 4386 audiendum
737 4340 794 4385 ut
820 4328 1074 4393 diximus,
1099 4326 1184 4383 vel
1213 4326 1346 4382 freta
1378 4324 1608 4393 undique
1639 4321 1755 4378 exi-

160 4422 399 4495 gendum
420 4464 438 4490 ,
477 4437 571 4479 seu
609 4422 914 4478 mansiones
943 4431 1036 4475 aut
1059 4428 1271 4491 paratas
1298 4415 1600 4472 faciendum
1619 4453 1636 4480 ,
1668 4412 1754 4468 vel

1809 640 1998 694 melius
2027 639 2259 697 delectet
2290 653 2385 707 pro
2418 637 2572 691 nobis
2605 637 2967 710 uxoribusque
2994 634 3219 700 nostris,
3252 648 3314 688 ac
3343 634 3402 688 li-

1809 731 1972 791 beris,
2016 731 2097 784 vel
2137 741 2332 784 cuncto
2375 730 2571 798 populo
2615 734 2800 782 nostro
2842 724 3265 792 misericordiam
3309 725 3401 782 Dei

1809 821 2059 876 attentius
2087 835 2331 876 exorare.
2382 821 2448 876 Et
2485 829 2541 874 ut
2575 819 2689 873 lucc
2723 816 3016 873 auctoritas
3060 815 3262 870 ﬁrmior
3301 815 3403 869 ιιςι-

1811 914 2022 975 beatur,
2047 929 2107 968 ac
2139 912 2342 968 diurnis
2370 912 2699 982 temporibus
2729 911 2984 980 inviolata
3020 908 3127 968 Deo
3157 906 3402 977 adiutore

1813 1015 2182 1066 conservetur,
2217 1018 2373 1054 manu
2408 1000 2616 1070 propria
2644 999 2828 1068 subter
2857 1013 2974 1054 eam
3018 990 3278 1069 roborare
3305 997 3401 1050 de-

1813 1094 2096 1156 crevimus,
2121 1104 2171 1148 et
2193 1095 2390 1146 annulo
2414 1103 2594 1147 nostro
2615 1092 2850 1160 sigillare
2868 1090 3151 1160 jussimus.
3177 1088 3402 1159 Signum

1813 1185 1988 1239 Caroli
2033 1183 2405 1253 gloriOsissinti
2446 1185 2605 1253 regis.
2652 1167 3082 1255 Signum'Jacob
3123 1180 3188 1234 ad
3233 1181 3403 1234 vicem

1818 1278 2072 1334 Rationis.
2107 1279 2233 1332 Data
2264 1294 2315 1333 ιχ
2349 1278 2467 1350 Kal.
2509 1280 2704 1348 Aprilis
2733 1296 2874 1335 anno
2902 1280 3110 1346 decimo
3151 1293 3312 1350 nono,
3353 1287 3410 1332 et

1818 1369 2026 1423 decimo
2054 1380 2246 1440 quarto
2276 1372 2423 1440 regni
2469 1371 2658 1438 nostri.
2706 1365 2895 1436 Actum
2940 1369 3136 1442 capue
3178 1368 3406 1430 civitatis

1819 1470 2036 1530 nostrae,
2065 1459 2118 1515 in
2150 1459 2242 1516 Dei
2274 1460 2493 1516 nomine
2523 1460 2744 1517 feliciter
2769 1476 2945 1529 amen.

2572 1571 2662 1634 XI.

1897 1685 2143 1758 Diploma
2173 1687 2346 1743 Caroli
2376 1687 2581 1832 ngni,
2617 1688 2966 1831 ρξὲἳῖεοιεεὶα
3005 1688 3344 1746 Beneventiua

2477 1776 2612 1814 anno
2648 1775 2664 1812 ι
2711 1794 2724 1808 ο
2772 1799 2790 1816 .

2477 1776 2612 1814 anno
2648 1775 2790 1816 16.)).

2259 1889 2353 1954 (Ex
2381 1890 2626 1956 Ugbellio.
2647 1889 2785 1941 italia
2808 1891 2998 1956 Sacra.)

1898 2015 2124 2073 Carolus
2165 2015 2259 2074 Dei
2298 2017 2466 2086 gratia
2509 2032 2606 2072 rex
2637 2016 2964 2072 Francorum
2995 2024 3052 2072 et
3105 2016 3416 2089 Longobar-

1829 2109 2041 2174 dorum,
2073 2123 2135 2162 ac
2162 2108 2414 2177 patricius
2443 2106 2828 2162 Romanorum.
2852 2106 3113 2163 Omnibus
3143 2109 3424 2178 agentibus

1829 2201 2047 2267 nostris,
2093 2211 2199 2254 tam
2243 2202 2592 2269 praesentibus
2621 2217 2778 2270 quam
2812 2202 3022 2266 futuris,
3067 2201 3293 2256 Domino
3331 2201 3424 2272 ju-

1829 2301 2010 2355 vante,
2041 2291 2132 2360 qui
2178 2307 2276 2347 nos
2315 2291 2368 2345 in
2411 2291 2604 2346 solium
2651 2292 2799 2362 regni
2844 2292 3014 2348 nostri
3065 2291 3319 2347 instituit.
3363 2291 3420 2346 Si

1831 2383 2180 2454 petitionibus
2225 2382 2588 2448 sacerdotum,
2631 2393 2790 2454 atque
2827 2399 3103 2440 servorum
3147 2383 3238 2439 Dei
3280 2383 3422 2452 quod

1833 2490 1928 2544 pro
1976 2489 2161 2530 eorum
2206 2476 2409 2545 quiete,
2458 2477 2546 2531 vel
2588 2476 2884 2545 juvamine,
2913 2477 3145 2547 pertinet
3192 2475 3425 2532 libenter

1831 2564 2168 2630 obaudimus,
2213 2565 2296 2619 vel
2335 2564 2402 2619 ad
2429 2565 2676 2621 enectum
2709 2566 2761 2621 in
2793 2565 2882 2622 Dei
2913 2566 3130 2622 nomine
3157 2568 3426 2635 mancipa-

1838 2669 1975 2719 mus,
2010 2656 2215 2725 regiam
2245 2656 2689 2711 consuetudinem
2719 2671 3054 2723 exercemus,
3091 2665 3146 2712 et
3182 2655 3296 2711 haec
3327 2670 3427 2710 no-

1834 2744 1916 2801 bis
1947 2745 2014 2802 ad
2046 2745 2314 2800 mercedis
2342 2757 2755 2816 augumentum,
2787 2747 2870 2800 vel
2898 2746 3244 2801 stabilitatem
3278 2745 3429 2816 regni

1835 2840 2004 2896 nostri
2046 2840 2099 2895 in
2129 2839 2221 2895 Dei
2255 2839 2475 2895 nomine
2513 2840 2786 2910 pertinere
2809 2838 3166 2906 conﬁdimus;
3207 2839 3434 2907 ideoque

1839 2933 1922 2988 vir
1953 2930 2272 2986 venerabilis
2310 2930 2474 2986 David
2504 2933 2792 3000 episcopus
2825 2930 3068 2986 ecclesiae
3104 2939 3306 2985 sancta:
3338 2929 3432 2985 Dei

1836 3025 2109 3095 genitricis
2137 3038 2459 3094 semperque
2488 3024 2706 3094 virginis
2737 3023 2935 3089 Mariae,
2964 3037 3083 3094 qua:
3109 3032 3190 3079 est
3215 3023 3317 3077 sita
3350 3023 3428 3076 in-

1843 3116 1920 3171 tra
1949 3116 2219 3171 civitatem
2252 3114 2682 3170 Beneventanam
2711 3115 3049 3170 clementiam
3081 3115 3230 3185 regni
3262 3113 3431 3168 nostri

1845 3208 2027 3279 petiit,
2064 3217 2120 3261 ut
2145 3221 2336 3262 omnes
2365 3219 2452 3261 res
2479 3220 2824 3277 quascunque
2863 3207 2976 3276 ipsa
3003 3219 3127 3260 casa
3171 3205 3299 3271 Dei,
3327 3213 3436 3260 tam

1842 3301 1913 3356 de
1959 3298 2336 3355 donationibus
2386 3311 2607 3367 regum,
2659 3311 2925 3366 quamque
2971 3296 3300 3366 reginarum,
3351 3295 3438 3350 vel

1845 3390 2064 3456 ducum,
2098 3399 2259 3457 atque
2287 3387 2626 3442 ducissarum
2646 3428 2662 3453 ,
2691 3401 2787 3442 seu
2819 3385 2986 3441 Deum
3015 3387 3313 3440 timentium
3345 3384 3439 3438 bo-

1846 3479 2049 3535 minum
2073 3520 2088 3545 ,
2120 3480 2241 3535 sive
2268 3493 2428 3534 causa
2459 3476 2802 3540 venditionis,
2834 3487 2924 3530 aut
2952 3476 3260 3546 emptionis,
3290 3490 3440 3531 com-

1847 3571 2274 3640 mutatiom‘sque
2301 3569 2475 3636 titulo,
2505 3568 2590 3624 vel
2619 3582 2808 3622 omnes
2835 3567 3182 3622 dilﬁnitioncs
3212 3581 3343 3636 quas
3373 3567 3442 3621 de

1850 3665 2010 3720 rebus
2040 3671 2243 3718 sancta:
2281 3662 2524 3717 ecclesia:
2552 3671 2790 3716 rectores
2819 3659 2936 3730 ejus
2973 3659 3118 3730 justo
3150 3659 3363 3714 tramite
3391 3657 3443 3714 in

1844 3755 2050 3827 judicio
2073 3755 2339 3817 vicerunt,
2369 3767 2468 3807 nec
2499 3768 2604 3806 non
2631 3762 2685 3807 et
2705 3766 2892 3807 omnes
2922 3751 3162 3806 redditus
3184 3751 3267 3806 vel
3295 3751 3444 3804 obla-

1852 3850 2026 3904 tiones
2067 3844 2300 3900 ﬁdelium
2331 3845 2663 3899 diversarmn
2694 3843 3047 3898 ecclesiarum
3099 3843 3197 3910 ipsi
3239 3851 3439 3896 sancta:

1851 3937 2244 3993 Beneventame
2283 3935 2527 3990 ecclesiae
2569 3933 2774 4003 legibus
2817 3932 3188 4001 pertinuerint,
3222 3931 3274 3985 in
3309 3933 3445 3985 inte-

1852 4050 2004 4106 grum
2034 4033 2101 4088 ab
2128 4032 2381 4103 episcopo
2414 4031 2706 4086 Benevent.
2746 4029 2836 4099 qui
2877 4043 2974 4095 per
3013 4036 3250 4095 tempora
3283 4023 3444 4080 fuerit

1854 4126 2237 4193 suscipiantur,
2269 4133 2428 4191 atque
2457 4123 2712 4178 canonica
2738 4120 3014 4174 sanctione
3040 4117 3437 4188 possideantur,

1854 4220 1968 4274 sive
1998 4219 2104 4272 sint
2144 4231 2238 4286 per
2267 4214 2476 4270 diversa
2508 4214 2645 4280 loca,
2689 4221 2795 4266 tam
2837 4212 2889 4266 in
2926 4210 3250 4277 civitatibus,
3283 4225 3441 4280 quam

1857 4315 1911 4368 in
1941 4309 2098 4375 villis,
2143 4309 2229 4364 vel
2273 4305 2325 4362 in
2371 4305 2662 4370 montibus,
2701 4312 2863 4374 atque
2904 4302 2957 4358 in
3003 4301 3199 4371 planis,
3240 4299 3354 4358 sive
3394 4300 3447 4355 in

1859 4403 2032 4472 aquis,
2083 4399 2169 4454 vel
2214 4398 2375 4454 etiam
2426 4397 2480 4452 in
2529 4392 2750 4465 planitie
2791 4408 2854 4449 ac
2902 4393 3307 4463 possessiones,
3352 4404 3448 4446 seu

164 4484 514 4585 ﬁdeiussores
541 4514 859 4583 tollendum,
889 4522 981 4575 aut
1008 4484 1254 4579 bdmines
1284 4510 1451 4581 ipsius
1479 4515 1739 4563 monaste-

1866 4497 2219 4562 undequaque
2249 4491 2508 4548 moderno
2537 4499 2778 4559 tempore
2817 4488 2930 4559 ipsa
2965 4501 3086 4543 casa
3127 4485 3220 4541 Dei
3257 4484 3446 4540 ordine

162 4610 238 4666 rii
266 4607 690 4682 distringendum
708 4648 723 4679 ,
756 4608 869 4674 sive
907 4606 1065 4671 ullam
1098 4617 1290 4658 novam
1317 4598 1756 4657 consuetudinem

159 4699 499 4770 ponendum,
545 4713 644 4753 nec
690 4697 824 4752 ullas
868 4695 1252 4758 reddibitiones
1295 4692 1536 4764 publicas
1579 4690 1760 4760 requi-

160 4791 399 4848 rendum
447 4789 748 4865 ingredere,
790 4787 875 4842 vel
917 4796 1228 4865 exactorare
1267 4795 1480 4855 quoquo
1523 4790 1763 4848 tempore

160 4890 485 4956 praesumat.
516 4864 774 4938 Similiter
807 4880 860 4934 in
895 4864 987 4934 Dei
1021 4877 1236 4944 nomine
1261 4872 1643 4941 concessimus,
1677 4871 1764 4926 vel

160 4975 609 5032 conﬁrmavimus
637 4988 762 5044 erga
791 4973 963 5041 ipsum
993 4979 1235 5024 sanctum
1263 4968 1464 5035 locum,
1496 4965 1633 5018 sicut
1662 4962 1760 5016 ba-

161 5068 267 5124 bet
308 5065 539 5119 humana
589 5063 866 5133 fragilitas,
911 5070 970 5135 ut
1009 5056 1436 5142 quandoquidem
1482 5053 1646 5108 abbas
1694 5067 1762 5112 ex

165 5160 296 5229 ipso
335 5160 662 5230 monasterio
701 5155 771 5215 de
813 5157 911 5210 bac
955 5154 1074 5211 luce
1123 5149 1452 5222 migraverit,
1496 5147 1761 5204 licentiam

167 5251 415 5306 habeant
443 5249 736 5309 secundum
765 5249 1000 5320 regulam
1041 5246 1209 5320 sancti
1253 5241 1521 5312 Benedicti
1551 5239 1765 5322 qualem

168 5341 461 5399 meliorem
501 5355 565 5395 ac
605 5340 898 5411 digniorem
939 5347 989 5393 et
1028 5336 1404 5412 sapientiorem
1443 5332 1765 5398 invenerint,

168 5440 385 5508 absque
421 5437 708 5506 cujuslibet
749 5433 1141 5506 inquietudine,
1189 5430 1272 5486 vel
1319 5426 1762 5494 contradictione,

172 5530 325 5586 inter
363 5543 424 5585 se
467 5527 701 5600 eligendi
743 5527 1020 5593 abbatem,
1068 5533 1122 5579 et
1162 5524 1260 5578 sub
1302 5519 1608 5578 emunitatis
1655 5532 1766 5573 no-

172 5624 475 5681 mine......
507 5634 698 5676 omnes
739 5620 942 5675 tructus
979 5630 1265 5674 concessus
1305 5613 1548 5677 valeant,
1588 5608 1771 5664 omni-

178 5729 294 5793 que
321 5724 564 5782 tempore
606 5720 846 5767 rectores
885 5709 1050 5780 ipsius
1093 5703 1401 5763 monasterii
1439 5701 1608 5758 sancti
1639 5700 1768 5754 Viu-

181 5807 378 5879 centii,
409 5817 516 5864 tam
549 5807 685 5879 ipsi,
717 5821 878 5879 quam
902 5813 957 5862 et
985 5815 1324 5862 successores
1351 5813 1558 5867 eorum,
1589 5809 1773 5868 quam-

1869 4589 2105 4658 legitimo
2127 4586 2424 4656 possidere,
2454 4592 2612 4652 atque
2635 4582 2918 4638 dominare
2938 4579 3166 4644 videtur,
3188 4578 3271 4632 vel
3296 4577 3450 4647 quid-

1865 4683 1990 4754 quid
2022 4683 2073 4738 in
2101 4691 2258 4737 antea
2301 4679 2498 4736 ibidem
2541 4677 2814 4740 additum,
2846 4676 2927 4729 vel
2956 4672 3260 4742 delegatum
3293 4671 3452 4726 fuerit

1864 4776 1966 4829 sub
1996 4771 2343 4828 immunitatis
2381 4769 2598 4824 nomine
2626 4767 2944 4822 conﬁrmare
2971 4763 3245 4818 debemus.
3285 4759 3449 4830 Cujus

1868 4865 2182 4934 petitionem
2213 4861 2463 4917 nolumus
2488 4859 2774 4928 denegare,
2799 4855 2891 4911 sed
2923 4854 2992 4910 ita
3019 4852 3346 4919 prestitisse,
3371 4861 3453 4905 at-

1866 4970 1969 5026 que
2016 4955 2069 5009 in
2119 4950 2371 5007 omnibus
2419 4951 2769 5006 conﬁrmasse
2810 4954 3113 5015 cognoscat.
3165 4942 3450 5011 Propterea

1869 5048 2006 5104 lianc
2029 5046 2416 5102 immunitatem
2440 5052 2677 5098 nostram
2700 5039 3037 5096 conscribere
3057 5039 3334 5110 jussimns,
3362 5053 3454 5104 per

1869 5153 2027 5209 quam
2055 5135 2359 5206 specialiter
2387 5133 2729 5189 decernimus
2757 5131 3106 5186 ordinandum
3128 5169 3144 5195 ,
3189 5136 3244 5182 ut
3273 5127 3451 5182 nullus

1871 5229 2094 5300 quilibet
2133 5227 2200 5283 de
2245 5227 2418 5293 nobis,
2467 5232 2561 5279 aut
2599 5223 2668 5279 de
2713 5221 2992 5294 judiciaria
3041 5228 3322 5289 potestate,
3369 5215 3455 5272 vel

1875 5323 2128 5394 qutelibet
2170 5335 2393 5390 persona
2425 5317 2638 5384 amodo,
2665 5325 2719 5370 et
2746 5316 2998 5385 deinceps
3036 5313 3089 5368 in
3133 5311 3456 5368 monasteria

1874 5417 1978 5471 sibi
2015 5412 2246 5484 legitime
2275 5412 2508 5476 subdita,
2540 5420 2629 5465 aut
2657 5411 2708 5464 in
2737 5417 2936 5469 curtes,
2969 5406 3050 5461 vel
3079 5402 3334 5459 ecclesias
3360 5416 3455 5457 seu

1872 5516 1928 5573 in,
1959 5510 2118 5567 rebus
2147 5505 2411 5565 universis
2440 5503 2816 5572 suprascriptis
2847 5500 2985 5555 unde
3021 5512 3160 5552 nunc
3188 5497 3300 5563 ipsa
3333 5509 3457 5549 casa

1874 5601 1964 5660 Dei
2005 5602 2170 5672 juste,
2205 5608 2261 5655 et
2298 5594 2686 5653 rationabiliter
2726 5592 2911 5648 vestita
2951 5604 3069 5646 esse
3105 5588 3457 5657 dignoscitur,

1877 5695 1961 5750 vel
1987 5692 2128 5767 quod
2155 5690 2208 5746 in
2237 5698 2392 5744 antea
2416 5702 2480 5742 ex
2509 5686 2751 5755 largitate
2775 5683 3037 5738 bonorum
3066 5678 3342 5734 hominum
3373 5690 3462 5728 ac-

1878 5765 2090 5861 quirere
2119 5782 2287 5858 potuit
2317 5781 2382 5837 ad
2414 5793 2604 5837 causas
2631 5773 2950 5834 audiendum
2971 5813 2988 5843 ,
3019 5770 3104 5829 vel
3134 5768 3267 5826 freta
3298 5765 3457 5820 uniti-
