3964 6344
66 359 205 418 ΙΟΞΙ

406 349 634 411 ΒΟΒΕΧ
679 339 1202 409 DiP'ﬂiHTltLUS.
1247 374 1315 385 —
1357 339 1675 400 PlllVlLEG

1823 369 1888 387 η
1931 337 2180 395 ianva.
2228 336 2363 394 run
2407 337 2679 396 annos
2717 318 3003 413 I'I‘ALIE.

3206 337 3344 399 102?.

59 489 117 536 et
150 473 245 531 ubi
272 477 452 543 preest
479 469 558 522 vir
580 462 903 521 venerabilis
923 460 1272 520 Dulcissimns
1295 457 1655 528 episcopus...
1689 457 1736 516 Α
1769 466 1864 521 pro
1887 452 2202 522 quibusdam
2226 453 2404 507 causis
2419 463 2620 508 sanetze
2642 453 2734 508 Dei
2765 451 3032 524 ecclesia,
3059 463 3123 508 ac
3142 448 3342 543 domini

60 562 372 629 concessis,
422 568 478 616 et
527 557 599 612 de
634 553 886 610 omnibus
935 550 1199 620 plebibus,
1254 547 1335 603 vel
1385 544 1651 616 parochiis

1757 543 1953 606 Leonis
1996 559 2146 614 papa:
2189 545 2654 614 pet-venissemus;
2698 545 2880 614 ibiqnn
2920 559 3026 600 una
3056 557 3180 600 cum
3210 542 3342 613 ipsis

61 675 194 714 cum
234 647 697 726 iurisdictionibus
737 642 948 714 imperii
987 643 1247 704 locorum,
1278 637 1359 706 vel
1389 645 1650 694 terrarum
1753 634 2002 700 ducibus,
2030 635 2356 704 guastaldiis,
2389 649 2483 690 seu
2516 635 2737 706 reliquis
2769 633 3037 702 ﬁdelibus,
3062 646 3126 690 ac
3151 645 3346 704 proce-

65 752 246 821 ipsius
275 742 530 816 episcopi,
565 756 670 808 que
715 738 768 793 in
812 736 931 792 istis
979 730 1504 821 comprehenduntur
1534 726 1654 821 ﬁni-

63 819 196 906 lius,
247 839 298 896 id
329 845 409 892 est
437 829 883 892 determinatiooe
934 822 1170 880 ﬁuminis
1220 819 1462 894 Limane,
1517 819 1656 874 sicut

61 935 295 989 Limana
327 929 492 984 currit
525 925 580 980 in
606 921 788 988 Plave,
812 929 865 976 et
893 916 1065 973 l’lavis
1089 913 1256 970 currit
1281 927 1446 983 usque
1478 909 1654 966 locum

63 1026 162 1079 ubi
197 1020 380 1086 Theb:
406 1015 591 1072 deﬁnit
613 1014 664 1069 in
694 1012 890 1084 ipsam,
912 1019 968 1066 et
995 1007 1187 1064 deinde
1208 1019 1378 1076 usque
1409 1004 1462 1059 in
1492 1003 1655 1057 alium

63 1116 280 1179 locum,
312 1108 398 1164 ubi
442 1105 720 1179 Nigrisalia
751 1101 932 1174 deﬁnit
967 1101 1020 1165 in
1053 1100 1230 1168 l‘lave.
1255 1107 1310 1160 et
1339 1095 1512 1157 Plavis
1533 1107 1660 1164 cur-

63 1209 146 1264 rit
169 1209 222 1260 in
263 1216 430 1267 mare,
461 1209 516 1256 et
544 1199 732 1254 iterum
776 1195 845 1252 de
896 1193 1116 1250 nomine
1145 1191 1364 1246 Limane
1403 1201 1570 1258 usque
1602 1187 1658 1248 in

62 1299 315 1355 (chicum
357 1300 615 1359 montem,
644 1298 699 1344 et
727 1286 922 1343 deinde
960 1287 1011 1339 in
1043 1283 1238 1339 Lacum
1270 1289 1562 1344 mortuum,
1605 1285 1661 1333 et

64 1391 274 1458 dehinc
302 1389 354 1442 in
382 1383 662 1456 ecclesiam
693 1379 862 1435 sancti
897 1375 1155 1450 Eloriani,
1186 1374 1275 1457 qui
1322 1372 1497 1448 primo
1526 1370 1661 1441 θρίξ

68 1461 289 1551 tergiiie
314 1476 542 1541 civitatis
570 1471 813 1543 ejusdem
843 1469 1085 1541 episcopi
1121 1467 1242 1538 jura
1270 1464 1665 1536 gloriosissime

66 1571 324 1644 regebat,
372 1579 426 1624 ct
476 1565 599 1621 inde
639 1563 690 1617 in
735 1575 925 1632 aquam
970 1559 1056 1614 ubi
1083 1559 1253 1614 oritur
1276 1557 1573 1628 Liqnentia,
1609 1565 1665 1613 et

66 1663 276 1733 deinde
306 1674 474 1728 usque
501 1657 552 1712 in
575 1655 793 1710 archani
827 1662 1153 1717 traversam;
1180 1657 1379 1719 etpost
1410 1649 1532 1704 hinc
1561 1648 1662 1713 ﬁu-

68 1771 204 1812 men
229 1752 470 1816 Medune,
498 1757 553 1805 et
579 1762 712 1816 aqua
745 1745 977 1810 Mednne,
1001 1739 1188 1809 deﬁnit
1216 1743 1267 1808 in
1303 1733 1660 1812 Liquentiam,

1755 726 1904 796 ribus
1932 727 2130 782 nostris
2151 727 2465 783 residentes.

1827 837 2085 898 Pervenit
2112 838 2390 895 Aribertus
2419 849 2618 895 sancta:
2650 837 2885 894 Aretinte
2923 837 3072 894 urbis
3099 835 3347 893 ecclesias

1757 928 2081 984 venerabilis
2135 927 2447 999 episcopus,
2490 931 2541 984 in
2594 931 2877 998 praesentia
2928 937 3111 984 nostra
3160 942 3350 998 sugge-

1763 1018 1954 1096 rendo,
1992 1033 2058 1073 ac
2096 1019 2503 1090 proclamando,
2533 1036 2699 1088 super
2724 1020 2993 1077 Andream
3023 1026 3222 1074 sancta:
3252 1017 3351 1074 Se-

1760 1110 1943 1177 nensis
1993 1108 2142 1166 urbis
2183 1110 2426 1167 ecclesia
2483 1112 2843 1167 venerabilem
2894 1111 3210 1182 episcopum
3253 1108 3349 1164 di-

1761 1215 1894 1257 cens
1926 1217 1943 1258 ζ

1834 1289 1966 1362 Quia
1991 1291 2244 1350 dimcests
2275 1293 2519 1352 ecclesia:
2563 1310 2694 1360 smn,
2725 1311 2883 1366 quam
2925 1311 2954 1350 a
2999 1295 3190 1366 priscis
3221 1303 3354 1351 tem-
3381 1313 3390 1324 κ

1764 1382 1984 1454 poribus
2015 1384 2440 1452 prrdecessores
2467 1384 2550 1440 sui
2582 1385 2844 1454 episcopi.
2865 1386 2947 1441 vel
2972 1385 3088 1455 ipse
3110 1386 3348 1453 tenebat,

1767 1481 2009 1545 tempore
2055 1472 2273 1531 Adriani
2323 1475 2592 1544 quondam
2625 1490 2775 1545 νίψει»
2799 1515 2816 1538 ,
2858 1474 3143 1530 invasisset
3175 1476 3354 1532 Rodo-

1767 1563 1949 1618 bertus
2010 1565 2274 1634 quondam
2342 1576 2545 1625 sanetae
2612 1565 2867 1624 Senensis
2915 1566 3062 1623 urbis
3115 1565 3356 1622 ecclesia:

1767 1654 2088 1722 episcopus,
2121 1663 2175 1708 et
2227 1656 2570 1725 postmodum
2619 1671 2738 1710 eam
2795 1655 3110 1712 detinuisset
3168 1656 3369 1722 llaiino~

1769 1743 2039 1814 quondam
2065 1743 2352 1814 episeopns
2379 1745 2698 1812 supradicta:
2728 1743 2985 1812 Senensis
3014 1744 3280 1814 ecclesiae,
3305 1747 3367 1814 el,

70 1856 134 1902 et
163 1847 354 1899 iterum
399 1838 674 1910 Liquentia
706 1836 872 1892 currit
927 1834 1076 1890 ln....
1127 1832 1236 1889 Nos
1265 1833 1421 1903 igitur
1448 1831 1661 1904 dignam
1698 1817 1743 1880 Β
1772 1851 1940 1904 usque
1971 1850 2115 1892 nunc
2141 1850 2261 1897 eatu
2291 1837 2555 1893 detineret
2585 1837 2837 1906 praelatus
2868 1838 3112 1894 Andreas
3153 1835 3370 1906 episcoe.

74 1939 200 2022 ejus
243 1934 550 2009 petitionem
595 1929 1017 2006 considerantes,
1053 1937 1160 1981 tam
1205 1925 1327 1995 ipsi,
1357 1940 1516 1995 quam
1545 1939 1668 1979 suc-

73 2013 390 2095 cessoribus
438 2024 549 2080 suis
585 2037 679 2092 per
717 2020 883 2079 nostri
936 2019 1173 2089 precepti
1201 2019 1444 2088 paginam
1475 2013 1674 2088 conﬁr-

85 2135 322 2184 tnamns,
360 2125 520 2185 atque
565 2113 979 2169 corroboranius
1023 2123 1212 2164 omnes
1259 2108 1465 2179 plebes,
1511 2118 1672 2184 atque

79 2207 490 2282 jurisdietiones
536 2204 804 2268 locorum,
848 2199 934 2256 vel
985 2207 1244 2255 terrarum
1299 2212 1402 2268 que
1451 2196 1504 2253 in
1553 2210 1674 2266 pre-

84 2301 306 2376 scriptis
347 2299 539 2366 ﬁnibus
582 2296 666 2370 vel
711 2293 1176 2369 terminationibus
1202 2289 1672 2361 comprehendun-

83 2407 194 2461 tur,
239 2391 589 2463 precipientes
628 2389 806 2456 itaque
857 2384 1192 2449 mandamus,
1238 2392 1295 2439 ut
1331 2383 1508 2437 nullus
1539 2381 1671 2450 dus,

87 2486 382 2558 patriarca,
428 2481 863 2550 archiepiscopus
883 2519 898 2544 ,
948 2479 1254 2547 episcopus,
1286 2476 1553 2541 ntarcbio,
1583 2490 1675 2530 co-

92 2597 223 2647 mes,
253 2581 576 2645 vicecomes,
593 2573 780 2662 judex,
807 2571 1035 2654 scaldio,‘
1058 2569 1306 2639 nullaque
1333 2566 1498 2622 nostri
1526 2566 1672 2638 regni

90 2685 318 2742 [ιω-50112
369 2684 550 2739 parva,
598 2659 683 2721 vel
729 2676 944 2732 magna,
989 2662 1303 2729 prelibatnm
1337 2661 1672 2731 episcopum,

87 2764 179 2816 vel
229 2775 355 2815 suos
405 2771 742 2814 successores
789 2757 856 2811 de
885 2752 1131 2814 omnibus
1163 2751 1425 2823 plebibus,
1456 2752 1540 2806 vel
1576 2750 1671 2822 ju-

91 2849 510 2918 risdictionibus,
543 2863 670 2916 quas
717 2847 798 2902 eis
851 2861 945 2915 per
995 2843 1456 2899 conﬁrmationem
1507 2841 1675 2897 nostri

94 2941 340 3014 precepti
386 2939 741 2994 concessimus
769 2979 787 3004 ,
844 2948 1004 3005 atque
1052 2932 1551 3000 corroboravimus,
1599 2933 1676 2990 sic

93 3041 352 3104 precepta
383 3043 678 3084 nostrorum
710 3029 1052 3098 antiquorum
1084 3040 1288 3095 regum,
1326 3023 1411 3080 vel
1441 3023 1676 3093 impera-

1770 1938 1869 1996 pus
1895 1935 2019 1980 ante
2046 1925 2202 1980 dictae
2233 1925 2492 1982 Senensis
2513 1927 2774 1992 ecclesiar,
2802 1928 2853 1983 id
2878 1937 2961 1986 est
2979 1929 3366 1994 monasterium

1769 2019 1938 2076 sancti
1967 2018 2168 2073 Ansani
2187 2060 2204 2086 ,
2249 2019 2340 2074 ubi
2377 2021 2492 2090 ipse
2535 2036 2761 2090 corpore
2791 2023 3098 2092 requiescit,
3128 2037 3250 2078 cum
3281 2039 3367 2078 re-.

1771 2107 1930 2179 liquis
1959 2109 2222 2166 ecclesiis.
2256 2109 2322 2165 Et
2360 2111 2484 2166 dum
2528 2113 2785 2167 inter’eos
2813 2129 2909 2184 pro
2939 2128 3004 2169 ea
3037 2129 3096 2169 re
3130 2113 3360 2172 maxima

1775 2208 2081 2256 verteretur
2110 2203 2401 2269 contentio,
2451 2203 2750 2274 rogavimus
2795 2203 3045 2278 sanctiss.
3095 2217 3160 2259 ac
3207 2218 3364 2260 reve-

1771 2292 2009 2347 reudiss.
2061 2291 2294 2348 dominis
2336 2301 2392 2349 et
2427 2294 2477 2348 in
2509 2283 2723 2350 Cliristo
2763 2291 2906 2350 Patri
2954 2292 3122 2352 Leoni
3151 2309 3366 2350 summo

1773 2384 2046 2455 pontiﬁci,
2078 2395 2134 2444 et
2172 2387 2460 2443 universali
2492 2402 2658 2457 papae,
2703 2397 2760 2442 ut
2804 2387 3100 2443 secundum
3143 2386 3362 2442 canoni-

1775 2493 1892 2533 eam
1944 2479 2317 2537 auctoritatem
2375 2495 2470 2535 θος
2518 2496 2620 2536 una
2669 2495 2790 2537 cum
2839 2481 2948 2535 suis
2997 2479 3363 2536 sacerdotilos

1783 2569 2070 2638 paciﬁcare
2099 2569 2341 2640 deberet,
2371 2571 2508 2626 sicut
2539 2583 2590 2626 ct
2623 2571 2767 2638 fecit,
2801 2571 2941 2630 unde
2968 2581 3022 2626 et
3045 2571 3362 2640 judicatnm,

1778 2672 1831 2716 et
1865 2671 2189 2731 praeceptum
2221 2662 2555 2721 auctoritatis
2580 2677 2713 2730 sum,
2753 2678 2910 2732 supra
2946 2665 3220 2718 nominato
3251 2662 3362 2718 Avi.

1779 2753 1931 2808 berto
1960 2763 2163 2809 sancta:
2189 2753 2423 2810 Aretinze
2447 2755 2691 2811 ecclesia:
2720 2755 2871 2810 urbis
2896 2754 3151 2824 episcopo
3181 2763 3365 2822 quate-

1779 2861 1880 2901 nus
1929 2845 2185 2916 deinceps
2213 2846 2279 2902 ad
2309 2858 2516 2916 partem
2567 2847 2812 2903 ecclesia:
2859 2847 3168 2918 parochiam
3218 2861 3372 2902 suam

1781 2951 1905 2991 cum
1955 2937 2101 2994 omni
2152 2936 2478 3008 integritate,
2509 2937 2647 2992 sicut
2692 2938 2759 2992 ab
2806 2937 3102 3007 antiquitus
3133 2935 3253 3003 fuit,
3291 2945 3372 2992 te-

1779 3042 1908 3082 nere
1934 3036 1989 3082 et
2017 3026 2299 3098 possidere
2325 3027 2541 3084 debeat.

101 3137 281 3198 torum
315 3125 626 3195 conﬁrmata
665 3120 911 3200 (uerunt,
955 3117 1272 3188 inquietare,
1303 3118 1384 3173 vel
1414 3116 1674 3175 divestire

439 3214 526 3235 --λ
565 3213 725 3235 ,Α-ηε,
759 3225 875 3235 ,...,
911 3214 1073 3235 .-.ιη
1101 3220 1272 3235 .--ψη
1331 3220 1532 3235 nm..-
1561 3224 1644 3235 η,

1847 3138 1952 3195 Sed
1969 3154 2064 3209 pro
2085 3137 2287 3209 integra
2306 3139 2553 3195 ﬁrmitate
2575 3139 2724 3210 petiit
2744 3139 3021 3197 serenitati
3044 3149 3243 3195 nostrze
3256 3152 3368 3194 inc-

104 3227 401 3287 presnmat,
435 3214 527 3269 sed
559 3213 729 3278 omnia
759 3214 1076 3284 potestative
1101 3220 1301 3284 teneat,
1331 3220 1535 3266 remota
1560 3224 1676 3264 om-

97 3313 245 3364 nium
268 3292 669 3379 interdictione.
695 3309 749 3364 Si
780 3307 901 3377 quis
929 3312 1128 3371 autem,
1157 3301 1299 3374 quod
1323 3301 1542 3356 minime
1560 3314 1680 3356 cre-

99 3402 294 3470 diinus,
339 3398 406 3453 ad
437 3398 668 3462 futurum
717 3397 819 3452 hoc
865 3407 1047 3451 nostro
1087 3393 1510 3450 conﬁrmationis
1553 3405 1679 3461 pre-

107 3478 306 3561 ceptum
341 3491 639 3557 irrumpere
665 3487 977 3552 tentaverit,
1009 3484 1146 3542 sciat
1169 3499 1228 3540 se
1259 3483 1678 3554 compositurum

113 3583 249 3638 mille
292 3583 386 3637 lib.
433 3581 572 3647 auri,
612 3580 950 3636 medietatem
1001 3591 1214 3634 caruere
1243 3587 1447 3642 nostre,
1477 3586 1531 3633 et
1562 3590 1681 3631 me~

105 3675 350 3729 dietatem
375 3673 482 3743 jam
511 3673 658 3728 dicto
683 3672 962 3741 episcopo,
994 3670 1078 3725 vel
1116 3670 1229 3724 suis
1258 3669 1680 3724 successoribus.

101 3763 257 3833 Quod
281 3774 338 3819 ut
369 3761 544 3820 verius
575 3763 850 3827 credatur,
881 3768 937 3828 et
961 3760 1212 3832 obnixius
1238 3759 1586 3828 imposternm
1615 3757 1683 3813 ab

98 3857 351 3912 omnibus
396 3856 729 3921 observetur,
775 3869 932 3908 manu
977 3853 1190 3922 propria
1231 3851 1411 3906 subter
1449 3849 1684 3908 ﬁrmavi-

97 3963 251 4024 mus,
273 3956 327 4001 et
363 3946 713 4015 impressione
740 3947 905 4000 nostri
934 3944 1092 4016 sigilli
1121 3942 1364 4013 insigniri
1397 3941 1680 4014 jussimus.

171 4021 395 4108 Signum
425 4037 600 4093 Caroli
627 4036 852 4092 illustris
881 4037 1038 4105 regis.
1183 4035 1188 4038 ·

177 4129 369 4184 Datum
398 4129 571 4199 pridie
596 4127 713 4183 Kal.
745 4127 942 4197 Aprilis
965 4142 1105 4190 anno
1131 4139 1254 4181 xxvi
1285 4133 1340 4179 ct
1369 4141 1438 4180 xx
1472 4123 1646 4194 regni.

175 4220 370 4294 Actum
402 4220 454 4288 in
499 4219 771 4285 Francono
799 4219 931 4274 lroel
977 4219 1030 4274 in
1063 4218 1156 4273 Dei
1189 4219 1403 4273 nomine
1436 4218 1681 4276 feliciter.

95 4316 302 4371 Amen.

825 4381 966 4438 XIV.

89 4474 350 4545 Diploma
401 4472 579 4546 Caroli
633 4471 813 4544 Magni
836 4489 963 4600 τις)νῶ
995 4474 1204 4530 ecclesia
1255 4474 1466 4529 Aretini:
1519 4473 1684 4545 (anno

872 4550 886 4576 ι

300 4633 392 4696 (Ex
433 4633 677 4694 Ughellio,
701 4547 1028 4698 ltaliajgascta,
1054 4639 1171 4685 tom.
1195 4635 1240 4699 Ι,
1267 4649 1312 4700 p.
1341 4635 1475 4699 ila.)

167 4717 403 4775 Carolus
423 4720 586 4788 gratia
611 4719 706 4774 Dei
729 4734 820 4774 rex
847 4719 1196 4789 Francorum,
1219 4731 1270 4776 et
1296 4719 1682 4788 Retnanorum,

85 4825 264 4883 atque
313 4810 805 4882 Longobardorum.
854 4812 1120 4882 Quidquid
1172 4813 1224 4868 in
1278 4822 1480 4882 no~tra,
1531 4824 1583 4868 et
1635 4813 1689 4869 in

86 4916 387 4975 procerum
437 4911 738 4956 nostrorum
781 4901 1084 4972 prmaentia,
1117 4903 1264 4974 justo
1291 4917 1353 4956 ac
1399 4910 1548 4959 recto
1579 4911 1689 4957 tra-

86 4997 240 5052 mite
290 4992 528 5062 diligenti
584 4994 1024 5063 examinatione,
1081 4994 1376 5053 secundum
1427 4993 1692 5065 justitiam

87 5096 418 5143 sanetorum
445 5085 684 5152 Patrum,
709 5084 867 5142 inerit
887 5088 1250 5154 terminatum,
1277 5088 1359 5143 vel
1383 5087 1706 5155 dilﬁnitum,’

88 5184 328 5247 oportet
371 5177 571 5232 nostris
612 5179 934 5235 conﬁrmare
979 5181 1240 5244 oraculis;
1294 5181 1363 5234 ita
1411 5190 1468 5234 ιιι
1496 5179 1694 5236 Christi

91 5269 448 5344 propositum
482 5272 752 5342 perpetuis
783 5273 1111 5344 temporibus
1155 5285 1369 5336 maneat
1406 5273 1695 5334 inconcus-

184 5455 355 5525 lgitur
375 5463 559 5510 notum
586 5457 658 5511 sit
686 5458 932 5512 omnibus
961 5459 1243 5530 episcopis,
1273 5459 1573 5528 abbatibus,
1597 5460 1699 5517 du-

91 5547 300 5611 cibus,
330 5547 639 5615 comitibus,
675 5550 1001 5619 guastaldis,
1033 5565 1127 5606 seu
1174 5551 1392 5622 reliquis
1423 5551 1695 5618 lronariis,

97 5648 167 5692 et
197 5637 408 5693 cunctis
433 5637 680 5697 ﬁdelibus
704 5643 925 5710 nostris,
961 5645 1333 5715 praesentibus,
1367 5654 1424 5701 et
1461 5646 1654 5702 futuris
1680 5665 1692 5700 :

97 5727 256 5796 Quia
286 5726 411 5789 dum
439 5744 538 5786 nos
563 5730 791 5790 Domino
815 5743 1125 5805 protegente
1151 5739 1395 5804 Romam,
1423 5738 1488 5792 ad
1515 5739 1696 5793 limina

101 5831 428 5881 sanctorum
459 5824 756 5898 principum
797 5833 1156 5898 apostoiorum
1183 5871 1198 5898 ,
1230 5827 1372 5888 Petri
1416 5839 1470 5888 et
1513 5828 1692 5902 Pauli,

1711 4540 1764 4602 D

1783 3242 2021 3287 moratus
2047 3232 2130 3285 vir
2153 3240 2279 3286 ven.
2311 3231 2592 3287 Aribertus
2622 3231 2994 3301 suprascripta:
3013 3241 3213 3287 sanctae
3242 3231 3374 3284 Are-

1781 3322 1906 3377 tinte
1934 3321 2182 3377 ecclesia:
2211 3323 2516 3391 episcopus,
2553 3332 2609 3376 ut
2638 3331 2694 3377 et
2719 3336 2818 3378 nos
2845 3323 3034 3376 demus
3060 3365 3076 3390 ,
3123 3322 3264 3376 circa
3296 3321 3376 3390 ip-

1777 3417 1892 3469 sum
1917 3425 2154 3468 sanctam
2179 3413 2460 3470 ecclesiam
2488 3409 2611 3480 Dei;
2645 3414 2939 3470 secundum
2969 3414 3109 3484 quod
3139 3414 3369 3466 domnus

1781 3513 1964 3559 noster
2003 3500 2113 3558 Leo
2160 3518 2404 3560 summus
2451 3503 2708 3574 pontifex,
2755 3512 2810 3558 et
2855 3503 3172 3558 venerabilis
3212 3517 3372 3572 papa,

1781 3612 1904 3653 cum
1951 3595 2351 3652 venerabilibus
2380 3577 2630 3650 omnibus
2671 3595 2878 3652 ceteris
2909 3593 3152 3650 ﬁdelibus
3173 3603 3374 3648 sancta:

1782 3687 2044 3752 ecclesite,
2083 3687 2232 3756 justo
2263 3685 2504 3752 tramite,
2552 3697 2605 3740 et
2652 3683 2922 3754 aequitatis
2963 3684 3151 3738 ordine
3179 3682 3374 3737 dil‘lini-

1784 3789 1922 3845 mus,
1949 3786 2002 3830 et
2031 3791 2125 3844 per
2149 3784 2468 3845 praeceptum
2494 3774 2836 3830 authoi-itatis
2860 3787 2974 3828 sua:
2999 3775 3333 3828 conﬁrmavit
3355 3815 3372 3838 ,

1771 3866 2100 3938 plenissima
2141 3863 2528 3920 deliberatione
2567 3863 2783 3930 cedere,
2827 3871 2882 3918 et
2923 3863 3240 3919 conﬁrmare
3279 3863 3374 3918 de-

1778 3961 2062 4019 beremus.
2116 3955 2283 4025 Cujus
2339 3953 2655 4026 positionem
2714 3969 2812 4025 pro
2862 3953 3046 4023 divino
3096 3955 3263 4019 cultu,
3317 3964 3374 4009 et

1786 4046 2090 4104 reverentia
2119 4045 2292 4114 ipsius
2318 4051 2518 4098 sanctae
2538 4041 2781 4100 ecclesia:
2801 4043 3066 4114 denegare
3086 4043 3368 4110 nolumus;

1786 4140 1880 4194 sed
1941 4137 1995 4192 in
2044 4135 2297 4191 omnibus
2355 4135 2427 4189 ita
2477 4135 2845 4204 concessisse,
2896 4135 2981 4191 vel
3027 4135 3376 4192 conﬁrmasse

1777 4244 2117 4302 cognoscere
2145 4227 2530 4299 przecipieutes.
2570 4217 2710 4298 Ergo
2736 4228 2985 4298 iubemus
3008 4229 3152 4299 quod
3183 4241 3374 4298 perpe-

1790 4323 1999 4380 tualiter
2039 4320 2243 4377 dictam
2283 4333 2758 4377 commemoratam
2806 4331 3045 4377 sanctam
3079 4320 3173 4377 Dei
3203 4323 3376 4378 eccle.

1785 4417 1922 4472 siam
1960 4415 2083 4485 jure
2131 4413 2436 4471 ﬁrmissimo
2489 4428 2794 4470 mansuram
2840 4430 2962 4472 esse
3009 4416 3289 4483 volumus,
3319 4427 3376 4473 et

1791 4507 2027 4576 inspecta
2065 4504 2178 4575 ipsa
2216 4505 2565 4572 auctoritate,
2611 4506 2694 4561 vel
2737 4507 3189 4573 conﬁrmationis,
3240 4523 3377 4575 pra:-

1788 4599 1914 4655 dicti
1961 4598 2146 4654 domui
2197 4598 2350 4653 bona!
2405 4597 2678 4652 memoria:
2735 4599 2900 4666 patris
2947 4599 3138 4654 Leonis
3181 4597 3375 4653 summi

1789 4687 2077 4758 pontiﬁcis,
2107 4697 2164 4743 et
2191 4686 2506 4742 universalis
2538 4701 2686 4756 papa:
2714 4688 2850 4742 sicut
2878 4701 2972 4756 per
2996 4687 3168 4754 ipsum
3197 4686 3376 4741 decla-

1789 4791 1986 4847 ratum,
2014 4779 2086 4835 ita
2127 4779 2382 4849 deinceps
2427 4779 2605 4833 valere
2648 4777 3115 4849 supranominatus
3157 4777 3377 4833 Ariber-

1794 4881 1880 4926 tus
1929 4880 2127 4926 sanctae
2154 4870 2392 4926 Aretinte
2445 4870 2686 4926 ecclesiae
2740 4872 3042 4941 episcopus,
3084 4870 3272 4941 suique
3326 4874 3378 4928 in

1795 4969 2110 5031 perpetuum
2137 4974 2502 5027 successores,
2546 4963 2634 5031 qui
2669 4961 2862 5017 fuerint
2901 4971 3139 5018 rectores
3171 4963 3223 5018 in
3252 4978 3379 5019 san-

1795 5064 1878 5110 cta
1909 5054 2000 5109 Dei
2048 5051 2286 5108 Ecclesia
2314 5067 2431 5120 sua,
2469 5063 2524 5108 et
2569 5053 2918 5122 monasteria,
2949 5049 3004 5110 ἐι
3051 5055 3380 5125 baptisteria,

1795 5145 1940 5200 sicut
1965 5159 1994 5198 a
2026 5145 2214 5215 priscis
2261 5143 2592 5214 temporibus
2615 5153 2798 5200 tenere
2824 5153 2880 5201 et
2906 5146 3199 5216 possidere,
3227 5149 3378 5216 juxta

1797 5245 2103 5293 sanctorum
2147 5235 2390 5304 Patrum,
2430 5244 2487 5291 et
2522 5235 2789 5305 aequitatis
2829 5236 3071 5292 ordinem
3112 5251 3296 5307 regere
3325 5245 3383 5292 ct

1795 5330 2115 5398 gubernare.
2144 5327 2212 5383 Et
2230 5338 2288 5382 ut
2317 5327 2432 5383 haec
2461 5328 2751 5383 auctoritas
2782 5328 2987 5383 ﬁrmior
3016 5327 3296 5394 habeatur,
3325 5335 3383 5386 et

1799 5438 1893 5493 per
1920 5434 2158 5492 tempora
2182 5420 2370 5477 melius
2394 5430 2772 5490 conservetur,
2799 5437 2959 5476 manu
2985 5424 3195 5492 propria
3221 5436 3380 5489 supra

1799 5517 2146 5585 ﬁrmavimus,
2167 5527 2220 5572 et
2249 5515 2318 5571 de
2346 5517 2549 5576 annulo
2581 5523 2767 5570 nostro
2794 5515 3010 5586 sigillari
3036 5515 3312 5586 jussimus.

1868 5629 2088 5700 Signum
2116 5628 2292 5684 Caroli
2318 5628 2492 5699 Magni
2516 5629 2552 5698 ‘j
2587 5628 2942 5696 imperatoris.

1868 5740 1996 5794 Data
2045 5754 2096 5797 tv
2146 5737 2325 5797 Nonas
2373 5738 2619 5808 Martias,
2663 5738 2734 5794 55
2779 5748 2832 5794 ct
2871 5736 2942 5793 54
2982 5754 3122 5794 anno
3176 5738 3383 5810 imperii

1798 5831 1984 5890 nostri.
