3964 6344
591 312 730 379 1027
1474 320 1533 375 II.
1576 319 1824 375 CAROLI
1864 316 2076 374 MAGNI
2113 317 2265 374 OPP.
2307 317 2486 375 PARS
2525 318 2566 390 I,
2604 319 2845 378 SEC'I'lO
2885 319 2948 377 ll.
3733 321 3854 381 1033

593 434 716 502 niis,
747 442 834 488 aut
860 433 1031 502 aliqua
1071 431 1218 501 regni
1251 423 1414 486 nostri
1445 435 1653 500 magna,
1679 432 1762 488 vel
1812 445 1974 502 parva
2029 445 2149 502 pere
2178 435 2227 494 Α
2256 439 2473 501 propter
2523 431 2949 502 deprecationem
3017 436 3294 491 mcmOrati
3351 436 3452 491 viri
3529 440 3853 498 venerabilis

596 515 725 577 sons
745 515 852 590 fani
873 518 1068 576 dictum
1093 521 1304 576 l’etrutu
1332 510 1528 574 sanetae
1546 511 1955 576 Ceneordiensls
1973 521 2154 576 eccle-s
2259 519 2528 575 Benedicti
2578 521 2818 587 abbatis,
2873 524 2945 578 ita
2997 525 3377 591 concessimus,
3427 537 3491 580 et
3547 527 3853 586 eortlirmari

593 612 690 666 size
716 603 1049 681 episcopum,
1077 599 1312 681 suosque
1346 606 1684 666 successores
1729 610 2050 680 inquietare,
2072 613 2156 667 vel
2251 608 2924 681 jussimus.Pratcipit-ntes
2936 623 3064 682 ergo
3082 612 3354 683 jubemus,
3373 613 3534 684 quod
3565 627 3851 684 perpetua-

596 702 880 760 tnolestare
901 703 1114 768 audeat,
1145 695 1312 757 'veide
1337 702 1454 774 ipso
1482 702 1788 772 episcopat
1813 702 2008 774 aliquid
2038 703 2158 758 esis
2255 700 2376 757 liter
2393 699 2534 756 circa
2554 713 2906 756 memoratum
2933 701 3106 758 locum
3134 717 3446 759 mansurum
3510 717 3654 759 esse
3709 708 3846 762 voln-

594 805 740 862 gere,
753 791 847 847 sed
869 806 934 846 ea
959 792 1066 859 jam
1089 790 1261 844 dictus
1284 789 1585 860 episcopus,
1609 792 1800 861 suique
1816 789 2160 848 successores

599 869 836 949 paciliée,
860 890 917 937 et
933 881 1112 952 quiete
1133 889 1347 936 teneant
1365 881 1509 934 omni
1541 880 1902 950 inquietudine
1931 881 2158 936 remittat

598 972 654 1027 Si
694 972 813 1042 quis
841 970 1001 1042 igitur
1030 972 1314 1028 temerario
1345 986 1478 1026 ausu
1508 971 1646 1026 hanc
1669 981 1903 1027 nostram
1931 971 2161 1028 auctorio

599 1071 762 1117 talem
804 1063 1091 1132 infringere
1136 1066 1446 1128 tentaverit,
1477 1074 1568 1118 aut
1617 1077 1800 1118 eorum
1847 1064 2156 1133 quidquam,

599 1169 719 1224 qna:
747 1153 1322 1225 prohibemus,agere,
1344 1156 1476 1209 sciat
1500 1168 1561 1210 se
1589 1156 2006 1226 compositurum
2045 1153 2162 1210 aiiri

599 1245 784 1311 optiti
815 1244 976 1299 libras
993 1253 1225 1310 centeni,
1253 1245 1589 1300 medietatem
1611 1261 1834 1302 camera
1865 1257 2083 1310 nostra,
2109 1254 2166 1302 et

597 1337 939 1392 medietatem
972 1337 1239 1392 multoties
1260 1335 1368 1406 jam
1393 1338 1538 1393 diczo
1579 1337 1736 1393 Petro
1781 1345 1990 1393 sancta;-
2025 1330 2166 1393 Cana

599 1425 892 1482 cordiensis
927 1426 1166 1481 ecclesia:
1199 1426 1476 1496 episcopo,
1501 1427 2163 1497 suisqneancessoribos.

601 1515 750 1584 Quod
777 1524 833 1570 ut
853 1517 1031 1572 verius
1050 1517 1321 1583 credatur,
1351 1525 1408 1572 et
1451 1517 1761 1587 diligentius
1800 1519 1870 1572 ab
1919 1519 2167 1573 omnibus

600 1609 932 1675 observetur,
955 1606 1112 1678 sigilli
1140 1609 1309 1664 nostri
1331 1608 1684 1678 impressione
1708 1611 1846 1664 subtt
1863 1620 1896 1666 r
1930 1610 2168 1680 insigniri

599 1699 882 1768 iussimus,
907 1713 1066 1754 manu
1092 1700 1304 1770 propria
1327 1701 1660 1757 roborautes.

671 1793 889 1860 Signum
911 1792 1091 1849 domui
1114 1791 1290 1849 Caroli
1329 1795 1698 1865 gloriosissitni
1724 1795 1885 1863 regis.

675 1881 1042 1938 Etrambaldus
1067 1884 1417 1940 caneellarius
1443 1885 1510 1938 ad
1541 1885 1903 1940 vicem........
1932 1884 2169 1953 episcopi

597 1972 1048 2030 archicancellarii
1072 1976 1392 2046 recognovit.
1427 1981 1581 2030 Anno
1608 1989 1634 2018 ιι
1662 1975 1731 2030 54
1757 1975 1952 2032 Franc.
1993 1975 2166 2046 regni,

598 2073 651 2120 rt
679 2066 964 2122 Dominica:
993 2068 1372 2125 lncarnationis
1401 2070 1528 2126 8.2.

671 2160 856 2214 Datum
897 2160 1064 2227 pridie
1094 2162 1232 2218 Non.
1259 2164 1475 2232 Aprilis.

670 2249 858 2306 Arium
884 2252 1236 2319 Francolurti,
1256 2269 1396 2310 anno
1421 2264 1544 2310 ut!
1573 2266 1742 2326 regni.

1293 2382 1476 2443 XVIII.

603 2499 769 2553 Caroli
825 2489 1024 2571 Magni,
1050 2489 1306 2569 diploma,
1337 2516 1437 2570 quo
1483 2495 1657 2554 Omnia
1701 2500 1852 2565 banc,
1888 2500 2171 2571 priuilegia,

667 2581 712 2623 ct
734 2572 859 2640 jura
890 2557 1129 2640 Farfens'i
1156 2557 1380 2624 coracino
1405 2571 1693 2639 conﬁrmat.
1737 2557 1910 2642 (Att-uo
1946 2567 2016 2626 80
2040 2557 2100 2640 οἵ.

871 2673 963 2740 (Ex
987 2678 1262 2737 lluratorio,
1287 2676 1532 2740 Scriptore
1550 2692 1713 2730 rerum
1738 2680 1916 2743 Italic.)

672 2780 894 2836 Carolus
916 2781 1290 2838 serenissimtts
1314 2791 1588 2853 augustos,
1618 2799 1647 2838 a
1703 2785 1811 2840 Deo
1862 2797 2170 2854 coronatus,

603 2888 845 2946 magnus,
873 2875 927 2929 et
954 2873 1205 2944 paciﬁcus
1243 2873 1532 2946 imperator
1579 2875 1935 2932 Romanorum
1981 2879 2175 2946 guber-

603 2982 735 3023 nans
767 2967 1048 3037 imperium
1087 2968 1174 3038 qui
1229 2977 1284 3024 et
1341 2983 1435 3038 per
1476 2967 1893 3026 miscricordiam
1937 2970 2028 3025 Dei
2079 2986 2174 3026 rex

605 3058 936 3113 Francorum
965 3068 1018 3114 et
1047 3058 1540 3130 Langobardorum.
1587 3060 1644 3118 Si
1676 3077 1760 3124 ea,
1787 3072 1905 3132 qua:
1941 3077 1971 3117 a
2006 3063 2172 3118 Deum

2259 804 2396 855 ntus,
2415 799 2472 844 ut
2497 790 2676 845 nullus
2701 789 2929 860 quilibet
2958 791 3288 848 de'lldeiibus
3310 793 3529 848 nostris
3565 807 3734 847 mem
3755 810 3778 848 r
3807 806 3851 849 to

2257 884 2374 937 viro
2395 879 2686 939 Venerabili
2711 885 3003 941 Benedicto
3049 884 3248 950 abbati,
3296 896 3387 941 aut
3437 889 3853 944 sur-mribus

2258 973 2369 1028 suis
2393 973 2444 1028 in
2474 987 2787 1044 perpetuum
2813 974 2879 1029 de
2904 976 3012 1043 jam
3038 975 3196 1030 dictis
3225 978 3406 1040 reims,
3455 991 3612 1046 quas
3647 980 3850 1046 ιιι-εἷκε,

2258 1075 2380 1118 casa
2411 1066 2501 1120 Dei
2535 1065 2790 1120 moderno
2822 1075 3083 1135 tempore,
3120 1065 3171 1120 id
3209 1075 3293 1121 est
3346 1067 3418 1123 ab
3487 1067 3849 1124 incarnatione

2262 1153 2473 1209 Domini
2496 1154 2661 1209 nostri
2691 1154 2816 1210 Jesu
2839 1155 3039 1211 Christi
3068 1156 3172 1212 805
3193 1168 3244 1210 et
3293 1170 3356 1210 lit
3413 1157 3654 1224 ἱιηβιτίἱ
3706 1158 3848 1212 nostri

2258 1242 2401 1313 juste
2429 1247 2486 1298 e't
2509 1245 2900 1300 rationabiliter
2918 1246 3103 1315 quieto
3126 1246 3310 1300 ordine
3340 1247 3646 1314 possidere
3697 1249 3848 1301 cet-ai-

2265 1342 2375 1400 tur,
2403 1343 2492 1389 aut
2520 1334 2570 1390 in
2601 1345 2725 1390 ante
2778 1335 3006 1391 Domino
3060 1335 3315 1405 largiente
3372 1335 3641 1405 legitimo
3686 1336 3847 1391 ordine

2265 1427 2542 1495 acquirere
2571 1425 2822 1495 potuerit,
2847 1425 3165 1496 inquietare,
3196 1440 3292 1480 nec
3319 1427 3738 1492 condemnare,
3767 1442 3845 1480 nec

2266 1515 2463 1586 aliquid
2488 1515 2682 1571 exinde
2705 1515 2898 1584 injuste
2921 1517 3252 1586 abstrahere,
3290 1526 3383 1571 aut
3432 1518 3699 1572 minuere
3736 1525 3842 1586 quos

2267 1619 2374 1676 quo
2397 1615 2636 1675 tempore
2670 1615 2975 1675 praesumat.
3003 1605 3110 1660 Sed
3158 1620 3254 1674 per
3303 1605 3407 1660 hoc
3449 1618 3670 1660 metm
3717 1617 3841 1674 sete:

2270 1697 2450 1752 uitatis
2479 1705 2636 1767 atque
2653 1696 3073 1752 conﬁrmationis
3090 1704 3440 1766 prmeeptum,
3469 1705 3704 1762 nostris,
3725 1695 3838 1749 luta-

2200 1783 2244 1844 8
2275 1786 2803 1856 risque,temporibus
2831 1785 2897 1838 ad
2939 1787 3103 1854 ipsam
3149 1797 3388 1840 sanctam
3431 1784 3543 1839 Dei
3575 1786 3836 1840 Eecleiaa

2271 1878 2510 1946 proliciat
2568 1876 2621 1930 in
2677 1874 2995 1943 augmentis,
3045 1883 3304 1945 quatenus
3365 1875 3522 1928 omni
3589 1885 3833 1943 tempore,

2277 1968 2478 2037 absque
2495 1966 2775 2034 cujuslibet
2805 1967 2982 2021 illicita
3001 1969 3391 2033 contrarietate,
3414 1970 3571 2037 ipsas
3596 1980 3682 2021 res
3701 1975 3834 2035 sape.

2269 2059 2379 2130 rius
2405 2056 2835 2126 comprehensas,
2861 2064 3093 2111 rectores
3119 2057 3282 2127 ipsius
3307 2057 3635 2112 monaSterii
3667 2065 3830 2112 tenere

2269 2159 2324 2206 et
2353 2150 2626 2220 possidere
2653 2149 2908 2213 debeant;
2952 2149 3024 2201 ita
3069 2157 3124 2201 ut
3189 2149 3381 2204 melius
3433 2149 3672 2204 delectet
3715 2166 3832 2218 pne-

2269 2242 2414 2297 dicto
2438 2239 2724 2294 venerabili
2755 2239 2868 2294 viro
2896 2237 3176 2294 BenedLCto
3199 2238 3403 2304 abbati,
3423 2250 3587 2309 atque
3615 2237 3830 2310 ejusdem

2270 2331 2512 2388 ecclesite
2538 2329 2931 2400 congregationi
2961 2328 3013 2384 in
3063 2337 3375 2399 perpetuum
3431 2345 3530 2398 pro
3576 2336 3744 2397 nobis,
3788 2339 3831 2384 et

2274 2439 2371 2494 pro
2392 2423 2679 2479 stabilitate
2709 2421 2918 2492 imperii
2947 2422 3138 2487 nostri,
3169 2437 3264 2478 seu
3289 2438 3385 2492 pro
3415 2425 3534 2479 liitis
3559 2439 3607 2479 et
3633 2425 3832 2478 litiabns

2271 2514 2488 2581 nostris,
2512 2526 2607 2568 seu
2637 2527 2732 2583 pro
2787 2521 2978 2568 cuncto
3029 2512 3224 2584 pupulo
3275 2513 3418 2567 nobis
3451 2528 3481 2565 a
3528 2513 3636 2568 Deo
3673 2515 3817 2580 (Iulo,

2270 2609 2522 2665 attetttius
2543 2604 2740 2676 jugitcr
2763 2605 2997 2660 divinam
3026 2620 3250 2662 exorare
3275 2606 3606 2661 clementiam.
3660 2607 3725 2660 Et
3763 2617 3819 2660 ut

2273 2697 2387 2752 inec
2437 2697 2722 2752 auctoritas
2770 2695 2975 2750 iirmior
3021 2696 3307 2762 habeatur,
3353 2704 3408 2751 et
3447 2710 3539 2764 per
3591 2709 3825 2762 tempora

2273 2785 2584 2855 diligentius
2634 2786 2966 2854 observetur,
2994 2784 3142 2855 juxta
3190 2787 3630 2841 consuetudinem
3679 2789 3825 2854 impe-

2275 2881 2461 2936 riaiem
2511 2881 2885 2952 subscribere,
2937 2889 2993 2936 et
3039 2880 3108 2935 de
3152 2882 3311 2935 anulo
3364 2893 3554 2936 nostro
3605 2879 3822 2950 iussimus

2271 2972 2530 3044 sigillare.

2347 3063 2536 3118 Datum
2580 3063 2754 3120 idibus
2779 3061 2921 3119 Junii
2947 3079 3013 3117 an
3035 3071 3090 3118 ttt
3120 3062 3333 3118 Christo
3365 3065 3615 3134 propitio
3655 3066 3813 3134 inponi

607 3148 911 3204 timentibus
937 3148 1242 3204 hominibus
1271 3149 1404 3206 locis
1450 3161 1775 3215 sanctorum,
1827 3153 1896 3206 ob
1935 3167 2171 3208 amorem
2200 3127 2249 3194 θ
2278 3157 2468 3221 nostri,
2497 3164 2549 3210 et
2573 3171 2708 3210 xxxv
2740 3155 2886 3224 regni
2915 3157 3082 3209 nostri
3112 3156 3163 3210 iu
3210 3154 3472 3223 Francia,
3531 3168 3680 3229 atque
3716 3171 3801 3210 xm

608 3241 844 3308 Domini,
886 3252 938 3298 et
962 3243 1412 3313 Opportunitatem
1435 3257 1708 3300 servorum
1741 3245 1855 3307 Dei,
1879 3244 2174 3302 condonata

602 3347 722 3388 esse
749 3341 1064 3400 noscuntur,
1099 3333 1296 3387 nostris
1320 3332 1816 3388 conlirrnaverimus
1835 3334 2046 3400 edictis,
2070 3351 2173 3392 non

581 3426 778 3480 solum
807 3423 1008 3494 regiam
1033 3433 1349 3481 exercemus
1386 3425 1846 3487 consuetudinem.
1878 3425 1970 3480 sed
2015 3426 2177 3481 etiam

607 3518 710 3568 hoc
749 3513 902 3569 nobis
947 3514 1130 3583 procul
1177 3513 1342 3568 dubio
1381 3513 1444 3567 ad
1500 3515 1760 3570 mercedis
1811 3525 2176 3584 augmentum,

607 3618 702 3659 seu
723 3602 1061 3658 stabilitatem
1090 3601 1296 3669 imperii
1328 3603 1492 3657 nostri
1537 3603 1589 3658 in
1619 3604 1707 3658 Dei
1743 3605 1958 3660 nomine
2012 3607 2176 3674 perti-

585 3707 740 3748 nere
767 3693 1109 3748 conlidimus.
1138 3687 1473 3762 Quapropter
1502 3703 1684 3748 notum
1716 3695 2050 3750 sitoutnibus
2068 3697 2182 3765 cpi.-

610 3790 806 3860 scopis,
855 3787 1154 3856 abbatibus,
1202 3788 1445 3853 ducibus,
1495 3787 1814 3858 comitibus,
1869 3791 2177 3858 castaldiis,

610 3882 844 3950 vicariis,
878 3881 1198 3938 ccntenariis
1220 3923 1236 3949 ,
1270 3881 1608 3949 actionariis,
1632 3883 1712 3938 vel
1745 3882 1958 3952 reliquis
2013 3881 2182 3937 ﬁdeli-

613 3976 710 4030 bus
737 3976 958 4039 nostris,
991 3973 1340 4042 prasentibus
1360 3973 1585 4038 scilicet,
1617 3986 1672 4028 et
1702 3974 1921 4039 futuris,
1955 3975 2074 4041 quia
2101 3975 2183 4029 vir

581 4064 934 4119 ‘venerabilis
975 4064 1291 4118 Benedictus
1332 4065 1610 4129 religionis
1658 4064 1824 4119 abbas
1871 4064 2180 4118 monasterii

607 4165 807 4212 sancta:
833 4153 1009 4211 Mariae
1029 4170 1348 4226 semperque
1373 4157 1610 4224 virginis,
1639 4165 1694 4210 et
1740 4155 2022 4211 Genitricis
2064 4155 2179 4219 Dei,

608 4249 749 4318 quod
792 4249 954 4303 situm
1007 4255 1092 4302 est
1144 4247 1197 4302 in
1245 4247 1515 4302 territorio
1574 4246 1891 4312 Sabinensi,
1931 4246 2050 4302 loco
2093 4245 2180 4316 qui

609 4340 804 4393 dicitur
854 4339 1163 4403 Acutianus,
1211 4335 1599 4391 mansuetudini
1654 4346 1851 4392 nostra)
1903 4336 2182 4406 suggessit,

611 4439 814 4498 petens,
831 4437 886 4480 ut
908 4439 996 4481 res
1022 4425 1187 4494 ipsius
1210 4427 1536 4492 monasterii,
1553 4438 1668 4495 qua:
1695 4441 1723 4478 a
1753 4425 1911 4494 longo
1937 4439 2174 4492 tempore

611 4519 678 4574 ad
711 4520 884 4586 ipsum
909 4528 1156 4572 sanctum
1197 4519 1392 4583 locum,
1423 4533 1514 4586 per
1543 4517 1874 4572 diversorum
1904 4515 2173 4571 hominum

613 4611 958 4677 donationes,
1003 4609 1245 4664 videlicet
1297 4624 1505 4677 regunt,-
1555 4609 1892 4677 reginarum,
1941 4609 2176 4676 ducum,

615 4699 947 4768 pontiﬁcum,
976 4699 1250 4761 comitum,
1297 4697 1694 4765 castaldiorom,
1743 4699 1827 4752 Vel
1874 4699 2184 4754 collationes

615 4787 815 4858 populi,
849 4788 930 4842 vel
978 4789 1267 4852 cessiones,
1316 4787 1671 4852 venditiones,
1720 4790 2179 4856 comparationes,

613 4881 1162 4949 commutationesque
1204 4887 1577 4949 pervenerunt,
1602 4879 1669 4933 de
1697 4880 1888 4950 quibus
1920 4882 2029 4950 ipsa
2063 4895 2184 4934 casa

616 4968 707 5023 Dei
737 4970 992 5024 ntoderno
1017 4981 1273 5036 tempore,
1305 4968 1435 5022 idem
1463 4968 1530 5021 ab
1573 4971 1935 5024 incarnatione
1981 4970 2188 5024 Domini

615 5062 781 5115 IIOSiri
811 5057 940 5114 Jeso
994 5057 1196 5114 Christi
1252 5057 1356 5112 ὅ(έὸ
1413 5072 1574 5124 anno,
1603 5070 1762 5129 atque
1805 5073 1945 5113 anno
1985 5060 2188 5127 imperii

617 5149 785 5204 nostri
816 5164 872 5203 III
905 5149 1209 5203 investitnnt
1237 5150 1452 5215 habere,
1487 5148 1568 5203 vel
1611 5152 1792 5217 quieto
1829 5149 2016 5204 ordine
2064 5162 2187 5214 pos-

617 5240 794 5296 sidere
850 5239 1099 5304 videtur,
1145 5252 1239 5308 per
1288 5252 1605 5308 pratceptutn
1657 5239 1816 5308 regia:
1863 5239 2190 5292 auctoritatis

619 5342 815 5388 nostra:
838 5348 932 5403 pro
963 5332 1226 5387 mercedis
1275 5341 1468 5386 nostra:
1511 5342 1818 5400 augmento,
1849 5329 1913 5385 ad
1946 5330 2189 5385 eumdem

618 5435 860 5478 sanctum
913 5423 1092 5480 locum
1125 5423 1329 5493 plenius
1358 5425 1546 5478 Cedere
1576 5435 1630 5477 et
1674 5423 1987 5478 conﬁrmare
2034 5422 2192 5491 jube-

620 5530 816 5570 retnus.
850 5517 1013 5587 Cujus
1040 5517 1278 5586 petitioni
1301 5532 1614 5581 annucn.es,
1631 5517 1694 5570 nd
1721 5515 1983 5570 mercedis
2001 5524 2196 5570 nostra:

618 5617 982 5678 augmentum,
1015 5624 1110 5680 pro
1155 5610 1454 5665 reverentia
1511 5610 1674 5677 ἰιεεῖιις
1733 5607 1905 5662 sancti
1965 5607 2087 5674 ioci,
2113 5606 2199 5662 vel

2208 4476 2256 4538 ι)

2279 3248 2332 3304 in
2363 3246 2506 3302 Italia
2529 3263 2543 3313 ;
2564 3245 2852 3301 indictione
2883 3246 3178 3302 undecima.

2351 3341 2541 3394 Actum
2575 3338 2741 3408 Aquis
2763 3337 2956 3407 palatio
2975 3347 3156 3392 nostro
3179 3337 3415 3408 publiCo,
3435 3341 3497 3393 in
3536 3341 3627 3395 Dei
3644 3336 3787 3394 assist

2278 3431 2525 3488 feliciter.
2549 3434 2741 3487 Amen.

2992 3500 3132 3558 XIX.

2369 3596 2613 3668 Diploma
2657 3593 2830 3652 Caroli
2885 3593 3064 3665 Magni
3096 3611 3209 3668 pro
3253 3593 3474 3648 ecclesia
3534 3591 3766 3648 Cradmi

2893 3669 3068 3732 (Antio
3091 3665 3240 3732 805).

2695 3777 2788 3842 (Ex
2821 3775 3070 3841 Ugheliio,
3091 3778 3225 3829 italia
3247 3779 3438 3840 Sacra.)

2352 3878 2576 3934 Carolus
2595 3879 2968 3934 serenissimus
3001 3891 3252 3950 angustus
3305 3895 3334 3934 a
3385 3881 3502 3936 Deo
3549 3892 3833 3943 coronatus,

2282 3983 2528 4040 magnus,
2561 3982 2616 4024 et
2644 3969 2892 4039 paciﬁcus
2918 3970 3206 4039 imperator
3234 3971 3535 4026 Romanum
3560 3975 3838 4042 gubernant

2281 4058 2598 4128 imperium,
2638 4069 2692 4112 et
2718 4074 2812 4129 per
2839 4061 3254 4116 misericordiam
3285 4061 3374 4115 Dei
3407 4079 3500 4117 rex
3534 4062 3840 4119 Francorum

2285 4163 2338 4207 et
2358 4150 2604 4220 Longoba
2613 4149 2851 4204 rdoruttt.
2866 4149 3149 4205 Maximum
3164 4151 3318 4222 regni
3331 4154 3503 4206 nostri
3521 4152 3574 4206 in
3593 4155 3711 4206 hoc
3725 4164 3844 4222 agerc

2282 4244 2552 4300 credimus
2579 4243 2990 4312 immunitatum,
3019 4244 3064 4298 si
3114 4245 3453 4312 petitionibus
3499 4247 3846 4303 sacerdotum.

2283 4337 2370 4390 vel
2407 4349 2682 4389 servorum
2721 4333 2973 4404 Dei,qu:e
3008 4333 3205 4389 nostris
3250 4335 3466 4388 auribus
3513 4333 3733 4390 iuerint
3758 4345 3849 4399 pro-

2291 4412 2430 4489 Iataa,
2461 4423 2683 4478 libenter
2711 4436 3042 4488 amittamus,
3070 4431 3123 4479 et
3149 4438 3241 4480 eas
3287 4424 3339 4478 in
3390 4422 3482 4478 Dei
3534 4428 3769 4480 nomine
3806 4422 3853 4474 ad

2286 4515 2532 4569 eilectum
2588 4511 2962 4580 perducamus.
3015 4511 3183 4583 Igitur
3243 4523 3422 4566 notum
3481 4512 3554 4566 sit
3623 4514 3856 4568 omnibus

2288 4603 2535 4659 lidelibus
2569 4603 2768 4656 nostris
2806 4603 3178 4670 praesentibus,
3203 4612 3259 4655 et
3287 4602 3497 4666 futuris,
3528 4606 3781 4670 qualiter
3803 4605 3860 4654 r‘u

2289 4693 2610 4749 venerabilis
2651 4691 2972 4747 Fortunatus
3028 4691 3315 4748 Gradt-nsis
3361 4693 3682 4762 patriarcha
3706 4736 3724 4759 ,
3749 4697 3861 4750 sedis

2287 4787 2456 4844 sancti
2483 4787 2642 4840 Marct
2671 4783 3029 4853 evangelista,
3061 4793 3114 4840 et
3135 4794 3330 4839 sancta
3359 4784 3722 4841 liermacorre
3777 4789 3865 4854 epi-

2288 4894 2482 4949 scopus
2505 4877 2795 4934 Serenitati
2823 4886 3019 4931 nostra:
3047 4876 3233 4945 petiit,
3276 4885 3334 4930 ut
3387 4875 3492 4930 tale
3551 4877 3866 4932 bes-eliciunt

2290 4971 2431 5024 circa
2498 4969 2695 5022 dictam
2765 4975 3110 5023 memoratam
3161 4973 3400 5019 sanctam
3453 4965 3763 5022 ecclesiam
3819 4957 3868 5020 ex

2293 5071 2476 5116 nostra
2505 5059 2833 5129 indulgentia
2863 5057 3159 5113 concedere
3192 5067 3261 5112 ‘et
3305 5057 3635 5112 conﬁrmare
3691 5061 3872 5113 debea-

2292 5162 2431 5216 tnns,
2463 5160 2725 5221 quatenus
2770 5151 2869 5204 sub
2914 5147 3263 5202 immanitatis
3317 5149 3555 5214 nomine,
3588 5157 3717 5202 tam
3760 5151 3871 5218 ipse.

2290 5258 2446 5312 quam
2501 5242 2828 5310 sacerdotes,
2858 5251 2914 5296 et
2960 5239 3172 5310 reliqui,
3204 5253 3410 5294 necnon
3455 5241 3653 5308 servi,
3689 5242 3873 5298 colam.

2297 5336 2385 5403 qui
2415 5335 2467 5388 in
2500 5333 2656 5388 terris
2699 5334 2810 5388 suis
2835 5343 3172 5386 commonent
3204 5333 3255 5386 in
3289 5331 3463 5397 lstria,
3495 5329 3874 5392 Romandiota,

2300 5441 2392 5482 seu
2417 5428 2467 5480 in
2501 5424 2982 5495 Longobardia,vc|
3015 5423 3208 5492 ubique
3236 5422 3416 5492 quieto
3436 5422 3664 5477 tramite
3689 5426 3875 5484 vivere,

2302 5527 2356 5572 et
2377 5518 2616 5572 residere
2643 5517 2895 5571 debeant.
2927 5514 3091 5583 Cujus
3117 5515 3456 5584 petitionem,-
3477 5513 3598 5582 ejus
3635 5517 3876 5572 servitio.

2306 5619 2360 5664 et
2412 5608 2614 5664 meritis
2669 5608 3134 5678 compeilcntihus,
3161 5607 3426 5677 denegare
3467 5606 3777 5676 noluimus,
3807 5604 3879 5660 sd

693 5730 718 5756 ⁸
780 5721 871 5776 Ila:
919 5733 1056 5778 notae
1108 5723 1440 5790 temperari-.c
1495 5723 1734 5778 videntur
1775 5722 2180 5778 amanuensittm
2219 5735 2404 5779 errore
2428 5732 2578 5775 extra
2601 5721 2845 5778 ordinem
2879 5721 3083 5790 posita).
