3964 6344
570 342 700 410 1031

1465 328 1526 400 tr.
1565 343 1819 402 cauom
1857 341 2074 400 unum
2116 342 2269 401 ore.
2310 344 2488 405 PARS
2519 347 2561 418 l,
2601 346 2846 407 SECTIO
2884 349 2951 405 tt.

3743 367 3764 418 Ι
3775 368 3869 424 01ἱῖ

569 465 849 538 praefatum
874 458 1070 534 aliquid
1092 460 1326 532 pertinet
1347 461 1755 524 monasterium.
1774 462 1894 520 sive
1921 463 1974 518 in
2005 479 2158 518 mon-
2183 468 2235 526 Α
2261 465 2341 522 ira
2370 469 2487 538 ejus
2531 485 2688 543 aqua.
2743 471 3030 528 Prtel'atum
3073 464 3330 542 montem,
3371 477 3461 548 qui
3504 489 3755 535 vocatur
3782 486 3866 539 Gi-

570 559 730 624 tibus,
758 571 852 610 seu
895 555 946 610 in
977 553 1294 624 planitiebus
1321 553 1611 609 secundum
1651 554 1824 625 legum
1856 557 2160 624 promulga-

571 651 740 704 tiones
770 647 1158 710 Romanarum,
1192 647 1237 700 si
1277 646 1532 716 quaelibet
1555 645 1679 702 inde
1710 647 1965 717 particula
2001 648 2160 702 dimi-

572 747 698 792 nuta
735 736 915 801 luerit,
947 735 1268 806 requiratur,
1303 736 1372 790 ita
1405 745 1460 790 ut
1505 751 1600 804 per
1625 736 1826 793 circum
1881 749 2160 795 manentes

570 829 694 884 boui
724 827 1037 894 testimonii,
1067 825 1329 896 boumque
1382 816 1538 882 fama:
1589 826 1832 884 homines
1887 828 2160 898 inquisitio

572 919 641 976 de
663 919 825 975 rebus
857 917 1097 988 ejusdem
1123 917 1213 971 liat
1239 917 1490 984 emnobii,
1519 918 1704 988 sicque
1742 918 1807 973 ad
1836 918 1947 988 jus,
1980 928 2034 975 et
2061 919 2161 974 do-

573 1010 819 1076 minium,
844 1020 1004 1081 atque
1025 1010 1420 1079 possessionem
1446 1017 1754 1080 perpetuam
1778 1011 1945 1082 ipsius
1975 1024 2162 1068 mona-

572 1100 732 1156 sterii
783 1098 1576 1157 devolvaturti’ermutationes
1625 1115 1754 1158 vero
1805 1099 2159 1158 iutmobilium

573 1205 752 1249 rerum
779 1191 1019 1263 ejusdem
1048 1192 1383 1257 monasterii,
1408 1208 1526 1262 qua:
1545 1192 1698 1248 iactae
1725 1202 1872 1260 sunt,
1904 1201 2010 1249 tam
2038 1208 2159 1251 cum

571 1283 786 1353 praediis
814 1283 1091 1354 putestatis
1119 1291 1319 1338 nostrae
1346 1298 1504 1352 quam
1535 1295 1658 1338 cum
1686 1284 1807 1339 aliis
1828 1285 2158 1354 hominibus,

569 1373 639 1429 ita
672 1375 874 1443 ﬁrmas;
901 1383 956 1430 et
981 1373 1202 1429 stabiles
1233 1374 1542 1430 perenniter
1571 1373 1686 1430 fore
1707 1375 2069 1442 decernimus,
2097 1389 2164 1433 ac

570 1465 615 1520 si
637 1465 708 1520 ab
727 1464 880 1521 initio
895 1465 1292 1521 constitutionis
1321 1463 1458 1533 ejus,
1477 1465 1607 1535 ipsa;
1636 1474 1723 1521 res
1748 1465 1922 1522 eidem
1951 1467 2162 1523 collata

569 1552 796 1610 fuissent
822 1554 1092 1610 cmnobio.
1148 1552 1203 1608 Si
1232 1553 1352 1622 quis
1409 1553 1569 1624 igitur
1613 1554 1934 1610 temerarius
1962 1555 2163 1626 aliquid

568 1654 756 1700 contra
790 1643 945 1714 hujus
977 1651 1174 1698 nostra
1203 1643 1497 1698 sanctionis
1539 1645 1921 1714 pragmaticum
1950 1647 2162 1702 maelii-

570 1737 722 1802 nari,
755 1734 839 1790 vel
896 1749 1152 1804 peragere
1201 1736 1620 1805 praesumpserit,
1651 1737 1784 1791 sciat
1827 1751 1887 1792 se
1939 1753 2046 1793 xxx
2087 1737 2155 1793 li-

571 1826 787 1880 brarum
814 1824 1211 1881 communitatis
1243 1826 1437 1880 nostra!
1469 1829 1679 1894 pinnam
1710 1827 2106 1896 persoluturum
2135 1869 2152 1896 ,
2191 1819 2241 1881 Β
2267 1819 2456 1915 ﬁdem
2499 1848 2695 1902 manus
2735 1846 2945 1915 Anim,
2984 1849 3041 1905 ει
3066 1819 3212 1906 {mm
3241 1819 3336 1923 pg}
3378 1819 3614 1926 ﬁge—ia:

570 1916 908 1973 medietatem
953 1918 1087 1986 parti
1120 1916 1297 1986 palatii
1327 1919 1492 1972 nostri
1517 1927 1572 1972 et
1615 1918 1956 1975 medietatem
1980 1921 2155 1991 saepe-

568 2006 712 2062 dicto
741 2015 928 2061 sancto
955 2006 1226 2062 cmnobim
1257 2005 1327 2061 Et
1354 2016 1409 2060 ut
1438 2009 1638 2063 certius
1666 2010 1933 2077 credatur,
1965 2025 2061 2066 seu
2089 2012 2156 2067 ab

569 2095 814 2152 omnibus
865 2095 1244 2152 inviolabiliter
1291 2096 1650 2166 observetur,
1706 2100 1909 2156 annulo
1966 2109 2154 2168 nostro

567 2187 753 2243 subter
774 2186 1144 2256 Sigillavimus;

638 2277 882 2346 Signum.

1281 2367 1449 2424 XXII.

573 2483 600 2512 ⁸
625 2477 872 2552 Diploma
911 2481 939 2521 ι)
976 2479 1147 2552 Cargli
1178 2477 1360 2550 Magni
1385 2490 1434 2534 et
1463 2479 1650 2540 Leonta
1695 2478 1795 2536 111

884 2553 1041 2606 sterio
1066 2549 1481 2620 Triumpontiuut
1501 2555 1662 2622 (anno
1683 2552 1834 2624 805).

984 2662 1080 2726 (Ex
1109 2661 1356 2726 Ughellio,
1380 2661 1523 2713 Italia
1549 2663 1741 2726 Sacra.)

644 2770 700 2824 in
740 2767 958 2824 nomine
987 2768 1196 2822 Domini
1244 2767 1344 2822 Dei
1391 2766 1686 2823 Salvatoris
1738 2767 1904 2824 nostri
1934 2767 2156 2825 Christi.

571 2861 680 2918 Leo
703 2863 1006 2932 episcopus,
1032 2873 1217 2916 servus
1241 2873 1518 2915 servorum
1552 2859 1663 2927 Dei,
1699 2867 1758 2916 et
1779 2857 2006 2917 Carolus
2031 2861 2151 2916 Ma-

571 2967 708 3022 gnus
737 2961 793 3008 et
837 2951 966 3008 Pius
1001 2965 1117 3018 rex,
1172 2949 1274 3005 hac
1313 2950 1424 3017 die,
1473 2951 1620 3006 nullo
1648 2951 2011 3019 prohibente,
2058 2967 2160 3008 nec

569 3045 994 3110 contradicente,
1025 3043 1123 3100 sed
1173 3044 1388 3114 propria
1434 3055 1618 3098 nosua
1666 3044 1939 3100 Voluntate
1966 3051 2162 3100 cence-

569 3139 767 3205 tlitnus,
795 3138 1076 3203 tradimus,
1112 3145 1167 3193 et
1190 3151 1287 3208 per
1317 3137 1560 3208 paginam
1588 3150 1804 3193 aaream.
1836 3138 2157 3194 Exauratam

569 3234 624 3288 in
669 3233 982 3303 perpetuum
1028 3230 1294 3287 donamus
1341 3230 1458 3296 tibi,
1511 3231 1666 3285 beate
1720 3239 1924 3302 martyr
1959 3229 2162 3285 Christi

569 3323 845 3388 Anastaxi,
874 3329 932 3376 ut
977 3335 1078 3390 pro
1123 3329 1196 3384 te,
1248 3329 1447 3390 tuoque
1497 3322 1850 3387 monasterio,
1903 3321 2047 3392 quod
2075 3330 2165 3376 est

573 3412 809 3484 positum
855 3412 923 3466 ad
955 3411 1158 3480 Aquam
1188 3410 1446 3476 Salviam,
1477 3410 1529 3464 id
1557 3419 1663 3477 est,
1712 3421 1898 3479 totam,
1929 3421 1985 3467 et
2025 3413 2165 3468 inte-

573 3520 718 3574 gram
743 3504 1038 3567 civitatem,
1067 3517 1187 3573 quae
1215 3503 1282 3558 ab‘
1311 3503 1563 3557 omnibus
1601 3513 1828 3558 vocatur
1870 3503 2164 3558 Ansidouia

573 3597 785 3651 insimul
815 3611 935 3651 cum
970 3602 1126 3664 portu
1159 3596 1245 3664 qui
1275 3605 1498 3649 vocatur
1528 3594 1768 3657 Dtenilia,
1802 3594 1929 3649 item
1957 3603 2012 3648 et
2039 3601 2165 3662 poris

575 3693 711 3751 tuut,
741 3686 832 3754 qui
857 3685 1052 3739 dicitur
1075 3683 1318 3750 Herculi,
1365 3695 1594 3750 necnon,
1627 3693 1682 3739 et
1710 3693 1944 3740 montem
1969 3693 2162 3754 totum,

576 3776 666 3844 qui
699 3784 922 3830 vocatur
944 3773 1160 3842 Gilium,
1207 3773 1344 3830 inira
1385 3787 1533 3831 mare
1571 3775 1822 3832 milliaria
1851 3784 2088 3842 centum,
2110 3783 2167 3832 at

577 3877 813 3922 montem
843 3866 936 3937 qni
964 3876 1186 3921 vocatur
1225 3871 1467 3932 .lannutt,
1513 3875 1569 3923 et
1598 3876 1768 3923 totum
1809 3877 2043 3924 montem
2074 3867 2164 3938 qui

577 3966 804 4012 vocatur
843 3957 1220 4026 Argentarium
1273 3957 1489 4013 insimul
1542 3967 1666 4013 cum
1703 3967 1852 4015 mare
1901 3959 2054 4028 juxta
2106 3967 2166 4014 se

578 4050 861 4106 habentem
885 4049 1132 4104 milliaria
1161 4056 1378 4104 centum
1411 4047 1549 4104 inira
1581 4050 1823 4119 pelagus,
1857 4051 1948 4120 qui
1970 4060 2052 4104 est
2084 4048 2163 4105 in-

1844 2497 1940 2553 pro
1983 2489 2162 2541 mana-3

652 4237 678 4267 α
723 4242 743 4276 ‹
771 4225 828 4280 in
855 4225 1073 4280 nomine
1105 4224 1335 4291 Domini,
1367 4225 1557 4281 Amen.
1594 4224 1705 4280 iioe
1726 4234 1812 4280 est
1831 4228 2164 4294 exemplum,

580 4311 676 4354 seu
707 4305 1099 4370 transumptqu
1129 4296 1407 4365 cujusdam
1426 4299 1731 4370 scriptura:
1763 4312 1856 4352 seu
1906 4301 2166 4370 privilegii

581 4368 940 4437 concessiunis
983 4369 1377 4437 etitlonationis
1425 4368 1890 4437 inl'rascriptorum
1935 4368 2164 4425 sitorum

582 4441 634 4490 itt
661 4435 886 4508 quadam
921 4436 1099 4489 tabula
1123 4452 1270 4489 aenea
1300 4440 1536 4502 inventa,
1562 4447 1614 4491 et
1645 4435 1858 4508 reperta
1887 4440 1937 4492 iu
1962 4440 2166 4508 scripto

2259 557 2412 624 lium,
2440 569 2494 615 et
2521 559 2772 629 Jannuti;
2819 563 2972 632 item,
3019 571 3076 620 et
3120 575 3378 632 castrum,
3431 568 3602 639 quod
3659 586 3866 629 vocatur

2260 650 2544 720 Orbitello,
2577 667 2700 708 cum
2726 654 2955 726 stagnio,
2989 664 3046 712 et
3071 655 3298 726 piscaria
3323 659 3480 730 juxta
3517 676 3616 726 se,
3663 673 3724 718 et
3756 680 3864 722 cum

2260 759 2360 800 suo
2391 746 2581 811 saline,
2607 746 2690 802 vel
2715 762 2838 803 cum
2869 750 3114 805 omnibus
3140 751 3249 807 suis
3294 756 3692 823 pertinentiis.
3725 758 3859 826 Item,

2259 846 2316 893 et
2341 837 2651 909 Maxiliano,
2675 851 2799 896 cum
2839 842 3094 899 omnibus
3120 845 3232 901 suis
3257 848 3651 917 pertinentiis,
3687 853 3862 908 simili-

2262 935 2364 996 ter,
2388 939 2444 985 et
2471 940 2732 998 montem,
2755 933 2844 1002 qui
2877 943 3098 991 vocatur
3125 937 3268 1006 Euti,
3295 951 3415 994 cum
3463 940 3744 998 omnibus
3768 949 3862 1002 suis

2263 1025 2622 1092 pertinentiis,
2655 1027 2745 1095 qui
2771 1037 2854 1081 est
2885 1029 3026 1084 inter
3058 1029 3251 1087 aiiines
3276 1032 3342 1086 ad
3376 1041 3561 1088 totam
3589 1035 3862 1092 civitate

2263 1114 2559 1184 praefatam.
2591 1117 2634 1171 A
2661 1117 2830 1186 primo
2860 1119 3029 1176 latere
3049 1128 3134 1177 est
3153 1137 3299 1178 mare
3320 1139 3623 1196 magnum,
3647 1136 3711 1184 et
3743 1123 3859 1185 inira

2262 1215 2392 1262 Vero
2441 1220 2608 1278 aquas
2658 1209 2844 1275 maris,
2895 1225 3018 1279 qua:
3066 1221 3193 1269 sunt
3232 1215 3502 1288 milliaria
3545 1225 3792 1283 centum.
3820 1229 3860 1277 et

2263 1306 2499 1352 montem
2531 1298 2692 1361 Gilio.
2720 1308 2773 1354 et
2800 1310 3060 1380 montem,
3092 1303 3184 1372 qui
3214 1317 3443 1363 vocatur
3473 1305 3738 1376 Jannuti,
3760 1327 3859 1380 qua

2262 1399 2387 1444 sunt
2410 1387 2547 1458 juris
2577 1389 2782 1458 praefati
2828 1378 2990 1448 vestri
3037 1397 3371 1463 monasterii,
3423 1407 3490 1453 et
3545 1414 3580 1453 a
3636 1378 3857 1458 secundo

2262 1480 2434 1537 latere
2459 1481 2784 1546 estﬂuvius,
2815 1485 2905 1553 qui
2951 1495 3174 1543 vocatur
3229 1489 3484 1554 Alvenia,
3520 1500 3586 1546 et
3640 1509 3672 1546 a
3726 1498 3859 1551 tertio

2263 1586 2393 1628 vero
2420 1573 2586 1628 latere
2625 1575 2798 1644 pergit
2823 1589 2980 1646 aqua,
3010 1589 3131 1646 quae
3155 1578 3353 1635 dicitur
3393 1581 3564 1648 Elza‘,
3599 1593 3657 1638 et
3681 1583 3851 1642 deinde

2265 1665 2441 1737 pergit
2477 1681 2644 1734 usque
2671 1667 2737 1722 ati
2783 1668 2979 1735 locum,
3011 1671 3100 1740 qui
3149 1677 3371 1728 vocatur
3417 1673 3706 1746 Serpena,
3752 1691 3797 1732 et
3830 1693 3852 1734 ε

2271 1765 2456 1824 quarto
2486 1756 2651 1812 latere
2679 1756 2835 1812 sicuti
2865 1759 3042 1814 evenit
3072 1775 3169 1830 per
3191 1761 3462 1832 Serpens,
3490 1769 3555 1821 'e't
3587 1770 3758 1838 pergit
3780 1786 3852 1836 per

3732 1862 3852 1914 venit

2259 1937 2311 1993 in
2343 1935 2635 2006 Buranum,
2665 1943 2722 1994 et
2746 1938 2902 1995 sicuti
2931 1942 3111 1997 evenit
3134 1959 3229 2012 per
3261 1943 3568 2013 Buranum,
3615 1959 3672 2004 et
3693 1965 3848 2006 rever-

2261 2030 2392 2108 titur
2438 2029 2606 2102 usque
2659 2031 2726 2087 all
2771 2030 3046 2102 praefatum
3089 2049 3236 2092 mare
3276 2052 3565 2108 magnum,
3608 2044 3782 2096 omnia
3807 2043 3851 2098 ia

2256 2103 2366 2177 iam
2398 2122 2527 2178 dicti
2568 2125 2732 2179 vestri
2771 2125 2942 2180 sancti
2973 2129 3286 2182 monasterii
3314 2103 3460 2198 juris
3493 2103 3850 2203 concedimus,

2259 2219 2313 2272 e't
2337 2212 2753 2272 irrevocabiliter
2778 2218 3058 2287 tradimus,
3088 2222 3177 2290 qui
3214 2231 3344 2278 sunt
3372 2228 3680 2295 montibus,
3707 2232 3849 2283 colli-

2260 2309 2384 2377 bus,
2419 2311 2588 2381 plagis
2619 2320 2671 2366 et
2703 2312 2939 2380 planitiis
2987 2314 3122 2379 suis,
3165 2317 3355 2384 pratis,
3401 2322 3645 2388 pascuis,
3684 2321 3843 2388 silvis,

2260 2403 2531 2471 pantanis,
2566 2403 2760 2471 puteis,
2797 2401 3054 2470 fontibus,
3087 2405 3218 2460 rivis
3249 2421 3407 2478 aquae
3435 2413 3634 2480 plenis,
3676 2423 3733 2469 et
3761 2420 3848 2482 pa-

2259 2493 2468 2549 rietinis
2493 2494 2744 2563 actiguis,
2786 2503 2844 2550 et
2873 2497 3062 2561 vineis,
3108 2497 3196 2553 vel
3223 2513 3347 2572 cum
3386 2503 3533 2558 otnni
3566 2518 3664 2560 sua
3696 2507 3842 2562 utili-

2263 2585 2394 2652 tate,
2425 2596 2478 2641 et
2507 2592 2628 2654 uSu,
2657 2585 2741 2641 vel
2772 2581 3124 2655 pertinéutiis,
3154 2599 3210 2644 et
3250 2591 3456 2661 insuper
3481 2595 3837 2652 concedimus

2260 2675 2358 2732 tibi
2390 2675 2614 2745 praefata
2644 2673 2852 2747 martyr
2876 2675 3075 2732 Christi
3103 2679 3346 2735 Anastaxi
3372 2683 3580 2753 tuisque
3609 2699 3840 2743 succes-

2258 2767 2468 2825 soribus
2499 2767 2552 2821 itt
2600 2779 2918 2838 perpetuum
2966 2777 3158 2824 omnes
3207 2771 3478 2840 ecclesias,
3524 2789 3662 2843 quas
3706 2776 3845 2834 inira

2259 2857 2572 2911 comitatum
2617 2866 2672 2911 et
2713 2858 3133 2928 assignatiunem
3185 2860 3346 2932 hujus
3397 2864 3663 2920 territorii
3709 2868 3837 2933 sunt,

2263 2949 2347 3004 vel
2380 2963 2546 3017 usque
2574 2949 2626 3004 in
2659 2943 2817 3004 iin'em
2849 2950 3032 3005 mundi
3065 2961 3257 3018 erunt;
3292 2955 3370 3010 uti
3420 2957 3627 3014 exinde
3655 2959 3836 3017 iaciatis

2261 3041 2614 3111 quodcunque
2654 3042 2932 3098 volueritis
2976 3049 3112 3109 vos,
3151 3053 3207 3100 et
3253 3048 3566 3106 servitores
3599 3053 3752 3108 vestri
3790 3055 3830 3109 ia

2265 3141 2579 3202 perpetuum
2607 3134 2855 3202 ponendo
2894 3147 3158 3203 rectores,
3187 3139 3530 3208 deiicienda,
3575 3148 3667 3214 pro‘
3700 3148 3822 3202 meri.

2269 3226 2338 3281 tis
2383 3239 2476 3280 eos
2507 3227 2731 3282 clericos
2777 3226 3008 3295 mittere,
3056 3237 3112 3284 et
3155 3231 3222 3286 ad
3269 3243 3519 3289 vestram
3588 3237 3811 3292 utilium

2265 3319 2411 3374 omni
2463 3327 2705 3387 tempore
2746 3327 2953 3387 tenere,
3007 3325 3064 3376 et
3116 3321 3291 3377 nullus
3339 3324 3518 3394 alius,
3588 3329 3666 3382 nisi
3695 3325 3798 3380 solus

2266 3424 2509 3467 summus
2561 3408 2823 3479 pontifex,
2864 3420 2920 3466 et
2965 3410 3020 3466 in
3076 3414 3309 3482 prmlatis
3351 3417 3620 3474 ecclesiis
3647 3417 3802 3473 iatrali-

2264 3513 2408 3559 ctum
2431 3517 2659 3573 ponere,
2687 3504 2773 3558 vel
2811 3503 3040 3574 aliquem
3072 3505 3326 3563 clericum
3360 3514 3820 3575 exeommunicarc,

2266 3595 2367 3650 nisi
2409 3602 2586 3649 rector
2610 3589 2721 3663 jam
2761 3593 2920 3650 dieta‘a
2948 3597 3190 3653 ecetesiae
3232 3601 3410 3656 saneti
3451 3602 3830 3672 Anastaxipos

2265 3687 2358 3755 sit,
2399 3693 2456 3740 et
2485 3685 2614 3741 nulli
2645 3686 2848 3742 licitum
2897 3687 2969 3742 sit
3023 3688 3159 3744 inira
3213 3693 3477 3748 terminus
3530 3705 3835 3762 construere,

2265 3778 2350 3832 vel
2381 3777 2652 3833 aediﬁcare
2681 3777 2782 3833 nisi
2814 3793 2908 3846 pro
2951 3779 3228 3836 voluntate
3269 3782 3484 3840 abbatis
3517 3787 3700 3843 sancti
3725 3787 3836 3842 Ana-

2266 3871 2428 3938 staxi,
2457 3871 2892 3928 cansecratioues
2938 3873 3210 3940 altarium,
3261 3875 3527 3945 chrisma,
3570 3879 3844 3932 ordinatis-

2267 3975 2362 4016 nes
2388 3962 2455 4017 de
2483 3961 2696 4017 clericis
2737 3963 2933 4018 vestris
2971 3964 3164 4033 petatis
3201 3963 3269 4019 ab
3310 3965 3572 4036 episcopo
3601 3967 3843 4024 diceres:-

2267 4070 2357 4124 no,
2389 4055 2432 4112 si
2463 4058 2653 4128 gratis,
2678 4065 2734 4114 et
2761 4056 2961 4128 absque
2981 4057 3090 4113 ulla
3135 4058 3402 4116 calumnia
3431 4057 3566 4115 dare
3607 4060 3843 4123 voluerit,

2266 4239 2419 4306 papa:
2449 4234 2816 4298 donationem,
2866 4242 3187 4304 causamque
3225 4236 3489 4306 expressit
3552 4237 3852 4293 Alexander

2269 4307 2332 4360 iV
2369 4306 2420 4360 in
2467 4306 2744 4374 privilegio
2771 4306 2945 4361 eitlem
2978 4309 3305 4361 monasterio
3334 4321 3629 4362 concesso.
3672 4310 3854 4364 ﬂentis

2269 4391 2501 4443 namque
2548 4384 2605 4431 et
2645 4376 2849 4448 auxilio
2887 4377 3058 4430 sancti
3101 4379 3352 4448 martyris
3381 4381 3699 4441 Anastasii,
3734 4383 3856 4445 cujus

2268 4461 2440 4522 sacra;
2469 4448 2704 4522 reliquias
2728 4446 2924 4522 ibidem
2955 4446 3321 4522 asservautur,
3367 4450 3593 4522 solaque
3625 4452 3854 4522 ejusdem

581 4505 908 4594 itionasterio
933 4509 1101 4594 sancti
1123 4509 1408 4594 A-AI‘IDDSla?“
1441 4505 1974 4594 ῆάιᾼίιιιπξβιξινίειε,
2001 4505 2165 4594 ρζόρς
2193 4519 2244 4591 υ
2269 4517 2436 4570 sancti
2468 4505 3405 4594 capi-tiscstensioue,Apseduniam
3437 4505 3713 4575 Ttiuscﬁc
3739 4523 3854 4594 citi-

583 4578 772 4631 nrhem
801 4577 905 4630 sito
933 4577 988 4629 in
1029 4578 1271 4630 sacristia
1313 4588 1367 4629 et
1412 4579 1633 4630 arcltivo
1679 4579 1805 4632 dicti
1850 4577 2163 4636 monasterii

579 4645 734 4717 juxta
761 4647 953 4710 altare,
981 4657 1036 4701 et
1071 4661 1272 4717 perun:
1299 4647 1588 4701 Antonium
1622 4644 1795 4702 Goioli
1829 4649 1969 4704 Petri
1991 4651 2166 4708 Sirete

584 4715 756 4771 civem
788 4715 1106 4782 Romanum,
1147 4715 1236 4770 Dei
1286 4718 1454 4784 gratia
1510 4719 1801 4784 apostolica
1845 4722 2164 4778 auctoritate

584 4788 848 4859 notarium
892 4787 1158 4859 publicum
1214 4785 1613 4859 infrascriptutn
1675 4791 2057 4859 exemplatum,
2112 4800 2167 4847 et

583 4858 807 4914 feliciter
831 4858 1208 4923 transcriptum
1239 4857 1308 4911 tle
1335 4859 1499 4912 verbo
1526 4859 1590 4911 ad
1622 4857 1867 4924 verbum,
1899 4869 1952 4916 et
1979 4873 2166 4917 coram

584 4927 884 5000 reverendo
919 4927 1121 5000 Iacobo
1161 4927 1256 4982 Dei
1302 4930 1472 4997 gratia
1513 4929 1768 5000 episeopo
1822 4933 2066 5000 Aretino,
2115 4942 2170 4988 et

584 4999 788 5053 domini
832 4999 998 5068 n05tri
1036 5012 1186 5066 papae
1236 5001 1287 5053 in
1333 5002 1470 5053 alma
1527 4997 1948 5068 Ut-be,'ejusque
1975 4997 2171 5056 subur-

586 5069 788 5140 biis,et
815 5067 930 5140 ejus
957 5069 1202 5122 districto
1252 5067 1473 5140 vivario,
1523 5083 1620 5140 seu
1659 5067 2031 5126 ctittttuissario
2075 5088 2166 5140 ge-

587 5139 774 5203 nerali,
814 5147 869 5192 ct
895 5139 1252 5207 ittl'rascripth
1294 5138 1483 5194 Joauni
1533 5138 1808 5206 Stephano
1840 5138 2163 5207 lllaii’aronis,

585 5210 793 5264 Joanne
830 5210 978 5263 l’auli
1026 5209 1223 5274 Alictii,
1271 5219 1322 5263 et
1364 5208 1508 5263 dicto
1560 5209 1718 5263 Petro
1763 5211 1919 5266 Bcrte
1965 5215 2170 5268 civilius

588 5279 861 5344 Romanis,
902 5280 1084 5348 primis
1111 5281 1334 5334 notariis
1359 5279 1691 5348 apostolicis,
1731 5291 1785 5335 et
1814 5283 2040 5338 testibus
2081 5283 2170 5337 lit-

589 5353 795 5412 teratis,
839 5365 934 5418 per
981 5365 1068 5404 me
1116 5351 1406 5403 Antonium
1453 5351 1722 5405 notarium
1773 5351 2169 5419 iuirascriptnut

587 5436 772 5476 coram
801 5423 882 5476 eis
910 5420 1125 5485 lectum,
1171 5431 1228 5474 et
1274 5420 1561 5488 diligenter
1590 5423 1948 5476 auscultatutn
1974 5440 1986 5474 τ
2017 5422 2204 5489 cujus‘

589 5489 799 5556 quidem
831 5493 1129 5557 scripturae,
1152 5505 1245 5544 seu
1277 5489 1539 5558 privilegii
1570 5491 1965 5559 concessionis,
1991 5502 2046 5546 et
2075 5496 2173 5548 do-

593 5560 822 5614 nationis
847 5570 1000 5614 tenor
1025 5575 1118 5627 per
1146 5559 1326 5614 omnia
1351 5569 1436 5614 est
1469 5559 1615 5614 talis.
1651 5579 1670 5613 ι

664 5627 691 5666 ι)
726 5629 968 5685 Nobilem
997 5632 1134 5686 hanc
1161 5628 1340 5686 Caroli
1375 5632 1737 5700 imperatoris,
1773 5630 2073 5703 Leonisque
2101 5633 2169 5688 ill

2276 4596 2440 4641 tatem
2474 4587 2903 4654 antiquissimam
2933 4587 2998 4641 ab
3022 4589 3322 4643 inﬁdelibus
3345 4601 3705 4656 occupatam,
3746 4593 3858 4645 idem

2269 4659 2386 4725 ipse
2421 4658 2669 4723 Carolus,
2720 4657 2934 4727 Leoque
2966 4658 3202 4726 pontifex
3241 4673 3652 4728 expugnarunt,
3707 4664 3863 4716 fundi-

2275 4741 2464 4795 tusque
2493 4729 2898 4794 destruxeruut,
2930 4740 3145 4796 propter
3172 4731 3310 4798 quod
3341 4729 3407 4784 ad
3445 4741 3610 4783 tanta:
3641 4733 3866 4786 victoria:

2274 4800 2686 4869 perennitatem,
2717 4799 2961 4854 ecclesiae
2992 4799 3231 4866 praedicti
3279 4809 3414 4854 mart
3437 4805 3554 4864 'ris,
3589 4805 3863 4868 praefatam

2274 4870 2569 4923 civitatem.
2602 4879 2835 4923 castrum
2866 4867 3148 4923 Orbetelli.
3176 4880 3385 4923 portum
3416 4817 3705 4923 llerculis-
3736 4884 3863 4923 mou-

2273 4867 2569 4937 civitatem,
2602 4879 2835 4926 castrum
2866 4867 3148 4934 Orbetelli,
3176 4880 3385 4938 portum
3416 4867 3706 4939 Herculis,
3736 4884 3864 4926 mou.

2273 4949 2389 5010 temr
2414 4941 2813 5010 Argentarium,-
2865 4940 3094 4994 insulam
3147 4940 3294 5002 tiiiii,
3327 4941 3540 5010 aliaque
3577 4955 3799 5005 castra.
3826 4954 3869 4997 et

2270 5009 2464 5079 oppida
2496 5009 2826 5076 obtulerunt.
2857 5011 3103 5077 donoque
3133 5011 3397 5065 dederunt
3425 5014 3479 5064 in
3515 5026 3866 5080 perpetuam.

2271 5080 2580 5135 Ansidonite
2619 5091 2955 5150 expugnata,
2983 5081 3156 5134 Caroli
3203 5080 3504 5152 Lcottisque
3547 5095 3871 5152 expugnan-

2271 5153 2426 5215 l.it'1m,
2460 5167 2523 5205 ac
2552 5151 2602 5204 itt
2633 5159 2873 5205 sattctuni
2907 5162 3194 5221 martyrem
3230 5151 3411 5204 nobile
3457 5150 3685 5207 fucinus
3715 5150 3874 5221 peni-

2276 5223 2402 5277 cillo
2429 5221 2495 5275 ad
2546 5221 2724 5276 vivum
2776 5232 2899 5274 ante
2945 5220 3249 5275 ibO’annos
3298 5236 3650 5288 expressum,
3707 5220 3872 5279 adnue

2278 5292 2356 5360 (α)
2391 5294 2579 5362 visitur
2607 5294 2706 5346 sub
2742 5294 2948 5362 porticu
2978 5291 3219 5360 ejusdem
3261 5294 3695 5362 martytisrrcuis
3733 5305 3870 5349 extr:

2279 5359 2464 5416 urbem
2491 5361 2557 5416 ad
2591 5359 2769 5428 Aquas
2797 5361 3030 5428 Salvius,
3061 5377 3154 5416 seu
3197 5363 3261 5414 ad
3313 5359 3450 5415 Tres
3507 5361 3750 5428 Fontes,
3799 5366 3872 5414 ubi

2277 5435 2550 5500 antiquum
2571 5431 3008 5487 Cisterciensium
3031 5431 3418 5485 monachorum
3441 5435 3767 5488 ccenobiutn
3789 5449 3874 5487 er-

2263 5512 2403 5574 ‘stat,
2434 5505 2588 5569 cujus
2619 5517 2780 5570 nunc,
2812 5517 3130 5574 quamquam
3162 5503 3438 5571 immeriti,
3472 5504 3698 5559 abbatis
3734 5505 3876 5559 titulo

2281 5573 2572 5644 fungimur.

664 5762 741 5832 (ια)
781 5760 904 5817 Post
936 5762 1164 5832 Ughcllii
1192 5762 1395 5818 obitum
1442 5764 1656 5819 vecordi
1705 5767 1827 5822 albo
1873 5768 2108 5822 deletum
2141 5768 2256 5823 fuit.
2303 5768 2433 5822 Luc.
