3964 6344
136 308 289 372 res;

461 307 709 390 CODEX
740 300 1266 364 DIPLOMATICUS.
1308 328 1378 344 -
1415 290 1823 355 PRIVILEGIA.
1848 319 1919 332 —
1945 288 2011 345 11.
2053 286 2297 345 PRIVIL.
2341 285 2474 344 PER
2515 237 2780 342 PARTES
2814 280 3090 339 ιΤΑιιιΕ.

3270 246 3413 337 lost

127 434 185 488 “si
241 445 351 486 non
403 433 724 498 potestatem
771 422 1004 478 habeant
1032 419 1112 476 ire
1141 420 1208 474 ad
1239 429 1605 488 quemcunque
1629 425 1727 467 νο·
1757 417 1807 479 Α
1904 405 2031 494 Ego.
2060 403 2291 461 Jacobus
2326 401 2426 458 Dei
2471 397 2641 471 ‘gratia
2689 397 2972 467 episcopus
3022 393 3274 451 Aretinus
3315 389 3412 450 doL

130 522 347 577 iuerint
388 517 699 584 episcopum
755 521 933 567 tamen
980 508 1302 565 catholicum
1331 519 1430 576 pro
1477 516 1564 568 eo,
1595 501 1720 572 quia

139 611 408 666 Dominus
436 616 619 662 noster
665 603 821 660 Jesus
863 601 1110 657 Christus
1141 613 1235 668 per
1278 596 1522 666 angelum
1566 607 1722 648 suum

137 702 198 755 in
230 698 441 754 visione
467 696 622 751 nobis
649 693 822 749 videri
866 691 995 746 fecit
1024 699 1082 743 ut
1121 697 1283 758 caput
1313 677 1550 755 praedicti
1577 696 1721 736 mar-

140 793 282 864 tyris
305 792 369 845 ad
397 793 516 860 ejus
547 789 798 859 pugnam,
824 795 986 856 quam
1016 776 1117 839 nos
1145 782 1210 836 ad
1242 779 1513 850 praefatam
1543 769 1728 832 civita-

145 894 261 939 tem
294 876 624 938 habebamus
672 880 801 934 "cum
844 868 941 932 Dei
985 874 1228 930 laudibus
1268 871 1578 936 adveniret;
1633 882 1728 922 no-

143 977 280 1030 stris
310 989 439 1029 vero
470 971 702 1050 inimicis
730 967 964 1031 dicebat,
1016 974 1074 1020 ut
1118 953 1484 1025 vincebam'us,
1533 951 1591 1014 'et
1628 950 1730 1013 nos

148 1069 229 1123 ita
271 1057 399 1121 talia
449 1051 696 1127 fe‘cimus,
739 1069 795 1116 et
842 1055 986 1114 nunc
1033 1053 1320 1112 auxiliante
1365 1052 1496 1115 Deo,
1539 1059 1593 1104 et
1630 1051 1732 1104 isto

148 1157 380 1229 praefato
405 1155 644 1224 martyre
673 1149 992 1206 adveniente
1029 1140 1146 1216 ejus
1178 1143 1353 1213 capite
1375 1133 1732 1197 terrmt’no‘tus

148 1253 302 1307 venit
341 1243 505 1318 super
549 1242 748 1299 nostris
789 1240 1042 1304 inimicis,
1073 1232 1129 1293 et
1157 1245 1359 1291 tremor
1386 1230 1738 1303 apprehendit

150 1356 274 1417 eos,
308 1349 360 1396 et
384 1338 620 1409 parietes
648 1335 940 1397 irruerunt,
967 1327 1166 1384 inimici
1199 1326 1325 1380 vero
1348 1312 1517 1378 nostri
1557 1323 1609 1377 in
1639 1337 1736 1376 no-

145 1415 286 1487 stris
315 1430 562 1485 manibus
593 1426 944 1487 devenerunt,
977 1431 1034 1476 et
1072 1433 1261 1474 omnes
1306 1413 1570 1472 interfecti
1620 1414 1737 1469 fue—

147 1531 302 1578 runt.
338 1519 565 1584 Idcirco,
593 1524 652 1570 ut
687 1513 892 1569 dictum
919 1519 1024 1577 est,
1064 1496 1738 1570 tr'adimuS,‘Cont:edimus',

148 1624 212 1669 et
243 1614 296 1666 in
326 1609 542 1679 pnefato
587 1602 914 1659 monasterio
944 1601 1117 1656 sancti
1162 1595 1420 1652 Anastaxi
1473 1599 1736 1664 perpetuo

151 1678 446 1772 largimur,
479 1705 540 1751 ut
567 1696 636 1750 de
655 1691 918 1762 praesenti
945 1689 1034 1744 die
1079 1687 1307 1741 habeant
1327 1683 1414 1738 tui
1457 1678 1746 1737 servitores

152 1769 485 1864 potestatem
514 1786 568 1841 in
600 1783 842 1855 praefatis
872 1779 1122 1836 omnibus
1150 1779 1219 1833 ad
1263 1776 1548 1831 utilitatem
1578 1769 1747 1826 sancti

156 1859 425 1941 duastaxi
454 1876 784 1945 introeundi,
812 1873 1021 1938 utendi,
1051 1869 1288 1935 tenendi,
1312 1863 1553 1932 fruendi,
1581 1873 1634 1920 et
1656 1859 1746 1919 us-

160 1989 272 2045 que
301 1975 352 2027 in
379 1965 636 2026 srecnlum
665 1967 850 2022 saeculi
881 1947 1212 2034 possidendi,
1239 1958 1500 2031 quatenus
1537 1944 1636 2026 p'er
1670 1948 1744 2019 t’e,

160 2065 399 2136 gloriose
450 2071 654 2130 martyr
683 2062 988 2114 mereamur
1013 2067 1114 2109 nos
1152 2049 1336 2106 audire
1364 2048 1508 2103 illam
1540 2053 1744 2116 vocem',

161 2132 325 2227 quam
350 2153 607 2208 Dominus
628 2150 770 2204 dixit
799 2147 853 2203 in
883 2144 1176 2214 Evangelio
1204 2161 1216 2197 :
1251 2136 1414 2212 Euge,
1442 2153 1577 2192 serve
1598 2132 1747 2202 bone,

163 2259 222 2305 ιιι
262 2247 452 2316 ﬁdelis,
483 2251 618 2310 etc.,
650 2255 806 2311 supra
852 2237 1015 2291 multa
1060 2245 1107 2290 te
1157 2235 1498 2296 constituam;
1538 2230 1672 2283 intra
1699 2228 1752 2281 in

164 2339 415 2412 gaudium
450 2334 656 2388 Domini
706 2332 800 2387 Dei
830 2331 925 2384 tui.
964 2330 1041 2385 De
1093 2342 1194 2398 qua
1249 2324 1344 2381 Dei
1397 2321 1752 2393 promissione

165 2434 391 2489 multum
420 2427 742 2483 conﬁdimus
773 2437 893 2489 nos,
944 2431 997 2476 et
1026 2432 1214 2474 omnes
1260 2424 1541 2486 sperantes
1585 2416 1636 2467 in
1677 2421 1750 2467 te.

171 2524 240 2578 Et
274 2524 320 2578 si
349 2520 472 2591 quis
520 2533 619 2573 nos
665 2514 750 2570 vel
796 2513 932 2567 alius
981 2509 1369 2580 qualiscunque
1419 2507 1600 2569 homo,
1645 2513 1753 2556 tam

173 2616 496 2688 presbyteri,
546 2620 707 2681 quam
760 2606 882 2660 laici
935 2601 1153 2673 praefata
1198 2600 1400 2666 omnia,
1453 2611 1571 2668 quas
1616 2592 1754 2688 dicta

173 2717 326 2774 sunt,
364 2709 430 2762 ab
453 2705 640 2761 eodem
667 2671 1003 2756 monasterio
1034 2694 1380 2758 Subtrahere,
1403 2689 1491 2744 vel
1523 2671 1758 2743 alienare

181 2800 438 2865 voluerit,
462 2807 571 2852 non
595 2795 792 2860 valeat,
838 2789 933 2860 sed
965 2805 1028 2844 ex
1054 2797 1208 2858 parte
1234 2781 1615 2851 omnipotentis
1641 2779 1753 2846 Dei,

182 2905 242 2952 et
279 2896 453 2950 beata:
495 2889 668 2945 Maria:
704 2899 917 2955 semper
953 2879 1197 2952 virginis,
1225 2892 1290 2932 ac
1327 2875 1602 2931 beatorum
1630 2879 1758 2942 a‘po-

186 2987 450 3042 stolorum
479 2979 621 3036 Petri
665 2987 720 3034 et
746 2975 921 3040 Pauli,
967 2980 1024 3028 et
1069 2971 1222 3025 istius
1263 2965 1468 3037 prmfati
1511 2957 1759 3033 martyris

188 3075 700 3140 excommunicatus,
751 3064 1089 3130 maledictus,
1121 3053 1605 3117 anathematizatus
1646 3067 1756 3108 ma-

189 3181 314 3227 neat
342 3171 394 3224 in
435 3175 770 3238 perpetuum,
799 3170 855 3217 et
888 3173 1008 3216 cum
1043 3158 1214 3222 Anna,
1253 3150 1476 3219 Caiplta,
1504 3155 1560 3203 et
1587 3145 1758 3200 itero-

185 3267 271 3333 de,
295 3235 451 3334 atque
481 3235 672 3326 Pilato,
703 3267 757 3312 et
783 3254 919 3311 Juda
963 3249 1207 3305 Scariote
1249 3243 1510 3299 traditore
1553 3235 1762 3293 Domini

185 3358 351 3417 nosu'i
370 3358 498 3414 Jesu
520 3353 726 3412 Christi
754 3351 1018 3421 particeps
1049 3344 1336 3408 efﬁciatur,
1367 3349 1421 3395 et
1447 3355 1474 3392 a
1503 3335 1762 3393 limitibus

187 3452 554 3507 universarum
586 3443 935 3500 ecclesiarum
964 3441 1252 3493 extraneus
1276 3433 1468 3489 existat
1493 3429 1600 3496 hic,
1632 3436 1688 3484 et
1709 3425 1761 3480 in

188 3538 534 3613 perpetuum;
592 3530 999 3590 observantibus
1048 3529 1117 3581 sit
1169 3526 1272 3596 pair
1335 3512 1544 3576 Domini
1595 3517 1766 3573 nostri

185 3634 314 3691 Iesu
341 3630 568 3700 Christi,
603 3628 791 3680 Amen.
842 3621 956 3693 Ego
1005 3616 1228 3700 Carolus
1277 3614 1568 3682 imperator
1602 3620 1768 3679 augu-

187 3721 328 3790 stus,
354 3697 672 3777 auctoritate
700 3711 1083 3783 omnipotentis
1115 3697 1228 3771 Dei,
1260 3714 1317 3760 et
1357 3698 1524 3757 nostri
1558 3699 1767 3768 imperii

187 3816 469 3873 decretum
499 3808 860 3873 decernimus,
889 3815 946 3860 ut
971 3801 1174 3858 nullius
1218 3793 1463 3866 persona:
1493 3791 1768 3846 heminum

188 3910 266 3965 sit
293 3905 519 3962 facultas
548 3901 771 3972 praefata
803 3897 982 3953 Omnia
1007 3891 1196 3964 quovis
1223 3883 1381 3943 modo
1411 3881 1609 3955 ingenii
1635 3875 1770 3952 p'rze-

192 4001 309 4055 fato
338 3969 662 4053 monaSterio
691 3991 862 4046 sancti
906 3984 1161 4044 Ana‘staxi
1201 3981 1434 4046 auferre,
1466 3977 1550 4032 vel
1593 3969 1772 4029 ablata

191 4092 456 4158 retinere,
516 4094 606 4142 aut
652 4083 881 4154 aliquam
934 4077 1232 4134 molestiam
1273 4073 1533 4142 irro'gare,
1561 4067 1661 4122 nisi
1705 4065 1773 4120 de

195 4189 506 4252 perpetrata
534 4150 815 4245 iniquitate
845 4176 1080 4240 congrua
1111 4161 1478 4220 satisfactione
1519 4155 1656 4211 infra
1705 4150 1774 4208 xv

192 4271 342 4342 dies,
397 4265 785 4334 emendaverit,
835 4259 1124 4329 'componat
1182 4267 1280 4326 pro
1331 4265 1489 4322 poena
1535 4247 1775 4302 Romano

200 4368 436 4438 imperio
465 4359 843 4432 quinquaginta
871 4355 968 4410 lib.
995 4352 1110 4407 auri
1138 4345 1428 4420 purissimi.

279 4434 471 4514 dctum
501 4448 723 4517 esthoc,
747 4454 802 4505 et
831 4447 1084 4503 traditum
1115 4456 1256 4497 anno
1288 4434 1576 4494 Dominicre
1603 4435 1776 4488 incar-

199 4547 441 4608 nationis
471 4538 916 4613 octin'gentesimo
971 4531 1181 4607 Quinto,
1226 4529 1518 4586 indictione
1546 4518 1776 4587 decima,

193 4637 260 4700 et
286 4637 486 4694 domini
517 4607 710 4690 Leonis
757 4629 951 4685 summi
1003 4627 1151 4696 papa:
1194 4619 1261 4676 ill
1292 4634 1432 4674 anno
1476 4607 1708 4684 decimo,

195 4729 416 4791 domini
440 4725 618 4782 Caroli
645 4718 984 4792 imperatoris
1013 4728 1154 4770 anno
1184 4715 1391 4782 quinto.

283 4822 397 4892 Ego
424 4819 534 4874 Leo
571 4816 858 4886 episcopus
887 4811 1139 4864 Romana:
1181 4800 1426 4892 ecclesiae
1470 4794 1782 4866 subscripSi.

283 4883 404 4982 Ego
432 4883 659 4965 Carolus
690 4883 982 4972 imperator
1005 4897 1261 4967 angustus
1289 4883 1601 4957 subscripsi.

283 4978 400 5074 Ego
429 5001 620 5056 Petrus
649 4997 934 5067 episcopus
963 4987 1229 5070 Ostiensis
1259 4978 1577 5049 subseripsi.

286 5064 402 5161 Ego
433 5064 750 5144 Guill‘eimus
777 5083 979 5140 sanctze
1010 5067 1224 5134 Sabinae
1262 5071 1410 5161 card.
1442 5064 1753 5161 subscripsi.

290 5150 421 5237 issu:
445 5179 613 5248 episc;
645 5176 838 5232 Abi’en.
876 5171 985 5245 [ΑΙ.
1016 5159 1301 5233 Sabiuen.]
1339 5150 1649 5228 subscripsi.

297 5271 563 5328 Bobertus
593 5265 941 5340 Aquisgranis
971 5255 1284 5326 subscripsi,
1315 5261 1420 5308 etc.

289 5363 363 5419 Et
385 5378 487 5434 ego
511 5332 793 5433 Πομ-(ἰοί
832 5351 1181 5411 Luxoviensis
1210 5346 1317 5421 [AL
1351 5341 1582 5434 Lugdu.]
1612 5332 1792 5397 subsc.

295 5428 623 5511 Anastasius
645 5447 955 5507 scriniarius
990 5443 1049 5499 S.
1083 5442 1150 5495 ll.
1193 5439 1253 5493 Ε.
1297 5433 1364 5492 de
1421 5431 1676 5488 mandato
1703 5428 1799 5486 du-

218 5546 360 5605 mini
390 5545 586 5602 Leonis
616 5549 766 5614 papa:
811 5538 972 5604 tertii,
1002 5535 1058 5592 et
1091 5529 1292 5588 domini
1321 5525 1498 5583 Caroli
1542 5521 1717 5595 Magni
1746 5515 1800 5578 Et

222 5639 306 5722 pii
337 5637 479 5706 regis
525 5637 661 5689 banc
693 5631 940 5702 paginam
975 5640 1170 5682 aeream
1215 5624 1540 5680 ex‘auratam
1557 5613 1799 5685 comple-

225 5715 282 5786 δί
299 5762 317 5795 ,
356 5725 412 5785 et
447 5715 668 5783 absolvi.

566 5839 839 5902 Peritos:
885 5831 1132 5896 XCVII.

1824 495 1957 552 mini
2007 490 2114 550 mei
2137 507 2293 564 papa:
2336 495 2388 547 in
2419 491 2584 555 Urbe',
2630 500 2684 544 et
2720 487 2839 557 ejus
2886 483 3133 541 districtu
3177 482 3416 539 Vtcarius

1825 581 2089 659 generalis
2131 594 2187 640 et
2229 583 2631 639 com’mtssarius
2680 578 2748 633 ad
2791 575 3220 647 compellendum
3259 581 3415 628 nota-
3459 619 3471 629 .

1827 677 1956 746 rios,
1988 686 2043 732 et
2070 675 2204 730 alias
2245 670 2502 744 personas
2533 669 2790 725 habentes
2844 666 3155 735 scripturas,
3209 665 3414 718 instru-

1829 776 2028 835 menta,
2057 774 2116 822 et
2163 763 2266 820 alia
2321 770 2666 818 monumenta
2709 754 3030 828 originalis;
3085 763 3247 823 atque
3291 751 3413 808 'actd

1829 859 2112 930 quamdam
2135 855 2382 913 cedulam
2408 865 2612 910 teneam
2653 859 2713 907 et
2751 847 3134 920 ponderosam,
3167 847 3220 899 in
3265 843 3411 898 dicte

1832 948 2156 1005 monasterio
2198 946 2520 1003 existentem
2550 984 2566 1009 ,
2607 939 2757 1012 prius
2795 937 3013 994 interfui
3059 932 3413 990 ausculationi

1835 1041 1993 1111 hujus
2021 1038 2275 1106 exempti,
2305 1032 2401 1091 seu
2428 1030 2751 1102 transumpti
2794 1028 2982 1099 scripti
3013 1021 3308 1094 exemplari
3349 1020 3418 1076 de

1836 1131 1975 1186 dicta
2024 1129 2202 1184 tabula
2249 1124 2399 1182 aenea
2449 1120 2678 1179 ﬁdeliter
2720 1119 2983 1185 translati,
3031 1126 3086 1172 et
3130 1111 3422 1183 exemplati

1837 1233 1933 1289 per
1974 1218 2114 1274 infra
2143 1215 2400 1286 Scriptum
2458 1211 2751 1266 Antonium
2803 1206 2980 1277 Gojoli
3026 1203 3176 1260 Petri
3209 1199 3414 1265 Sirete,

1838 1311 2015 1363 civem
2073 1304 2372 1360 Romanum
2414 1299 2686 1369 publicum
2725 1297 2993 1352 notarium
3037 1290 3420 1363 apostolicum.

1840 1401 1896 1456 et
1919 1397 2204 1469 diligenter
2235 1408 2415 1451 coram
2441 1395 2534 1447 ‘me
2557 1387 2844 1444 auscultati
2880 1399 2987 1441 una
3021 1383 3143 1439 c’ut'u
3171 1380 3288 1451 ipso
3310 1377 3424 1432 An-

1843 1491 2010 1558 tonio,
2035 1491 2098 1546 ac
2142 1487 2281 1544 infra
2309 1487 2526 1556 scriptis
2574 1482 2781 1539 Joanne
2819 1475 3076 1547 Stephani
3123 1470 3424 1537 Maﬂeroni',

1844 1583 2049 1642 Joanne
2080 1581 2226 1638 Pauli
2273 1578 2475 1644 Alictii,
2527 1583 2584 1631 et
2615 1571 2837 1630 Santolo
2886 1568 3030 1624 Petri
3081 1566 3262 1632 Berte,
3293 1562 3427 1641 civi-

1849 1676 1947 1730 bus
1977 1671 2235 1737 romanis,
2265 1681 2328 1724 ac
2360 1639 2583 1738 publicis
2620 1657 2847 1716 notariis
2877 1652 3207 1726 apostolicis,
3252 1659 3308 1706 et
3348 1639 3427 1738 te:

1778 1762 1823 1830 Β
1849 1767 2019 1822 stibus
2042 1763 2177 1818 infra
2200 1725 2525 1829 scriptarum
2552 1753 2874 1824 litterarum,
2892 1725 2947 1804 et
2967 1745 3089 1824 quia
3120 1725 3431 1812 huiusmodi

1847 1855 2048 1912 dictum
2070 1828 2373 1920 exemplum
2403 1860 2524 1903 cum
2554 1837 2697 1898 dicto
2718 1854 2825 1907 suo
2843 1833 3089 1908 originali
3113 1828 3428 1892 concurdat',

1850 1947 1925 2003 nil
1948 1946 2128 2000 addito
2157 1911 2247 1999 vel
2282 1942 2565 2001 diminuto,
2593 1935 2736 2006 quod
2765 1931 3092 1987 intellectum
3134 1920 3301 1986 vitiet,
3333 1911 3431 1974 set't

1850 2039 2118 2101 immutet,
2173 2029 2234 2088 ut
2283 2031 2407 2085 huic
2457 2005 2724 2094 exemplo,
2772 2011 2860 2076 vel
2903 2021 3237 2084 transumpto
3283 2005 3435 2065 adhii-

1851 2093 2038 2185 beatur
2065 2093 2132 2182 de
2161 2127 2357 2180 caetero
2385 2120 2542 2192 plena
2569 2093 2706 2171 ﬁdes
2746 2113 2814 2167 ab
2858 2109 3106 2165 omnibus
3132 2104 3197 2159 ad
3229 2093 3431 2190 ρονώτ

1855 2224 1998 2276 tuam
2023 2219 2101 2273 rei
2133 2213 2452 2271 meritoriam
2483 2221 2569 2263 me
2601 2203 2906 2266 s'ubsCribo,
2931 2203 3215 2266 meumque
3245 2185 3435 2248 dcereL

1855 2322 1986 2377 tum,
2017 2317 2072 2365 et
2100 2306 2475 2363 auctoritatem
2521 2295 2848 2356 ordinariatli
2882 2307 2978 2363 pro
3033 2286 3286 2347 tribunali
3332 2286 3425 2340 se;

1854 2375 1989 2458 deus
2018 2403 2323 2468 interpono,
2352 2404 2407 2451 et
2443 2393 2649 2464 signum
2693 2391 2798 2444 mei
2848 2383 3065 2455 majoris
3111 2379 3275 2451 sigilli
3315 2375 3421 2432 feci

1855 2492 2104 2563 appendi,
2132 2465 2246 2544 sitio
2275 2486 2492 2550 muniri,
2517 2483 2616 2536 sub
2646 2493 2786 2534 anno
2817 2475 3029 2532 Domini
3061 2469 3222 2536 1569,
3252 2465 3430 2539 ponti-'-

1857 2551 2043 2636 ti‘catus
2072 2577 2394 2634 sanctissimi
2437 2573 2490 2629 in
2520 2571 2734 2628 Christo
2765 2568 2952 2639 patris,
2991 2573 3046 2621 et
3088 2559 3291 2618 domini
3328 2551 3430 2614 nol

1857 2674 1976 2738 ιλιι-ἰ,
2003 2671 2210 2726 'don‘tini
2237 2665 2438 2724 Urbani
2463 2663 2640 2718 divina
2667 2657 2996 2732 previd'entitl
3025 2668 3175 2724 papa:
3193 2649 3262 2718 Ἢ
3292 2647 3434 2704 θυοδ

1859 2769 1974 2837 ejus
2011 2764 2065 2830 7,
2101 2763 2216 2818 ind’.
2253 2774 2372 2827 vttt,
2414 2758 2614 2813 mensis
2643 2753 2810 2815 Junii.
2850 2750 2938 2805 die
2959 2749 3049 2802 97.

1933 2859 1998 2912 Et
2026 2826 2126 2925 ego
2155 2855 2392 2911 Joannes
2443 2843 2698 2919 Stephani
2754 2844 3031 2908 ltlall‘aron,
3082 2836 3217 2895 civis
3260 2826 3440 2925 roma;

1863 2960 1983 3017 nus,
2018 2917 2110 3004 Dei
2138 2948 2306 3020 gratia
2335 2945 2396 3002 S.
2432 2945 2496 2998 li.
2541 2917 2612 2997 Ε.
2673 2950 2728 2996 et
2779 2935 3074 3006 apostolica
3121 2917 3438 2986 auctoritate

1864 3044 2122 3109 notarius,
2153 3041 2355 3097 habens
2400 3037 2565 3092 ﬁdem
2612 3029 2916 3102 huiusmodi
2943 3024 3319 3088 instrumento,
3345 3028 3440 3075 seu

1783 3111 1830 3175 ϐ
1864 3145 2196 3205 transumpto
2246 3132 2472 3187 tldellter
2514 3127 2740 3194 seripto,
2788 3126 2842 3178 et
2872 3111 3132 3176 translato
3183 3115 3252 3171 de
3295 3112 3439 3170 dicti

1867 3224 2042 3280 tabula
2067 3223 2214 3279 zenéa
2244 3236 2340 3292 per
2363 3220 2650 3276 Antonium
2682 3211 2857 3282 Gojoli
2884 3208 3026 3264 Petri
3061 3205 3235 3263 Sirete
3268 3206 3441 3260 civem

1864 3329 2144 3372 romanum
2174 3312 2441 3383 publicum
2467 3306 2734 3363 notarium
2757 3300 3106 3373 apostolicum
3141 3296 3277 3352 infra
3301 3287 3441 3349 scri-

1864 3421 2037 3482 ptum,
2068 3417 2122 3464 et
2148 3377 2430 3475 diligenter
2469 3416 2564 3471 per
2596 3414 2682 3454 me
2707 3395 3008 3450 auscultato
3051 3386 3231 3445 coram
3286 3377 3445 3455 ευρῆ

1865 3477 2009 3557 dicto
2039 3499 2238 3554 domno
2279 3493 2502 3556 Jacobo,
2548 3488 2642 3545 Dei
2671 3487 2839 3557 gratia
2883 3481 3136 3552 episcopo
3184 3477 3430 3537 Ar’etino’,

1867 3601 1924 3650 et
1942 3593 2141 3648 domini
2171 3589 2341 3644 nostri
2369 3589 2518 3656 papae
2559 3584 2616 3637 in
2650 3581 2815 3644 Urbe,
2846 3586 2899 3631 et
2929 3575 3046 3644 ejus
3067 3572 3321 3628 ‘districtu
3360 3568 3441 3622 vi-

1868 3685 2014 3740 cario
2044 3683 2300 3753 generali,
2336 3685 2392 3732 et
2413 3671 2784 3731 commissario
2813 3669 2878 3721 ad
2911 3664 3164 3736 pra-dicta
3193 3675 3297 3716 una
3319 3654 3443 3714 cuni

1869 3745 2074 3829 Joanne
2100 3770 2246 3826 Pauli
2269 3766 2473 3829 Alictii,
2511 3774 2566 3817 et
2592 3759 2813 3818 Santolo
2843 3757 2986 3812 Petri
3027 3751 3206 3817 Berte‘,
3237 3745 3445 3806 civibus

1870 3865 2110 3923 remanis
2130 3860 2358 3933 publicis
2384 3856 2608 3912 notariis
2636 3848 2946 3922 apostolicis
2975 3846 3108 3901 infra
3130 3837 3364 3911 scriptis,
3387 3840 3445 3894 et

1875 3925 2215 4014 testibus-Et
2268 3949 2390 4020 quia
2419 3946 2621 4002 dictum
2659 3939 2982 4008 exemplum,
3036 3948 3130 3989 seu
3181 3925 3450 3985 transumé-

1876 4059 2021 4122 ptum
2045 4060 2165 4102 eum
2192 4042 2336 4098 dioto
2363 4053 2461 4094 suo
2483 4031 2728 4104 originali
2770 4031 2823 4083 in
2847 4024 3094 4082 omnibus
3117 4027 3172 4076 et
3210 4035 3303 4089 per
3333 4032 3451 4073 om-

1875 4109 1963 4195 nia
1986 4138 2054 4193 de
2080 4135 2246 4190 verbo
2267 4129 2334 4186 ait
2359 4124 2577 4184 verbum
2604 4116 2933 4180 concordare
2960 4114 3136 4170 inveni
3162 4111 3328 4166 nihilo
3356 4109 3474 4163 ad-'

1879 4231 2015 4297 dito,
2043 4228 2131 4284 vel
2163 4225 2448 4286 diminuto,
2479 4217 2620 4288 quod
2649 4210 3003 4272 substantiam
3035 4215 3224 4272 mutet,
3253 4204 3338 4259 vel
3365 4195 3460 4297 va‘:

1879 4317 1984 4380 riet
2011 4313 2369 4381 intellectum,
2399 4322 2456 4368 ut
2493 4309 2619 4365 huic
2663 4304 2932 4374 etemplo,
2981 4305 3077 4356 s'eu
3122 4281 3461 4366 transumptd

1881 4411 2195 4469 adhibeatur
2223 4407 2292 4462 ab
2339 4402 2586 4460 omnibus
2637 4398 2704 4454 'de
2741 4405 2938 4453 caetero
2982 4393 3137 4462 plena
3171 4388 3331 4454 ﬁdes;
3388 4383 3459 4441 ad

1812 4486 1862 4548 Ῑ)
1888 4509 2195 4579 perpetuam
2245 4501 2323 4558 rei
2353 4489 2663 4555 memoriam
2702 4487 2789 4545 me
2839 4488 2892 4542 in
2924 4492 3115 4540 testem
3153 4473 3459 4543 subscribe,

1731 4565 1787 4668 ei
1973 4565 2148 4653 meum
2176 4588 2386 4662 signum
2429 4583 2650 4656 apposui
2679 4581 3015 4639 consuetum,
3045 4585 3187 4626 anno
3230 4565 3465 4631 Domini,

3429 4657 3436 4668 t

1889 4660 2248 4762 pontiﬁcatus,
2295 4679 2606 4745 indictione,
2636 4675 2841 4737 incnse,
2879 4682 2941 4723 ac
2969 4667 3057 4721 die
3082 4660 3373 4733 praedictis,
3405 4660 3466 4715 et

1888 4777 2257 4848 infrascriptis.
2918 4845 2923 4848 _
2992 4827 3008 4848 4,

1960 4873 2024 4928 Et
2047 4831 2150 4941 ego
2177 4831 2428 4923 Santulus
2455 4858 2596 4916 Petri
2628 4857 2803 4920 Berte’,
2827 4845 2958 4907 civis
2980 4838 3274 4914 ilom'anus,
3293 4831 3469 4911 publi-3

1893 4971 1990 5022 cus
2035 4933 2330 5032 apostolica
2387 4952 2704 5010 auctoritate
2738 4945 2980 5002 notarius
3027 4940 3232 4998 habens
3285 4933 3467 4996 ﬁdem,

1899 5065 2026 5123 etc.,
2059 5064 2118 5112 ut
2145 5056 2288 5122 sup.;
2307 5057 2411 5105 etc.

2063 5161 2160 5216 ego
2183 5106 2444 5200 A'nt'onius
2469 5133 2643 5205 Gojoli
2671 5117 3014 5186 PetriSirete
3039 5121 3171 5179 civis
3188 5106 3468 5205 Romanus

1896 5234 1993 5296 Dei
2030 5197 2220 5309 gratia,
2263 5241 2318 5289 et
2345 5228 2632 5301 apostolica
2670 5221 2986 5279 auctoritate
3029 5215 3268 5270 notarius
3296 5197 3470 5279 publi;

1900 5347 1994 5390 cus
2022 5326 2386 5399 supra'dictum
2422 5317 2747 5387 eiemplum,
2789 5310 2885 5368 seu
2940 5302 3328 5372 transumptitm
3375 5291 3470 5352 stt-"

1900 5413 2261 5497 pradictal‘um
2306 5410 2603 5472 litte'rarum
2651 5424 2746 5464 seu
2775 5401 3059 5475 privilegii,
3088 5390 3476 5478 concessionis;

1901 5473 2287 5573 {it—donationis
2315 5495 2634 5576 supradicta:
2665 5500 2731 5556 de
2757 5473 2898 5552 dicta
2924 5489 3098 5545 tabula
3131 5499 3275 5541 antea
3307 5473 3479 5576 ﬁdeli-

1905 5569 1988 5664 ter
2011 5605 2225 5674 scripsi,
2253 5611 2306 5658 et
2347 5569 2650 5666 esemplavi
2712 5589 2788 5646 nil
2842 5585 3022 5642 addito
3070 5580 3151 5668 vel
3196 5569 3479 5674 diminuta;

1908 5679 2050 5770 quod
2077 5649 2431 5754 sdbstantiam
2473 5649 2664 5753 mutet,
2715 5681 2802 5739 vel
2827 5678 3000 5736 variet
3031 5657 3376 5734 intellectum;
3422 5649 3480 5721 εἰ

2887 5792 2964 5855 33
