3964 6344
574 287 710 344 1055

567 489 788 548 domino
812 487 1014 545 Jacobo
1058 487 1333 556 episcopo,
1382 485 1602 551 vicario,
1657 492 1713 539 et
1761 481 2134 539 commissarlo

567 578 897 650 supradicto,
918 590 980 632 ac
1007 576 1331 646 supradictis
1366 574 1572 632 Joanne
1600 573 1855 640 Stephani
1889 571 2132 628 Maiiam-

567 669 672 734 nis,
721 665 929 723 Joanne
965 666 1115 722 Pauli
1169 665 1370 732 Alictii,
1420 673 1475 720 et
1530 665 1751 720 Santolo
1789 663 1931 718 Petri
1985 662 2141 716 Berte

565 758 770 814 civibus
792 757 1048 814 Romanis
1073 757 1297 827 publicis
1318 757 1540 812 notariis
1563 755 1963 825 apostolicis,et
1991 751 2142 808 testi-

562 848 662 905 bus
687 849 960 918 litteratis,
1005 856 1060 904 et
1105 859 1162 904 ut
1209 849 1333 904 huic
1379 848 1648 918 exemplo,
1684 861 1782 902 seu
1810 852 2141 914 transutnpto

562 938 877 996 adhibeatur
914 938 984 994 ab
1012 939 1262 994 omnibus
1309 937 1378 993 de
1422 941 1621 993 caetero
1669 936 1824 1006 plena
1871 934 2024 1000 ﬁdes,
2071 931 2138 987 ad

561 1037 874 1100 perpetuam
915 1028 996 1085 rei
1040 1026 1352 1084 memoriam
1394 1027 1696 1092 subscribe,
1745 1036 1802 1082 et
1838 1040 2014 1081 meum
2061 1023 2136 1078 si-

557 1134 725 1191 gnum
766 1121 987 1190 apposui
1021 1127 1353 1182 consuetum,
1407 1118 1507 1174 sub
1530 1133 1672 1172 anno
1716 1117 1926 1173 Domini
1975 1115 2135 1182 i569,

557 1212 902 1282 pontiﬁcatus
923 1212 1144 1268 sanctis.
1170 1213 1225 1267 in
1257 1211 1476 1268 Christo
1517 1211 1684 1281 patris
1713 1225 1776 1265 ac
1811 1209 2014 1264 domini
2044 1223 2140 1261 no-

556 1306 674 1375 stri,
701 1304 904 1360 domini
935 1304 1134 1361 Urbani
1155 1304 1335 1360 divina
1365 1302 1695 1373 providentia
1728 1315 1878 1372 papa:
1899 1302 1961 1367 V,
1993 1315 2138 1355 anno

556 1395 673 1465 ejus
705 1395 761 1465 7,
787 1395 901 1450 ind.
930 1395 985 1462 'I,
1019 1409 1194 1450 mens.
1217 1393 1370 1461 Julii,
1416 1394 1503 1450 die
1531 1392 1599 1446 27
1629 1392 1696 1448 de
1725 1392 1978 1446 mandato
2007 1390 2136 1445 dicti

555 1485 758 1543 domini
789 1485 979 1544 Jacobi
997 1485 1236 1558 episcOpi
1253 1485 1459 1553 vicarii,
1489 1493 1544 1540 et
1573 1483 1924 1540 commissarii
1949 1496 2139 1551 supra-

555 1577 708 1634 dicti.

1246 1663 1432 1719 XXI".

555 1776 836 1832 lienovatio
862 1777 1144 1832 testamenti
1179 1776 1398 1830 Abbonis
1427 1775 1628 1846 patricii
1657 1789 1749 1843 pro
1774 1773 2131 1846 ςωηορἱ-Νοο

623 1849 881 1903 valictensi
919 1858 968 1913 ι,
999 1847 1137 1917 facta
1165 1862 1255 1916 per
1276 1843 1518 1901 Curatum
1560 1845 1742 1916 Magn.
1776 1845 1884 1913 (an.
1907 1843 2057 1913 805).

893 1977 990 2039 (Ex
1003 1978 1068 2029 .D.
1082 1978 1259 2041 Bouq.,
1279 1976 1483 2028 Recueil
1508 1977 1599 2027 des
1619 1976 1827 2039 Histor.)

608 2099 680 2156 in
707 2101 927 2157 nomine
950 2101 1149 2172 Patris,
1182 2114 1236 2159 et
1262 2103 1382 2158 Filii
1403 2112 1459 2157 et
1491 2104 1719 2174 Spiritus
1746 2106 1936 2160 sancti.
1969 2105 2134 2161 Caro-

553 2189 636 2246 lus
659 2189 953 2260 imperator
989 2193 1261 2262 Augustus
1288 2193 1577 2263 piissimus,
1615 2209 1647 2250 a
1684 2194 1795 2250 Deo
1823 2203 2130 2259 coronatus,

552 2292 800 2348 magnus,
831 2278 1086 2350 paciﬁcus
1118 2284 1427 2352 imperator,
1475 2283 1775 2339 Romanum
1823 2286 2130 2354 gubernans

549 2370 852 2440 imperium,
885 2371 975 2442 qui
1003 2381 1058 2428 et
1083 2387 1176 2441 per
1218 2373 1646 2431 misericordiam
1695 2376 1783 2432 Dei
1817 2391 1912 2430 rex
1963 2375 2135 2432 Fran-

548 2476 734 2517 corum
766 2471 822 2518 et
849 2462 1341 2533 Langobardorum.
1373 2466 1537 2536 Igitur
1574 2476 1757 2523 notum
1787 2469 1858 2523 sit
1885 2468 2129 2524 omnium

545 2553 794 2612 ﬁdelium
827 2567 1133 2614 nostrorum
1183 2560 1558 2629 magnitudini,
1611 2561 1955 2631 prmsentium
1985 2558 2132 2615 scili-

546 2650 634 2699 cet
659 2653 714 2700 et
745 2644 1065 2714 futurorum,
1092 2647 1218 2715 quia
1238 2650 1322 2703 vir
1348 2649 1671 2704 venerabilis
1691 2648 1959 2703 Frodinus
1987 2649 2129 2703 abba

528 2747 617 2788 rex
657 2735 980 2791 monasterio
1016 2737 1158 2806 quod
1181 2747 1264 2792 est
1297 2746 1662 2794 constructum
1693 2737 1748 2792 in
1777 2738 1981 2794 honore
2005 2751 2130 2793 san-

526 2833 754 2880 ~ctorum
825 2826 1120 2897 principum
1193 2830 1583 2898 apostolorum,
1644 2831 1762 2884 loco
1823 2838 2131 2900 nuncupato

546 2915 850 2983 Novaliciis,
879 2917 1044 2973 missa
1075 2919 1331 2989 petitione
1363 2937 1460 2991 per
1502 2922 1779 2992 religiosos
1811 2923 2128 2981 monachos.

547 3009 926 3066 Gislarannum
963 3013 1168 3068 scilicet
1214 3023 1267 3069 et
1310 3017 1635 3085 Agabertnm
1659 3060 1674 3085 ,
1717 3016 1993 3072 serenitati
2023 3031 2124 3071 no-

1467 281 1528 337 B.
1567 277 1813 336 CAROLI
1852 275 2063 334 MAGNI
2100 276 2252 332 OPP.
2294 276 2470 337 PARS
2508 280 2550 337 Ι.
2593 279 2835 340 SECTIO
2871 282 2936 339 il.

570 413 744 470 ipsum
766 397 1047 470 diligenter
1068 393 1380 462 auscultavi,
1410 402 1465 448 et
1493 394 1597 463 legi
1624 406 1804 448 coram
1826 389 2136 460 supradicto
2165 392 2218 452 Δ

3697 290 3825 351 ιυδο

2937 398 3122 454 XXIV.

2337 483 2508 540 Caroli
2546 485 2724 558 Magni
2759 489 2988 630 dipl(oma
3024 495 3367 633 pggsscrlesia
3413 495 3743 557 Placentini

2891 579 3026 615 anno
3189 603 3204 618 .

2891 579 3026 615 anno
3054 579 3156 618 δυδ
3167 579 3204 618 1.

2465 643 2558 706 (Ex
2583 645 2796 709 Ughelli,
2822 647 2960 700 Italia
2977 650 3141 712 Sacra,
3172 659 3286 704 tom.
3317 655 3381 719 il,
3405 671 3448 720 p.
3476 658 3624 722 199.)

2312 726 2368 781 In
2397 731 2612 784 nomine
2640 731 2830 800 Patris,
2859 743 2913 790 et
2941 734 3080 806 Filii,
3109 746 3164 793 et
3180 740 3406 810 Spiritus
3435 747 3645 801 sanati.
3673 748 3821 810 Caro-

2191 837 2194 840 ’
2242 817 2323 872 lus
2349 821 2829 880 excellentissimos
2853 828 3141 898 Angustus,
3178 845 3206 884 a
3237 831 3462 890 Domino
3512 850 3815 908 coronatus,

2242 924 2462 981 magnus
2495 921 2549 966 et
2579 914 2827 980 paciﬁcus
2869 917 3178 988 imperator,
3231 923 3608 983 Romanorum
3641 932 3820 1000 guber-

2239 1016 2370 1056 nans
2399 1003 2704 1073 imperium,
2737 1023 2830 1077 per
2866 1010 3284 1069 misericordiam
3316 1017 3413 1074 Dei
3445 1034 3547 1075 rex
3586 1021 3816 1080 Franco-

2240 1107 2355 1148 rum
2406 1105 2460 1150 et
2497 1095 2984 1166 Langobardorum.
3031 1103 3290 1163 Omnibus
3339 1110 3508 1180 igitur
3565 1114 3816 1175 nobilibus

2237 1186 2513 1242 catholicis
2549 1199 2729 1245 nostro
2759 1191 2812 1247 in
2839 1208 3007 1264 regno
3030 1199 3472 1266 consistentibus,
3503 1213 3626 1258 tam
3656 1207 3721 1261 de
3741 1222 3820 1263 sa-

2238 1277 2493 1334 cerdotali
2520 1281 2708 1338 ordine
2747 1299 2906 1352 quam
2943 1295 2998 1341 et
3029 1289 3203 1344 laicali
3233 1293 3370 1348 scire
3395 1296 3682 1358 volumus.
3706 1315 3818 1370 quo-

2239 1369 2379 1423 niam
2417 1369 2554 1425 nihil
2597 1372 2763 1440 aliud,
2806 1384 2862 1428 ut
2889 1376 2963 1431 ait
2990 1379 3294 1448 Apostolus,
3321 1384 3373 1438 in
3403 1385 3558 1442 hunc
3581 1369 3814 1447 mundum

2238 1463 2529 1530 intulimus,
2581 1481 2680 1522 nec
2723 1469 3012 1539 quidquam
3057 1487 3123 1527 ex
3163 1488 3232 1530 eo
3280 1478 3574 1535 nobiscum
3619 1482 3815 1542 auferre

2238 1557 2548 1624 poterimus,
2578 1557 2681 1612 nisi
2713 1560 2853 1626 quod
2877 1561 2942 1617 ab
2964 1565 3157 1620 animae
3179 1567 3414 1624 salutem
3449 1571 3598 1628 locis
3623 1587 3812 1632 sancto-

2237 1662 2351 1701 rum
2397 1646 2589 1704 devote
2629 1649 2856 1707 Domino
2897 1652 3188 1713 oﬂ'erentes
3230 1661 3502 1730 impertiri
3544 1665 3806 1734 videmur;

2170 1751 2212 1812 Β
2240 1746 2295 1791 et
2323 1736 2425 1792 hoc
2453 1739 2602 1794 nobis
2631 1742 2813 1809 procul
2839 1743 3002 1800 dubio
3028 1748 3093 1802 ad
3131 1760 3385 1808 mternam
3429 1754 3803 1816 beatitudinem

2239 1828 2503 1896 pertinere
2536 1830 2892 1890 conﬁdimus.
2923 1833 3127 1892 idcirco
3155 1854 3447 1910 cognoscat
3489 1849 3803 1916 magnitudo,

2236 1930 2328 1970 seu
2356 1918 2557 1975 utilitas
2577 1923 2817 1978 omnium
2849 1924 3085 1982 ﬁdelium
3116 1929 3234 1997 Dei,
3266 1941 3690 2008 nostrorumque
3709 1945 3801 1996 sci-

2237 2005 2356 2063 licet
2392 2014 2733 2078 prtesentium
2787 2023 2842 2071 et
2875 2016 3171 2075 futurorum
3195 2039 3208 2086 ;
3235 2025 3473 2092 qualiter
3499 2029 3583 2083 vir
3607 2005 3801 2087 venera-

2235 2102 2359 2158 bilis
2377 2101 2628 2159 Julianus
2664 2116 2866 2162 sancta:
2893 2107 3212 2168 Placentinis
3241 2116 3392 2171 urbis
3443 2121 3684 2178 ecclesiae
3705 2127 3798 2194 epi-

2235 2207 2446 2263 scopus,
2498 2209 2616 2264 qua:
2670 2203 2754 2250 est
2807 2208 3113 2255 constructa
3160 2202 3213 2256 in
3259 2203 3470 2263 honore
3518 2223 3795 2269 sanctorum

2237 2284 2489 2339 Antonini
2519 2293 2573 2341 et
2622 2285 2847 2343 Victoris
2873 2332 2888 2358 ,
2937 2305 3143 2347 necnon
3192 2305 3246 2349 et
3281 2296 3514 2355 Justinas
3557 2305 3788 2374 virginis,

2237 2386 2471 2433 nostram
2524 2379 2844 2450 deprecatus
2881 2393 2965 2439 est
3009 2386 3373 2457 clementiam,
3421 2404 3599 2462 petens
3640 2407 3695 2454 ut
3728 2400 3791 2455 ob

2235 2483 2471 2525 amorem
2513 2468 2629 2537 Dei,
2661 2481 2716 2526 et
2755 2471 2950 2529 animas
2989 2485 3186 2530 nostrae
3228 2480 3456 2536 salutem
3483 2499 3678 2542 omnem
3696 2487 3784 2556 ju-

2235 2557 2529 2625 diciariam,
2583 2560 2671 2616 vel
2719 2575 2880 2617 omne
2919 2563 3188 2620 teloneum
3235 2567 3306 2623 de
3344 2573 3600 2640 curtejam
3626 2577 3769 2632 dicta

2235 2649 2476 2704 eceiesite
2527 2661 2864 2719 nuncupante
2894 2653 3129 2710 Gusiano
3163 2672 3288 2713 cum
3326 2660 3426 2715 suis
3459 2663 3772 2733 adiacentiis,

2233 2754 2354 2810 quas
2384 2748 2471 2794 est
2501 2742 2602 2796 sita
2636 2743 2688 2796 in
2721 2746 3019 2808 montaneis
3057 2746 3378 2804 Placentinis
3402 2766 3490 2819 per
3515 2753 3645 2810 ﬁnes
3667 2756 3786 2810 sub-

2237 2843 2322 2887 tus
2341 2833 2732 2903 denominatas,
2770 2844 2885 2903 tam
2919 2837 2986 2892 de
3012 2840 3308 2896 arimannis
3334 2858 3498 2914 quam
3525 2859 3580 2901 et
3605 2846 3670 2902 de
3685 2848 3788 2904 aliis

2235 2925 2416 2982 liberis
2463 2928 2765 2983 hominibus
2812 2944 2910 3000 per
2955 2943 3276 2988 memoratas
3332 2935 3497 3003 ﬁnes,
3550 2939 3634 2994 vel
3674 2940 3787 2995 inira

2233 3017 2666 3086 consistentibus,
2697 3021 2875 3074 omnia
2903 3035 3020 3090 qum
3046 3037 3075 3076 a
3100 3025 3312 3092 publico
3337 3029 3685 3097 exigebantur
3708 3046 3784 3100 prs

542 3110 666 3156 εει-ω
695 3106 959 3174 suggessit
978 3105 1208 3174 qualiter
1231 3107 1381 3161 Abbo
1413 3111 1682 3177 quondam
1708 3109 1788 3162 vir
1817 3107 1928 3164 Deo
1957 3108 2122 3164 devo-
2151 3093 2198 3155 C
2229 3111 2492 3166 mercedis
2515 3121 2712 3166 nostrae
2738 3126 3074 3181 augmentum
3100 3117 3149 3170 in
3187 3119 3300 3186 ipsa
3336 3093 3581 3176 ecclesia
3606 3093 3778 3177 saneto-

544 3203 626 3248 tus
653 3209 747 3262 per
774 3203 1153 3250 testamentum
1180 3197 1483 3253 donationis
1527 3214 1638 3254 sua:
1675 3200 1884 3268 aliquas
1923 3214 2012 3255 res
2054 3199 2122 3254 ad

542 3286 717 3355 ipsum
771 3295 1014 3343 sanctum
1065 3289 1239 3345 locum
1286 3290 1574 3346 Novaticiis
1606 3292 1927 3361 delegasset,
1979 3295 2119 3348 unde

541 3377 656 3447 ipsa
686 3392 810 3434 casa
846 3379 940 3435 Dei
987 3390 1042 3436 et
1085 3383 1337 3438 monachi
1366 3384 1572 3439 ibidem
1615 3387 1992 3451 consistentes,
2023 3399 2118 3440 seu

541 3484 803 3538 pauperes
825 3481 878 3525 et
899 3473 1186 3542 peregrini,
1211 3484 1402 3529 euntes
1427 3486 1480 3530 et
1510 3475 1815 3543 redeuntes,
1836 3478 2120 3531 maximam

538 3561 961 3617 consolationem
991 3564 1189 3618 habere
1224 3565 1501 3620 videntur:
1533 3576 1587 3621 et
1613 3568 1785 3634 ipsum
1828 3577 2119 3622 testamen-

542 3657 652 3704 tum
681 3651 878 3705 nostris
901 3651 1210 3708 detulerunt
1235 3654 1506 3710 obtutibus
1534 3657 1600 3710 ad
1631 3657 2119 3727 relegendum.Sed

540 3740 660 3808 quia
703 3740 1000 3810 saepissime
1025 3756 1121 3811 per
1149 3745 1338 3813 placita
1355 3746 1616 3802 comitum
1644 3763 1738 3818 per
1761 3750 2006 3804 diversos
2029 3763 2122 3818 pa-

525 3842 655 3898 gos,
685 3830 1008 3886 necessitate
1030 3843 1277 3904 cogente,
1308 3835 1479 3905 ipsum
1501 3837 1567 3891 ad
1595 3840 1936 3908 relegendum
1965 3839 2122 3895 detu-

542 3921 739 3989 lerunt,
766 3921 876 3990 iam
907 3918 972 3979 ex
1027 3934 1175 3995 parte
1209 3926 1363 3982 valde
1389 3927 1625 3983 dirutum
1655 3943 1775 3986 esse
1819 3932 2118 3992 videbatur.

539 4013 606 4068 Et
634 4012 755 4068 ideo
793 4013 917 4082 quia
957 4029 1054 4084 per
1095 4029 1155 4071 se
1203 4031 1308 4072 non
1341 4018 1552 4073 luerunt
1578 4021 1693 4074 ausi
1737 4021 1911 4090 ipsum
1956 4033 2118 4081 testa-

522 4113 777 4159 mentum
828 4119 1111 4174 renovare,
1153 4107 1420 4176 petierunt
1460 4112 1764 4166 celsitudini
1822 4124 2021 4171 nostra:
2062 4126 2120 4173 ut

538 4209 632 4258 per
673 4203 912 4252 nostram
937 4197 1234 4268 iussionem
1263 4201 1441 4256 denuo
1471 4203 1656 4259 fuisset
1683 4215 2020 4275 renovatum,
2046 4223 2116 4268 eo

538 4291 746 4347 tenore,
776 4281 918 4338 sicut
955 4282 1069 4353 ipse
1111 4285 1180 4339 ad
1212 4287 1312 4341 hoc
1370 4287 1536 4359 relegi
1589 4291 1780 4346 melius
1831 4293 2116 4362 potuisset.

536 4372 643 4426 Nos
685 4383 865 4429 autem
918 4377 1322 4435 considerantes
1375 4395 1561 4436 eorum
1617 4388 1994 4444 necessitatem
2052 4397 2116 4447 et

519 4463 802 4518 mercedis
843 4472 1042 4520 nostra
1083 4478 1451 4538 augmentum,
1495 4473 1752 4539 iussimus
1792 4491 1886 4546 per
1927 4446 2116 4536 ﬁdeles
2143 4446 2198 4507 Β

523 4555 776 4614 notarios
803 4567 1019 4615 nostros
1063 4559 1202 4616 infra
1242 4561 1496 4632 palatium
1527 4565 1702 4634 ipsum
1736 4573 2118 4628 testamentttm

533 4651 712 4707 denuo
748 4664 1049 4709 renovare:
1084 4653 1156 4708 ita
1185 4661 1244 4708 ut
1269 4654 1524 4726 deinceps
1552 4671 1653 4726 pro
1700 4661 1970 4716 mercedis
2016 4678 2117 4718 no-

534 4748 662 4797 atra:
684 4751 994 4812 augmento,
1018 4745 1258 4814 inspecto
1286 4747 1402 4813 ipso
1425 4753 1770 4814 testamento,
1800 4751 1954 4810 sicut
1988 4753 2117 4809 inibi

537 4829 861 4900 declaratur,
905 4831 979 4886 ad.
1016 4831 1190 4903 ipsam
1234 4847 1412 4890 casam
1444 4834 1540 4891 Dei
1571 4837 1772 4893 nostris
1816 4841 2117 4914 futurisque

534 4921 866 4992 temporibus
913 4922 967 4977 in
1015 4927 1312 4994 augmentis
1362 4928 1626 4996 proﬁciat.
1668 4929 1788 4987 Non
1847 4934 1990 4987 enim
2050 4949 2117 4992 ex

533 5011 922 5092 consuetudine
967 5015 1298 5071 anteriorum
1327 5033 1511 5088 regum
1563 5020 1665 5078 hoc
1717 5022 1894 5080 facere
1925 5025 2114 5082 decre-

535 5103 748 5169 vimus,
807 5103 906 5166 sed
962 5105 1300 5163 solummodo
1356 5119 1576 5178 propter
1627 5115 2007 5172 necessitatem
2061 5126 2118 5172 et

533 5193 799 5252 mercedis
823 5205 1166 5267 augmentum
1199 5199 1558 5257 transcribere
1607 5203 1951 5274 praecipimus
2007 5208 2116 5264 hoc

519 5286 739 5357 modo,
778 5295 834 5346 et
871 5288 1055 5346 subter
1089 5290 1366 5361 plumbum
1397 5294 1617 5366 sigillari
1658 5295 1938 5364 jussimus.

609 5654 634 5680 ⁸
691 5645 953 5716 Oppidum
1017 5647 1393 5703 Novalicicnse
1453 5646 1739 5704 veterrimo
1789 5647 2116 5705 monasterio

529 5716 764 5787 illustre,
797 5720 954 5773 situm
985 5726 1070 5776 est
1111 5717 1252 5775 inter
1297 5728 1531 5777 montem
1560 5718 1846 5793 Cinisinm,
1885 5721 1930 5776 le
1963 5720 2112 5776 Mont

2227 3216 2342 3256 rum
2375 3201 2752 3270 pra-dictorum
2775 3206 3073 3260 concedere
3115 3208 3215 3262 visi
3242 3223 3494 3265 essemus
3523 3230 3538 3264 :
3568 3213 3773 3283 quotiens

2227 3299 2441 3360 propter
2463 3305 2654 3346 nomen
2683 3291 2913 3360 Domini,
2959 3303 3014 3349 et
3043 3300 3396 3353 reverentiam
3429 3303 3635 3370 ipsius-
3656 3304 3760 3359 and

2225 3377 2324 3434 loci
2365 3379 2432 3433 ad
2483 3381 2650 3451 ipsam
2679 3384 2959 3438 ecclesiam
3000 3386 3287 3442 secundum
3327 3390 3554 3458 praefati
3597 3394 3766 3464 epioni

2233 3469 2563 3538 petitionem,
2587 3472 2723 3528 sicut
2746 3488 2776 3528 a
2805 3475 3017 3544 publico
3045 3475 3296 3534 hactenus
3321 3481 3703 3551 exigebantur,
3729 3487 3778 3539 sic

2226 3561 2616 3631 promptissima
2655 3564 2938 3621 devotione
2977 3581 3098 3622 cum
3138 3568 3281 3624 omni
3326 3571 3644 3642 integritate
3681 3592 3783 3645 pr:-

2223 3651 2415 3707 dictam
2441 3652 2794 3722 iudiciariam,
2822 3656 2902 3711 vel
2930 3671 3089 3712 omne
3119 3659 3383 3715 teloneum
3421 3661 3496 3718 de
3519 3665 3788 3736 supradicta

2221 3753 2369 3799 curte
2396 3743 2654 3814 Gusiano,
2697 3745 2777 3801 vel
2819 3747 2935 3816 eius
2964 3747 3279 3819 adiacentiis
3319 3765 3415 3820 per
3445 3754 3556 3810 has
3585 3756 3789 3811 denomi-

2223 3847 2373 3892 natas
2402 3837 2557 3906 lines,
2590 3846 2647 3894 et
2679 3837 3032 3895 cohaerentias
3065 3860 3078 3894 :
3109 3839 3160 3895 id
3185 3850 3288 3908 est,
3314 3857 3384 3899 ex
3417 3861 3535 3902 uno
3563 3849 3720 3903 latere
3742 3850 3794 3902 de

2222 3942 2430 3982 summa
2479 3936 2654 3995 costa,
2686 3930 2772 3984 ubi
2813 3929 3068 3985 dividitur
3095 3931 3232 3987 inter
3261 3938 3609 3992 monasterio
3641 3937 3793 3999 Tolle,

2219 4027 2276 4074 et
2315 4028 2517 4074 sanctae
2562 4023 2804 4077 ecclesiae
2853 4022 3197 4090 Placentinae,
3241 4025 3625 4087 descendente
3655 4046 3796 4101 usque

2223 4111 2275 4165 in
2322 4112 2434 4166 rivo
2464 4111 2639 4179 Garli;
2683 4114 2748 4170 de
2792 4114 2906 4169 rivo
2945 4115 3091 4170 Garli
3136 4132 3492 4186 percurrente
3549 4139 3715 4194 usque
3753 4124 3794 4176 in

2211 4200 2380 4256 alluvio
2417 4200 2578 4258 Cario
2605 4219 2620 4257 :
2654 4204 2778 4260 inde
2810 4220 2936 4260 vero
2965 4219 3058 4274 per
3091 4205 3257 4274 ipsius
3283 4207 3428 4263 ﬂuvii
3472 4211 3698 4268 alveum
3722 4213 3796 4266 de-

2220 4294 2509 4351 scendente
2538 4311 2707 4368 usque
2743 4299 2794 4351 in
2823 4298 2997 4367 capite
3035 4300 3220 4353 subtus
3248 4308 3396 4355 costa
3435 4301 3794 4369 .‘ilaurenasca,

2220 4389 2412 4446 deinde
2434 4392 2756 4447 ascendente
2779 4407 2946 4461 usque
2975 4392 3028 4447 in
3057 4405 3268 4447 summa
3290 4403 3438 4450 costa
3464 4396 3653 4465 ipsius
3674 4398 3798 4453 Mau~

2224 4493 2476 4546 renascze,
2516 4481 2604 4550 qui
2660 4480 2926 4535 dividitur
2955 4481 3095 4536 inter
3151 4481 3353 4551 ipsam,
3383 4492 3440 4539 et
3481 4485 3800 4543 Saderiano.

2221 4571 2349 4627 Inde
2376 4588 2586 4643 quoque
2609 4581 2950 4642 percurrente
2981 4589 3146 4645 usque
3179 4576 3230 4630 in
3257 4575 3306 4630 la
3335 4574 3594 4646 Vegiola;
3627 4597 3694 4636 ex
3715 4581 3804 4634 alia

2221 4677 2346 4717 vero
2375 4675 2526 4732 parte
2562 4664 2631 4717 de
2662 4664 2710 4720 la
2741 4663 2960 4735 Vegiola
3000 4680 3170 4735 usque
3210 4663 3553 4735 Castellioni,
3598 4672 3669 4726 de
3695 4671 3806 4726 Cas-

2222 4755 2422 4810 tellioni
2453 4770 2618 4827 usque
2639 4757 2693 4812 in
2712 4772 2916 4811 summa
2942 4757 3122 4822 Serra,
3140 4758 3209 4813 de
3231 4773 3439 4814 summa
3458 4757 3637 4816 Serra
3655 4775 3808 4830 usque

2221 4847 2462 4902 Fabricio
2493 4865 2506 4901 :
2536 4849 2659 4903 inde
2705 4847 2848 4903 enim
2897 4863 3065 4918 usque
3102 4849 3169 4902 ad
3214 4849 3525 4917 praedictam
3573 4853 3808 4915 Costam,

2218 4939 2306 5008 qui
2329 4937 2582 4993 dividitur
2609 4938 2749 4993 inter
2777 4938 2929 4994 'l‘olla
2959 4940 3376 5002 monasterio,et
3405 4940 3696 5008 praedicta
3723 4954 3810 4996 ec-

2217 5029 2394 5085 clesiae
2421 5029 2740 5085 Placentina:
2785 5029 2882 5085 visi
2920 5045 3102 5085 sumus
3159 5028 3509 5086 concessisse.
3561 5031 3809 5102 Quapro—

2218 5131 2336 5190 pter
2363 5135 2456 5190 per
2495 5129 2811 5192 praesentem
2853 5123 3229 5176 auctoritatem
3261 5131 3500 5177 nostram
3557 5122 3812 5180 decemi-

2218 5227 2370 5279 mus,
2421 5211 2563 5282 quod
2617 5226 2714 5267 nos
2755 5211 2808 5266 in
2864 5211 2959 5267 Dei
3010 5212 3226 5268 nomine
3272 5214 3669 5282 perpetualiter
3720 5214 3815 5268 bac

2219 5310 2398 5358 nostra
2425 5303 2770 5358 concessione
2812 5318 3120 5358 mansurum
3164 5317 3287 5360 esse
3321 5305 3612 5369 volumus;
3647 5312 3708 5358 ut
3737 5303 3813 5372 ip-

2216 5409 2330 5450 sam
2369 5393 2726 5465 iudiciariam,
2764 5396 2848 5450 vel
2888 5395 3180 5461 teloneum,
3207 5404 3263 5448 ut
3287 5407 3448 5464 supra
3483 5408 3556 5450 ex
3600 5397 3815 5464 integro

2217 5503 2313 5560 per
2353 5488 2739 5560 suprascriptas
2790 5488 2945 5556 ﬁnes,
2995 5499 3049 5544 et
3078 5487 3214 5543 intra
3242 5495 3350 5543 tam
3386 5485 3505 5558 ipse
3537 5487 3810 5558 pontifex,

2216 5642 2386 5713 Certis,
2413 5654 2467 5701 et
2497 5623 3079 5716 oppidum'Segnsium.
3117 5645 3271 5704 Nunc
3300 5645 3452 5704 vicus
3499 5653 3608 5713 est,
3643 5657 3812 5715 quem

2217 5717 2372 5788 vulgo
2401 5713 2590 5774 vocant
2614 5721 2664 5775 ta
2691 5713 2971 5772 Novatéze.
