3964 6344
138 344 167 400 1
177 345 293 401 037

500 343 729 402 CODEX
768 328 1287 403 DlPLOMATICUS.
1312 372 1381 387 —
1405 342 1811 402 PRlVlLEGlA.
1842 330 1911 381 €-
1938 341 2000 397 ΙΙ.
2040 342 2281 403 Ρηιγιι.
2324 344 2457 401 PER
2496 345 2764 402 PARTES
2803 346 3081 404 ITALIE.

3269 352 3408 407 1038

136 468 314 524 quam
364 466 700 510 successores
750 454 829 507 sui
876 452 1122 518 habeam,
1174 461 1409 521 teneant,
1454 463 1506 509 et
1551 454 1718 524 possi-
1750 456 1799 513 Α
1825 451 2040 509 nomine
2065 451 2370 510 Manfredus
2397 453 2467 512 de
2508 455 2724 512 civitate
2751 458 2896 527 regia
2940 458 3009 514 ad
3047 469 3285 516 nostram
3316 477 3411 518 ac-

135 546 349 608 deant,
388 544 470 598 vel
516 543 769 612 quidquid
817 542 1011 598 exinde
1046 544 1111 597 ad
1153 541 1446 612 profectum
1480 543 1723 599 ecclesia:

135 648 263 688 sua
292 632 473 687 facere
502 632 790 697 voluerint,
832 645 898 685 ex
933 632 1191 701 permisso
1218 640 1401 685 nostro
1428 632 1645 687 liberam
1670 630 1721 686 in

139 725 404 779 omnibus
433 722 664 778 habeant
693 730 1008 789 potestatem
1032 738 1047 786 ;
1079 723 1147 775 ita
1176 730 1234 775 ut
1272 722 1519 790 deinceps
1548 722 1723 776 nullus

141 815 282 881 dux,
314 812 626 883 gastaldius,
659 812 738 867 vel
768 811 1106 875 actionarius,
1139 825 1235 866 nec
1260 810 1479 878 quilibet
1514 826 1580 865 ex
1624 812 1723 865 mi-

140 904 333 960 nistris
380 901 686 973 reipublicae
738 902 807 957 de
853 901 965 971 iam
1016 901 1153 955 dicta
1197 901 1474 971 iudiciaria
1524 903 1721 972 aliquid

136 1010 497 1068 praesumere,
542 995 626 1051 vel
667 994 735 1049 de
779 996 894 1063 ipso
934 992 1140 1048 teloneo
1177 993 1374 1062 aliquid
1414 993 1723 1063 contingere

137 1086 421 1150 audeant;
463 1085 556 1140 sed
607 1099 701 1154 per
745 1084 883 1138 banc
928 1093 1162 1138 nostram
1208 1082 1720 1138 auctoritatem'sub

134 1176 465 1233 emunitatis
490 1176 728 1241 nomine,
758 1175 957 1231 nostris
1000 1174 1107 1229 Deo
1139 1174 1429 1230 auxiliante
1471 1178 1723 1243 tempori-

137 1267 267 1333 bus,
297 1274 355 1321 et
394 1264 585 1321 futuris
624 1274 950 1319 memoratus
994 1267 1074 1318 vir
1116 1264 1430 1319 venerabilis
1478 1264 1719 1319 Julianus

136 1361 454 1429 episcopus,
502 1356 689 1425 suique
726 1356 779 1411 in
825 1364 1156 1425 perpetuum,
1190 1356 1276 1425 qui
1321 1356 1515 1410 fuerint
1543 1366 1718 1410 recto-

137 1464 229 1506 res
277 1450 331 1503 in
358 1447 470 1518 ipsa
514 1455 697 1503 sancta
747 1446 993 1512 ecclesia,
1047 1454 1105 1499 ut
1135 1460 1293 1513 supra
1337 1446 1589 1512 diximus,
1630 1462 1718 1499 va-

137 1540 292 1597 leant
318 1541 501 1609 quieto
529 1537 740 1594 tramite
773 1544 975 1603 tenere,
1008 1546 1062 1592 et
1092 1537 1363 1606 possidere
1391 1546 1447 1590 et
1484 1550 1578 1604 pro
1613 1551 1717 1591 no-

136 1633 243 1697 bis,
270 1646 335 1687 ac
360 1632 672 1700 superstites
700 1629 868 1683 nostri
898 1628 1105 1683 Domini
1136 1626 1553 1683 misericordiam
1575 1628 1715 1696 iugi-

137 1733 219 1778 ter
246 1736 472 1777 exorare
499 1738 512 1773 ε
542 1728 599 1775 et
627 1728 683 1773 ut
714 1732 951 1789 praesens
988 1718 1275 1773 auctoritas
1305 1726 1413 1772 tam
1444 1718 1718 1786 praesenti-

1827 542 2021 596 cedens
2062 544 2423 611 clementiam,
2468 547 2744 601 serenitati
2788 556 2986 603 nostrae.
3013 550 3187 618 petiit,
3218 560 3276 608 ut
3307 569 3405 621 per

1825 641 2147 701 praeceptum
2171 636 2502 690 auctoritatis
2542 646 2740 691 nostra:
2768 651 2957 694 omnes
2993 653 3079 695 res
3107 656 3406 710 quascum-

1822 736 1925 790 que
1964 731 2090 778 tunc
2128 726 2381 793 temporis
2414 726 2558 796 iuste
2597 737 2652 782 et.
2685 727 3071 785 rationabiliter
3098 730 3153 786 in
3180 731 3406 788 heredi-

1825 824 1929 870 tate
1958 816 2190 884 legitima
2213 819 2485 887 possidere
2527 819 2826 886 videbatur,
2865 821 3078 891 quando
3116 822 3170 877 in
3216 823 3397 879 Fraa-

1822 903 1904 959 cia
1942 906 2134 962 ductus
2159 916 2263 973 est,
2294 917 2349 963 et
2377 923 2476 964 nos
2505 909 2553 965 ei
2601 911 2999 980 inpostmodum
3027 912 3255 970 reddere
3280 913 3399 984 ius-

1822 998 2014 1079 simus,
2062 998 2237 1053 denuo
2284 998 2587 1067 plenissima
2651 1000 3039 1058 deliberatione
3083 1002 3313 1060 reddere
3348 1014 3409 1059 et

1820 1086 2139 1142 conﬁrmare
2169 1087 2506 1144 deberemus.
2556 1088 2721 1159 Cujus
2774 1091 3082 1160 petitionem
3129 1092 3403 1163 denegare

1821 1179 2108 1244 noluimus,
2136 1179 2231 1235 sed
2275 1193 2373 1248 pro
2402 1181 2667 1236 mercedis
2697 1194 2893 1237 nostra:
2935 1192 3307 1253 augmentum,
3349 1192 3405 1239 et

1819 1269 2110 1324 :elimosina
2138 1270 2391 1325 antedicti
2444 1270 2536 1323 ﬁlii
2573 1272 2740 1325 nostri
2776 1272 2848 1326 ita
2877 1273 3237 1339 concessisse,
3261 1281 3318 1329 et
3347 1274 3403 1327 in

1818 1360 2063 1415 omnibus
2089 1359 2440 1416 conﬁrmasse
2478 1363 2805 1430 cognoscite.
2845 1363 3220 1433 Praecipientes
3264 1379 3401 1435 ergo

1814 1453 2079 1521 iubemus,
2112 1452 2255 1522 quod
2288 1452 2671 1521 perpetualiter
2701 1454 2839 1508 circa
2871 1469 2993 1509 eum
3035 1469 3255 1512 manere
3298 1470 3397 1511 vo-

1820 1542 2017 1607 lumus,
2046 1551 2103 1595 ut
2129 1542 2365 1611 quandiu
2396 1541 2547 1596 nobis
2570 1556 2634 1596 ac
2675 1542 2871 1597 dilecto
2920 1542 3027 1599 ﬁlio
3054 1555 3234 1602 nostro
3269 1547 3405 1603 fide-

1818 1631 1944 1686 liter
1970 1630 2304 1697 deservierit,
2337 1644 2524 1686 omnes
2547 1644 2656 1700 res,
2697 1639 2755 1685 ut
2774 1630 3027 1698 diximus,
3060 1634 3403 1703 proprietatis

1819 1737 1951 1786 suae,
1985 1722 2355 1789 undecumque
2386 1729 2512 1775 tunc
2552 1730 2790 1787 tempore
2824 1721 2973 1790 iusto
3002 1724 3215 1779 tramite
3235 1725 3405 1780 vesti-

136 1816 257 1877 bus,
298 1825 456 1878 quam
494 1808 683 1865 futuris
718 1806 1043 1877 temporibus
1073 1805 1447 1861 inviolabiliter
1487 1805 1712 1860 Domino
1746 1798 1788 1856 B
1819 1822 1903 1867 ωε
1927 1811 2050 1877 fuit,
2093 1811 2307 1881 quando
2336 1812 2388 1865 in
2438 1810 2664 1866 Francia
2698 1827 2793 1881 per
2828 1812 3127 1881 iussionem
3155 1823 3398 1871 ηοειηη,

135 1906 420 1973 adiuvante
448 1908 792 1972 permaneat,
837 1897 1080 1953 manibus
1127 1896 1321 1951 nostris
1359 1896 1543 1951 subter
1587 1896 1718 1951 scri-

135 1995 308 2052 bendo
337 1994 591 2049 roborare
628 1987 986 2057 decrevimus,
1016 1997 1069 2042 et
1104 1985 1171 2042 de
1198 1986 1394 2041 annulo
1421 1994 1608 2042 nostro
1635 1985 1716 2041 si-

134 2089 322 2159 gillare
344 2086 627 2157 iussimus.

207 2193 430 2261 Signum
460 2191 501 2259 -ι-
527 2186 708 2243 domni
738 2185 919 2241 Caroli
948 2183 1173 2255 piissimi
1196 2185 1551 2253 imperatoris.

201 2280 495 2339 Altifredus
523 2279 590 2333 ad
629 2278 800 2332 vicem
835 2275 1168 2333 Ercambaldi
1197 2276 1513 2345 subscripsi.

201 2380 331 2435 Data
372 2393 444 2434 vtt
479 2376 670 2431 Kalen.
705 2373 870 2440 Junii,
921 2387 1062 2428 anno
1110 2372 1176 2438 8,
1226 2370 1439 2427 Christo
1488 2373 1715 2441 propitio

133 2469 334 2540 imperii
364 2468 552 2535 nostri,
583 2466 653 2521 40
692 2465 842 2536 regni
881 2462 1051 2519 nostri
1078 2461 1133 2517 in
1178 2461 1429 2531 Francia,
1459 2472 1617 2533 atque
1644 2462 1713 2517 54

130 2564 180 2618 in
208 2560 376 2628 Italia,
410 2558 700 2615 indictione
729 2572 766 2611 ι.

199 2666 389 2716 Actum
420 2656 731 2727 Aquisgrani
775 2655 971 2727 palatio
1016 2664 1223 2721 nostro,
1255 2654 1308 2708 in
1350 2652 1445 2708 Dei
1491 2651 1709 2709 nomine

133 2750 387 2807 feliciter.
415 2751 606 2805 Amen.

853 2834 1021 2891 XXV.

134 2952 463 3020 Praeceptum
501 2956 528 3020 β
556 2946 720 3003 Caroli
747 2945 931 3020 Magni
960 2946 1193 3013 Augusti,
1226 2960 1344 3020 quo
1374 2942 1706 3020 Manfredum

208 3015 599 3091 Lan'gobardum
622 3020 776 3091 civem
807 3016 1105 3086 Regienscm
1146 3016 1365 3091 restituit
1404 3015 1459 3067 in
1483 3029 1730 3091 gesserim

206 3084 394 3145 sionEm
432 3090 648 3144 omnium
678 3084 1000 3158 fortunarum
1038 3100 1248 3139 suarum
1294 3084 1449 3155 (anno
1479 3084 1632 3154 808).

296 3206 389 3269 (Ex
413 3204 693 3264 Iluratorio,
717 3200 1049 3262 Antiquitates
1070 3197 1218 3248 Italiae
1243 3198 1387 3247 medii
1412 3196 1546 3259 aevi.)

197 3312 251 3367 In
282 3311 498 3365 nomine
526 3308 721 3373 Patris,
744 3314 801 3361 et
826 3304 969 3372 Filii,
994 3313 1048 3360 et
1068 3302 1297 3373 Spiritus
1324 3302 1514 3358 sancti.
1544 3301 1711 3357 Caro-

130 3405 209 3458 lus
234 3402 611 3458 serenissimus
632 3402 918 3467 Augustus,
942 3410 971 3450 a
998 3396 1107 3452 Deo
1128 3404 1436 3461 coronatus,
1462 3395 1709 3464 pacificus

133 3496 437 3564 imperator,
485 3491 785 3545 Romanum
831 3488 1134 3557 gubernans
1184 3486 1491 3556 imperium,
1522 3486 1610 3555 qui
1655 3491 1712 3539 et

128 3601 220 3655 per
245 3584 666 3639 misericordiam
703 3580 797 3634 Dei
827 3594 919 3634 rex
954 3578 1277 3632 Francorum
1304 3586 1355 3631 et
1389 3576 1696 3645 Langobar-

125 3675 332 3731 dorum.
361 3672 555 3729 Notum
594 3673 665 3727 sit
700 3669 937 3724 omnium
970 3666 1203 3722 ﬁdelium
1248 3675 1550 3720 nostrorum
1592 3680 1704 3719 ma-

126 3764 405 3833 gnitudini,
448 3759 787 3831 praesentium
824 3756 1031 3813 scilicet
1050 3764 1103 3811 et
1130 3755 1447 3820 futurorum,
1477 3752 1709 3822 qualiter

126 3870 225 3911 nos
246 3855 353 3910 Deo
375 3852 606 3916 favente,
628 3858 1005 3906 etsanctorum
1023 3846 1319 3916 principum
1344 3843 1708 3913 apostolorum

124 3947 319 4003 merita
346 3947 629 4001 inter......
656 3942 896 4011 Regnum
943 3938 1411 4009 Langobardorum
1449 3934 1709 4003 adquesi-

126 4040 320 4104 vimus,
348 4046 403 4092 et
438 4049 538 4107 pro
581 4032 864 4089 credendis
901 4029 1112 4099 aliquos
1147 4024 1530 4095 Langobardos
1557 4024 1706 4079 foras

126 4130 355 4199 patriam
385 4128 437 4182 in
459 4127 676 4181 Francia
706 4125 895 4179 ductos
917 4122 1218 4185 habuimus,
1248 4132 1382 4188 quos
1410 4118 1703 4185 inpostmo-

122 4220 259 4274 dum
284 4217 349 4273 ad
375 4216 806 4287 deprecationem
836 4212 1015 4269 dilecti
1045 4211 1137 4265 ﬁlii
1166 4210 1331 4265 nostri
1362 4207 1566 4276 Pippini
1592 4206 1710 4277 glo-

125 4309 259 4365 riosi
276 4308 417 4378 regis
436 4306 501 4361 ad
524 4306 745 4376 patriam
766 4302 1094 4367 remisimus,
1123 4309 1178 4356 et
1196 4313 1383 4355 eorum
1408 4296 1703 4367 legitimam

128 4398 519 4464 hereditatem,
549 4412 708 4467 quam
744 4395 1046 4459 habuimus,
1079 4395 1132 4449 in
1168 4393 1367 4461 scripto
1393 4398 1699 4447 revocatam

1822 1904 2010 1960 ductus
2034 1912 2138 1966 est,
2170 1911 2226 1958 et
2275 1917 2372 1958 nos
2417 1902 2467 1958 ei
2521 1902 2918 1972 inpostmodum
2968 1905 3198 1962 reddere
3235 1907 3404 1976 jussi-

1820 2010 1959 2061 mus,
1989 1994 2243 2063 deinceps
2286 2010 2381 2065 per
2409 1995 2548 2051 hanc
2586 2003 2821 2051 nostram
2855 1999 3231 2054 auctoritatem
3270 1998 3397 2070 iure

1821 2085 2125 2140 ﬁrmissimo
2153 2094 2329 2140 teneat
2357 2094 2516 2158 atque
2559 2087 2871 2156 possideat:
2927 2097 2985 2143 ut
3014 2090 3097 2145 vel
3137 2091 3396 2162 quidquid

1818 2176 2013 2230 exinde
2063 2174 2240 2231 facere
2290 2174 2539 2243 voluerit,
2592 2176 2820 2231 liberum
2884 2177 2937 2231 in
2980 2178 3230 2233 omnibus
3276 2194 3400 2249 per-

1820 2263 2024 2319 fruatur
2062 2265 2367 2320 arbitrium.
2403 2266 2466 2320 Et
2498 2274 2556 2320 ut
2599 2267 2713 2322 haec
2760 2270 3048 2336 praeceptio
3074 2278 3232 2339 atque
3268 2284 3399 2325 cou-

1818 2355 2045 2410 firmatio
2114 2356 2314 2410 nostris
2378 2355 2681 2423 futurisque
2753 2357 3087 2426 temporibus
3138 2357 3398 2412 inviolata

1816 2454 2153 2515 permaneat,
2183 2459 2347 2499 manu
2375 2447 2589 2515 prepria
2614 2446 2801 2501 subtus
2826 2448 3181 2501 corroborare
3206 2447 3396 2502 decre-

1816 2536 2010 2601 vimus,
2043 2534 2187 2590 etde
2211 2535 2407 2591 annulo
2436 2544 2623 2590 nostro
2652 2535 2873 2605 sigillari
2903 2536 3179 2604 iussimus.

1884 2625 2103 2695 Signum
2134 2626 2315 2681 domui
2346 2625 2524 2680 Caroli
2577 2625 2802 2694 piissimi
2832 2640 2894 2681 ac
2917 2623 3252 2682 serenissimi
3290 2626 3394 2683 im-

1816 2717 2105 2787 peratoris.

1882 2807 2035 2862 tlado
2087 2808 2155 2861 ad
2202 2807 2375 2862 vicem
2661 2805 2873 2860 anbaldi
2918 2805 3113 2875 scripsi
3169 2816 3226 2862 et
3274 2805 3399 2861 sub-

1809 2902 2019 2969 scripsi.

1881 2992 2013 3046 Data
2056 3006 2142 3045 xvt
2191 2989 2462 3044 Kalendas
2508 2990 2798 3059 Augustas,
2829 3003 2972 3042 anno
3020 3001 3134 3054 vttt,
3175 2985 3399 3043 Christo

1816 3083 2045 3151 propitio
2087 3081 2299 3150 imperii
2331 3078 2524 3145 nostri,
2557 3088 2611 3132 et
2655 3094 2721 3132 xi.
2750 3094 2890 3132 anno
2922 3077 3073 3147 regni
3115 3077 3288 3131 nostri
3337 3075 3397 3131 in

1741 3144 1785 3206 C
1818 3144 2064 3237 Francia,
2096 3144 2389 3225 et—xxxvttt
2421 3182 2475 3222 tn
2504 3144 2676 3234 Italia,
2706 3144 3010 3221 indictione:
3023 3166 3215 3235 prima.

1887 3263 2076 3316 Actum
2106 3259 2423 3330 Aquisgrani
2460 3257 2660 3329 palatio
2705 3266 2910 3323 nostro,
2940 3256 2996 3311 in
3037 3255 3131 3311 Dei
3177 3253 3395 3310 nomine

1814 3356 2059 3412 feliciter.
2098 3354 2269 3411 Anien
2282 3391 2299 3409 .

2504 3420 2695 3476 XXVI.

1815 3518 2145 3589 Privilegium
2186 3515 2354 3573 Caroli
2388 3513 2568 3655 M(agni
2614 3508 2961 3650 )ecrfesia
3015 3505 3392 3562 Hediofaneuai

2455 3598 2587 3636 anno
2754 3620 2768 3633 .

2455 3598 2587 3636 anno
2614 3598 2720 3635 δυυ
2731 3598 2768 3636 1.

2059 3678 2154 3740 (Ex
2178 3674 2393 3738 Ugbelli,
2421 3672 2527 3723 Ital.
2552 3684 2701 3733 sacr.,
2725 3678 2841 3721 tom.
2862 3667 2925 3730 V,
2950 3681 3002 3730 p.
3020 3666 3127 3729 70.)

1883 3764 1939 3818 In
1988 3763 2204 3817 nomine
2244 3758 2596 3813 sanctissima:
2650 3765 2703 3810 et
2753 3755 3039 3810 individua:
3084 3750 3394 3808 Trinitatis.

1812 3853 2039 3909 Carolus
2098 3850 2281 3906 divino
2310 3857 2440 3902 nutu
2495 3854 2818 3910 coronatus,
2870 3846 3168 3899 Romanum
3199 3857 3401 3912 regens

1812 3943 2090 4013 imperium
2115 3979 2132 4005 ,
2183 3952 2246 3991 ac
2288 3952 2381 4005 per
2426 3933 2842 3989 misericordiam
2876 3931 2969 3986 Dei
3017 3944 3114 3987 rex
3155 3929 3391 3984 Franco-

1811 4049 1950 4098 rum,
1996 4038 2052 4085 et
2103 4026 2575 4098 Longobardorum
2626 4021 3019 4086 serenissimus,
3063 4018 3386 4085 catholicus,

1811 4121 2080 4193 paciﬁcus,
2126 4120 2416 4186 Augustus,
2466 4114 2713 4168 omnibus
2738 4110 3043 4173 comitibus,
3088 4106 3395 4174 castaldiis,

1809 4227 1904 4267 seu
1941 4208 2149 4264 cunctis
2191 4206 2495 4274 reipublica:
2525 4218 2616 4270 per
2638 4201 2965 4271 provinciam
2998 4198 3160 4252 Italia:
3199 4202 3387 4250 nostra

1810 4302 2217 4359 mansuetudine
2280 4298 2600 4370 praepositis,
2641 4294 3019 4363 sempiternam
3064 4293 3117 4346 in
3166 4290 3394 4345 Domino

1810 4396 2057 4449 salutem.
2107 4391 2363 4447 Noverint
2421 4402 2628 4454 omnes,
2680 4396 2733 4441 et
2771 4384 2989 4453 singuli,
3038 4380 3388 4451 quemadmo-

132 4488 358 4546 reddere
394 4487 655 4567 aliquibus
684 4486 963 4557 iussimus.
1002 4484 1080 4539 Ex
1110 4483 1303 4555 quibus
1336 4497 1474 4538 unus
1504 4496 1570 4537 ex
1600 4481 1703 4536 illis
1735 4488 1784 4548 D
1811 4486 1937 4539 dum
1983 4482 2307 4539 venerabilis
2327 4480 2353 4518 δ
2386 4481 2573 4537 Petrus
2601 4478 2868 4534 Uldradus
2895 4474 3139 4532 ecclesia:
3167 4472 3375 4528 Medio-

202 4650 230 4679 ι
270 4639 487 4696 Ρτεῑετι
514 4652 833 4709 pergamena
860 4638 1166 4706 diplomatis
1197 4636 1707 4709 liuiushnotasf'ere

121 4726 319 4767 omnes
346 4706 584 4781 germani
607 4722 767 4777 atque
792 4710 1105 4781 autographi
1134 4706 1413 4776 privilegii,
1449 4707 1698 4781 videlicet

121 4777 469 4837 charactéres
500 4781 573 4833 illi
606 4780 992 4833 convenientes
1018 4792 1155 4843 aevo,
1198 4785 1253 4830 et
1300 4781 1446 4843 signa
1489 4777 1707 4829 cancel-

124 4853 280 4906 laria:
308 4851 617 4918 imperialis,
651 4850 823 4904 locum
866 4862 1079 4917 quoque
1128 4846 1285 4915 sigilli
1310 4846 1470 4918 Acerei
1514 4845 1707 4918 deperg

124 4923 251 4976 diti.
282 4915 454 4975 Unum
513 4928 691 4974 tamen
743 4915 931 4982 restat,
981 4915 1131 4987 quod
1178 4915 1533 4983 suspicionem
1583 4916 1703 4969 falsi

128 4991 347 5058 ingerit.
384 4988 643 5044 Nimirum
689 4988 958 5058 consentit
1002 4986 1225 5055 quidem
1274 5000 1445 5058 annus
1491 4994 1708 5058 octavus

122 5055 344 5129 im'perii
387 5058 563 5114 Caroli
609 5072 731 5111 cum
780 5057 1080 5129 indictione
1114 5058 1302 5129 prima.
1355 5055 1611 5129 Congruit
1655 5063 1710 5109 et

121 5124 302 5184 annus
352 5128 792 5199 quadragesimus
839 5128 999 5199 regni
1042 5124 1283 5199 Francici
1336 5141 1348 5175 :
1388 5126 1498 5199 sed
1540 5139 1709 5199 annus

123 5194 436 5269 trigesimus
463 5194 680 5253 octavus
710 5194 1057 5269 regniltalici
1105 5210 1135 5248 a
1158 5204 1303 5250 recta
1355 5194 1702 5269 cltronologia

121 5264 421 5330 dis'cordat.
454 5284 573 5322 cum
618 5281 759 5322 anno
778 5264 904 5320 '808
933 5264 1242 5320 decurreret
1287 5278 1458 5318 annus
1490 5264 1704 5333 trigesi-

123 5354 253 5395 tnus
279 5348 515 5409 quartus,
568 5334 1173 5409 nonLverotrigesimus
1199 5344 1435 5409 octavus.
1485 5334 1565 5388 Ad
1599 5335 1711 5388 haec

123 5410 269 5463 ultra
297 5404 500 5463 morem
529 5404 742 5463 subtilis
765 5405 894 5460 mihi
916 5404 1027 5460 visa
1047 5414 1133 5461 εει
1152 5404 1338 5459 eadem
1368 5418 1705 5471 pergamena.

122 5480 310 5546 Quare
335 5478 529 5533 dubius
575 5480 780 5533 haerere
832 5489 1015 5547 cogor,
1073 5484 1234 5547 atque
1284 5474 1514 5547 opinari,
1547 5474 1710 5547 tutius

125 5544 423 5618 petendum
451 5562 575 5603 esse
600 5563 630 5601 a
672 5546 884 5618 saeculis
906 5544 1321 5618 posterioribus
1352 5544 1704 5618 Manfredum,

131 5613 269 5682 i’ite,
294 5620 454 5683 Picas,
506 5618 822 5686 Papazonaz,
852 5613 1134 5684 Pedochte,
1165 5616 1498 5683 aliarumque
1546 5613 1705 5666 fami-

130 5690 325 5743 liarum
357 5698 786 5758 propagatorem.

205 5764 240 5805 ιι
274 5752 475 5816 Ρθίηιέ
508 5752 791 5826 Oldradus,
840 5756 969 5817 civis
1019 5755 1451 5821 Mediolanensis,
1492 5752 1709 5808 Adriani

1811 4640 2075 4710 pontiﬁcis
2099 4641 2168 4695 ab
2213 4638 2452 4710 epistolis
2482 4652 2512 4691 e
2563 4633 2815 4710 primaria
2867 4631 2984 4710 eius
3011 4624 3388 4710 civitatisme-

1812 4696 2037 4775 bilitate,
2058 4696 2065 4697 ί
2088 4696 2310 4764 Thalnae
2338 4706 2529 4775 Crasso
2558 4696 2823 4775 suffectus
2844 4696 2926 4753 est
2957 4696 3394 4775 in_arcltiepi.s‘co-

1814 4762 2118 4849 iuni—Eiica'
2138 4762 2331 4849 annum
2378 4774 2765 4849 785,_cumque
2808 4771 2983 4823 Leone
3021 4766 3107 4849 ιιιί
3142 4762 3391 4849 νομί-ρῳ

1812 4833 2001 4906 iterum
2053 4850 2105 4901 in
2138 4847 2369 4901 Galliam
2404 4833 2779 4911 profectus'est
2805 4882 2818 4897 .
2844 4848 3227 4911 reversusque
3281 4833 3389 4911 go-

1812 4901 1997 4983 m'am,"
2022 4918 2217 4972 ibidem
2249 4901 2485 4969 interfuit
2509 4957 2523 4978 ,
2555 4927 2677 4967 cum
2712 4908 2942 4983 pontifex
2975 4906 3112 4958 idem
3140 4901 3247 4957 Leo
3285 4901 3389 4956 Ca-

1812 4981 1985 5045 rolutn
2035 4989 2277 5057 Magnum
2326 4981 3393 5057 Augustumqne“imperatoremqueac:

1811 5047 2146 5116 c‘amasset.”
2171 5058 2214 5111 Α
2271 5070 2376 5123 quo
2409 5047 2695 5123 'deincep's
2728 5047 2991 5123 Oldradus
3041 5047 3387 5123 amplissima

1813 5110 1994 5185 retulit
2018 5110 2302 5197 privilegia
2322 5110 2699 5197 Mediolanensi
2728 5116 2997 5197 _ecclesia:
3039 5110 3353 5197 favorabili:
3369 5147 3385 5170 ο

1814 5179 2245 5267 ἶιῖἧίίίὗᾶἐὶιίύίῖ
2284 5195 2494 5259 enituit,
2552 5205 2679 5267 quo“
2696 5189 2762 5243 ab
2788 5188 2978 5267 eodem
3028 5180 3246 5267 politici)
3275 5179 3387 5267 ble-

1813 5248 2451 5336 dioianensirpﬁrincipatu
2482 5248 2865 5336 'mdnificentia
2896 5248 3051 5336 plane
3094 5250 3237 5336 regia
3262 5248 3385 5336 Ade:-

1815 5352 1968 5394 natus
1999 5346 2101 5392 est.
2136 5326 2482 5391 Fetrus'vero
2525 5331 2751 5387 Arianos
2780 5326 3082 5385 haereticos,
3130 5330 3385 5394 quascu-

1814 5388 1965 5478 iiiis?
2002 5388 2103 5476 qua
2137 5388 2299 5478 ferro
2330 5410 2629 5478 opportune
2684 5394 2984 5478 perdomuit
3006 5412 3021 5447 :
3042 5388 3392 5478 quamobrem

1814 5458 2089 5533 blvavll’euui
2120 5458 2487 5530 haereticorum
2517 5487 2545 5523 a
2572 5458 2766 5541 Carolo
2796 5467 2983 5533 Magno
3042 5458 3390 5541 honorificum

1817 5524 2591 5616 iniit-cognomen;—ilﬁiiisdem
2649 5539 2788 5616 Petri
2846 5524 3021 5589 eistat
3070 5524 3391 5616 epistolae-ti

1814 5609 2064 5674 Carolutﬁ
2121 5609 2395 5685 Magnum
2418 5614 2501 5685 de
2534 5609 2895 5685 translatione
2925 5609 3169 5685 corporis
3222 5610 3391 5653 sancti

1816 5672 2114 5759 Augustini,
2144 5672 2264 5742 cuin
2292 5700 2324 5739 e
2353 5682 2597 5741 Sardinia
2628 5679 2841 5748 Papiam
2871 5673 2967 5729 fuit
2995 5672 3251 5728 delatum.
