3964 6344
566 285 699 355 loss

1425 292 1486 346 Β.
1525 287 1771 346 CAROLI
1815 284 2027 344 MAGNI
2065 282 2214 339 OPP.
2258 279 2430 336 PARS
2470 281 2509 335 l.
2553 280 2794 337 SECTIO
2837 268 2901 334 il.

3692 283 3713 337 i
3723 283 3821 341 040

565 410 799 470 ianensis
845 407 1274 478 archiepiscopus
1305 414 1540 461 nostram
1587 404 1720 459 adiit
1759 401 2129 458 celsitudinem

2262 396 2577 450 nvictissimi
2609 393 2950 466 imperatoris
2983 393 3200 462 semper
3233 391 3452 463 Augusti
3492 409 3507 447 :
3537 395 3750 464 rogavi,
3778 409 3824 454 et

565 511 787 573 petens,
820 507 877 554 ut
920 513 1024 567 pro
1052 511 1234 552 amore
1274 496 1365 551 Dei
1421 503 1476 550 et
1509 493 1682 549 salute
1707 491 1900 548 animm
1948 499 2141 546 nostrae

565 592 742 648 omnia
796 597 991 646 sanctas
1036 586 1448 643 Mediolane‘nsis
1491 584 1733 642 ecclesias
1781 586 1832 639 in
1883 585 2140 638 honorem

565 682 735 737 sancti
772 679 938 734 Amsii
970 677 1292 733 confessoris
1329 676 1550 742 Christi,
1580 685 1634 732 et
1673 684 1873 732 sanctae
1903 674 2144 730 ecclesiae

566 774 796 829 dicat-.‘ea
812 770 1294 842 praedecessoribus
1319 767 1515 824 uestris
1541 765 2143 838 imperatbrilnis,atqne

566 862 828 932 religiosis
851 861 1097 916 omnibus
1118 874 1147 914 a
1175 858 1349 914 felicis.
1378 857 1712 914 Constantini
1736 857 1989 928 Magni,et
2008 857 2140 911 allo-

567 965 684 1009 rum
711 954 1090 1024 imperatorum
1120 949 1493 1007 recordatione
1513 949 1728 1015 collata,
1749 955 1930 1019 postea
1963 961 1990 1001 a
2019 951 2143 1018 pers

567 1043 918 1117 lidia'regum
986 1042 1453 1115 Longobardorum
1524 1041 1729 1096 turbata
1757 1081 1773 1107 ,
1825 1047 1880 1096 et
1937 1039 2142 1094 sublata

568 1145 746 1192 nostra
815 1134 1076 1208 imperiali
1143 1134 1458 1190 auctaritate
1525 1131 1830 1196 restituere,
1886 1131 2144 1186 redinte-

564 1228 757 1297 grare,
805 1235 860 1283 et
901 1224 1223 1282 confirmare
1260 1224 1542 1278 vellemus.
1583 1221 1747 1292 Cujus
1778 1221 1879 1290 piae
1909 1221 2144 1289 postula-

570 1316 703 1371 tioni
736 1315 1098 1372 assentientes
1123 1315 1362 1384 ejusdem
1395 1311 1686 1368 beatissimi
1741 1311 2002 1366 Ambrosii
2030 1311 2144 1378 epi-

567 1409 754 1479 scopi,
790 1416 858 1464 'et
905 1407 1100 1464 Christi
1139 1406 1460 1462 confessoris
1487 1404 1872 1473 implorandam
1930 1411 2144 1471 semper

566 1499 723 1569 opem
753 1507 1065 1563 statuentes,
1096 1497 1200 1552 hoc
1236 1495 1507 1551 decretum
1537 1538 1552 1561 ,
1582 1503 1637 1550 et
1667 1501 1990 1564 prazcc‘ptum
2032 1493 2148 1547 fieri

572 1589 941 1645 mandavimus
984 1589 1151 1644 Petro
1195 1583 1428 1641 Oldrado
1475 1585 1898 1654 archiepiscopo.
1935 1583 2054 1651 Quo
2095 1582 2146 1637 ei

568 1673 919 1737 concedimus
941 1718 956 1743 ,
988 1688 1040 1733 et
1071 1677 1468 1733 successoribus
1497 1677 1614 1746 ejus
1663 1676 1892 1745 legitime
1928 1675 2146 1729 intran—

2244 486 2558 556 subseripsi.

2927 574 3140 633 XXVII.

2245 689 2561 761 Praz'ccptum
2605 689 2777 744 Caroli
2811 692 3136 755 imperatoris
3165 707 3268 761 pro
3309 681 3639 746 monasterio
3662 690 3824 747 Cassi-

2761 760 2929 826 nensi,
2961 761 3122 830 (anno
3147 760 3300 831 8i0).

2385 867 2477 929 (Ex
2501 867 2655 932 'l‘osti,
2680 869 2842 920 Storia
2864 869 2994 920 delia
3017 870 3157 921 badia
3179 871 3258 922 del
3288 873 3454 923 Monte
3479 873 3706 936 Casino.)

2318 969 2372 1023 in
2405 970 2618 1024 nomine
2641 969 2852 1025 Domini
2882 971 3053 1026 nostri
3095 972 3220 1027 Jesu
3249 973 3456 1030 Christi
3496 975 3596 1030 Dei
3631 979 3828 1031 aeterni.

2248 1057 2471 1112 Carolus
2506 1057 2671 1128 g’ratta
2717 1049 2812 1113 Dei
2860 1063 2952 1114 rex
3000 1057 3332 1118 Francorum
3358 1072 3413 1118 et
3442 1064 3830 1134 Longobardo-

2251 1163 2410 1211 rum,
2453 1162 2514 1201 ac
2547 1149 2800 1218 patricius
2847 1140 3234 1219 Romanorum,
3258 1155 3510 1210 omnibus
3548 1156 3829 1225 episcopis,

2246 1237 2546 1304 abbatibus,
2580 1239 2828 1306 ducibus,
2867 1243 3175 1309 comitibus,
3199 1244 3493 1313 iudicibus,
3533 1247 3829 1317 gastaidiis,

2249 1329 2553 1385 actionariis
2575 1368 2590 1395 ,
2632 1332 2878 1400 vicariis,
2909 1335 3266 1401 centenariis,
3293 1337 3378 1391 vel
3404 1337 3643 1405 reliquis
3673 1339 3830 1392 ﬁdeli.

2249 1416 2348 1471 hus
2380 1420 2577 1472 nostris
2608 1419 2958 1488 praesentibus
2986 1421 3192 1476 scilicet
3213 1432 3267 1477 et
3290 1421 3508 1478 futuris.
3541 1423 3829 1480 Maximum

2250 1509 2398 1577 regni
2434 1507 2601 1563 nostri
2655 1509 2708 1564 in
2749 1509 2853 1564 hoc
2893 1521 3089 1580 angere
3125 1512 3395 1568 credimus
3417 1514 3829 1578 munimentum,

2250 1598 2294 1652 si
2341 1598 2690 1668 petiti'ouibus
2720 1601 3058 1655 sacerdotum
3098 1609 3259 1671 atque
3301 1617 3592 1657 servorum
3631 1603 3760 1672 Dei,
3789 1605 3830 1659 in

2251 1705 2356 1759 quo
2381 1693 2581 1746 nostris
2620 1692 2840 1746 auribus
2871 1691 3070 1747 fuerint
3111 1693 3329 1762 prolatas
3353 1736 3370 1761 ,
3402 1695 3605 1750 libenti
3650 1697 3826 1760 animo,

571 1772 735 1835 tibus,
768 1769 1023 1840 quidquid
1055 1768 1124 1824 ad
1155 1777 1389 1824 nostram
1424 1768 1850 1837 iurisdictionem
1884 1766 2151 1837 pertinere
2183 1774 2231 1835 Β
2257 1783 2692 1853 οωοτηρθηιηυε
2714 1823 2730 1850 ,
2763 1787 2921 1854 atque
2963 1785 3029 1838 ad
3063 1785 3311 1841 malum
3339 1787 3728 1856 perducamus,
3756 1807 3826 1845 η-

571 1861 623 1916 in
653 1860 784 1916 urbe
822 1857 1109 1914 Mediolani
1136 1858 1368 1926 videtur,
1405 1867 1574 1912 terras
1619 1857 1823 1912 scilicet
1850 1857 2008 1926 atque
2030 1871 2150 1910 om-

570 1962 692 2006 nem
723 1945 1023 2006 districtum
1049 1991 1064 2016 ,
1112 1949 1301 2005 domos
1355 1948 1590 2017 publicas
1620 1962 1936 2017 murumque
1987 1947 2151 2016 ipsius

557 2041 720 2097 urbis
748 2055 868 2096 cum
898 2041 1045 2107 fisco,
1075 2050 1130 2096 et
1161 2040 1369 2096 teloneo
1393 2040 1598 2110 integro
1638 2050 1836 2094 etcum
1864 2039 2008 2094 omni
2026 2038 2152 2108 jure

573 2129 744 2200 c‘ivili,
775 2133 938 2197 intus,
957 2139 1013 2188 et
1034 2131 1230 2187 forisin
1257 2131 1478 2186 circuitu
1498 2144 1667 2202 usque
1695 2129 1762 2185 ad
1791 2130 1942 2186 lines.
1964 2131 2152 2186 Cortes

569 2227 736 2284 etiam
760 2227 929 2299 ipsius
960 2227 1212 2292 civitatis,
1237 2239 1298 2280 ac
1318 2227 1582 2282 civitatem
1604 2228 1896 2297 propriam,
1912 2227 2149 2291 castella,

571 2317 757 2384 villas,
807 2329 1054 2382 manses,
1105 2327 1322 2382 servos,
1375 2325 1428 2370 et
1475 2316 1727 2386 ancillas,
1759 2318 2045 2384 criminos,
2098 2325 2154 2373 et

569 2409 846 2476 criminas,
876 2408 1497 2478 domos,possessiones,
1531 2409 1874 2478 piscationes,
1903 2417 2145 2477 campos,

570 2509 820 2567 montes,
862 2500 1058 2565 silvas,
1109 2510 1304 2572 aquas,
1345 2509 1707 2570 aquarumque
1753 2500 2048 2564 decursus,
2098 2505 2154 2555 et

570 2591 798 2660 paludes.
846 2591 1089 2657 habitas,
1144 2603 1197 2648 et
1247 2607 1523 2662 possessas
1583 2608 1611 2646 a
1667 2589 2152 2660 przedecessoribus

566 2683 681 2752 ejus
725 2682 1112 2752 archiepiscopi
1166 2692 1292 2740 ante
1348 2683 1626 2752 perfidiam
1702 2691 1756 2737 et
1813 2680 2150 2752 tyrannidem

569 2787 752 2844 regum
809 2757 1320 2843 Longobardorum;
1372 2783 1529 2844 atque
1575 2773 1754 2827 omnia
1794 2775 1911 2839 jura
1974 2771 2153 2841 aliquo

569 2863 933 2934 inscriptionis
965 2865 1139 2932 titulo,
1191 2879 1286 2921 seu
1339 2866 1673 2921 investiturae
1723 2864 1897 2919 adhuc
1925 2863 2146 2928 donata,

571 2965 627 3011 et
657 2955 850 3010 tradita
875 2996 892 3024 ,
937 2956 1114 3012 oblata
1141 2999 1156 3024 ,
1209 2971 1304 3012 seu
1335 2965 1654 3028 praesentata
1702 2965 1902 3012 sanetae
1943 2956 2146 3012 Medio-

570 3046 772 3100 lanensi
801 3044 1044 3102 ecclesiae
1072 3059 1102 3099 a
1144 3045 1546 3115 quibuscunque
1577 3046 1986 3116 imperatoribus
2007 3085 2022 3112 ,
2053 3059 2146 3100 seu

568 3137 675 3206 piis
716 3136 1042 3203 hominibus,
1093 3137 1356 3191 donamus
1382 3177 1398 3204 ,
1449 3137 1812 3202 concedimus,
1861 3137 2150 3191 coniirma-
2177 3119 2226 3183 (ἶ

569 3243 710 3281 mus.
758 3227 886 3283 item
916 3229 1179 3282 donamus
1220 3227 1508 3284 venerabili
1537 3228 1940 3296 archiepiscopo
1972 3226 2161 3294 Petro,

569 3328 625 3374 et
658 3319 1056 3374 successorib’t‘ts
1085 3318 1200 3388 ejus
1231 3303 1464 3389 legitime
1492 3318 1815 3374 intrantibus
1838 3318 2015 3373 omnia
2033 3333 2154 3387 quae

575 3419 764 3466 vocata
812 3420 968 3477 sunt,
1025 3411 1221 3467 liscali'a
1271 3413 1566 3477 comitilia,
1617 3418 1710 3467 aut
1760 3411 2149 3481 vic‘ecomitiiia,

567 3517 687 3571 quae
712 3503 883 3571 posita
911 3513 1069 3567 sunt,
1099 3512 1189 3557 aut
1238 3511 1543 3557 constructa
1586 3504 1639 3557 in
1671 3504 1926 3558 comitatu
1951 3503 2152 3559 Medio-

555 3589 702 3658 ‘lani,
739 3601 844 3646 tam
901 3593 1043 3646 intus
1107 3607 1265 3660 quam
1311 3594 1438 3647 foris
1489 3594 1538 3646 in
1578 3592 1831 3659 circuitu,
1892 3605 2058 3662 usque
2085 3589 2157 3648 ad

571 3681 704 3737 lines
754 3682 1038 3750 praedictos
1081 3694 1228 3750 suos,
1282 3682 1352 3738 ita
1383 3691 1442 3738 ut
1480 3683 1803 3738 venerabilis
1847 3684 2032 3741 Petrus
2055 3687 2150 3740 Ol-

568 3771 768 3827 dradus’
796 3771 1228 3842 archiepiscopus
1251 3813 1266 3839 ,
1315 3782 1370 3829 et
1399 3788 1737 3830 successores
1766 3773 1884 3843 ejus
1917 3775 2151 3844 legitime

570 3865 830 3920 intrantes
873 3873 1188 3934 potestatem
1236 3865 1343 3921 illic
1371 3867 1600 3923 habeant
1640 3881 1736 3937 per
1786 3881 1885 3932 se,
1914 3876 2006 3922 aut
2058 3882 2153 3936 per

572 3956 764 4012 missos
784 3969 909 4011 suos
928 3955 1224 4026 judicandi,
1248 3956 1621 4026 distringendi,
1653 3956 1902 4027 placitum
1931 3958 2148 4013 tenendi

568 4049 683 4118 jura
740 4047 971 4119 ligandi,
1020 4047 1144 4117 jura
1190 4049 1470 4116 solvendi,
1540 4057 1596 4104 et
1648 4050 1904 4120 quidquid
1961 4065 2146 4106 eorum

570 4140 811 4206 utilitas,
860 4147 916 4195 et
969 4138 1309 4194 commodqu
1359 4140 1578 4205 tulerit,
1617 4141 1841 4196 faciendi
1874 4141 1939 4195 ad
1970 4142 2148 4197 incre-

568 4237 832 4294 mentum,
857 4237 912 4283 et
940 4229 1194 4284 honorem
1225 4229 1391 4298 ipsius
1411 4237 1609 4284 sanctae
1626 4229 1870 4284 ecclesiae
1881 4229 2145 4284 mediola-

571 4318 751 4374 nensis
794 4319 851 4373 in
885 4330 1198 4388 perpetuum
1231 4320 1522 4376 duraturae.
1552 4322 1934 4394 Prmcipientes
1992 4322 2150 4391 igitur

565 4408 848 4496 jnbemus,
896 4416 956 4462 ut
995 4411 1175 4464 nullus
1217 4420 1398 4466 noster
1423 4412 1564 4478 dux,
1607 4412 1883 4479 marchio,
1938 4427 2141 4477 comes,

568 4471 888 4566 vicecomes,
938 4501 1208 4556 sculdasio
1232 4542 1246 4566 ,
1276 4504 1586 4573 gastuidius,
1644 4513 2024 4574 procuratorve
2061 4507 2143 4560 ul-
2181 4471 2228 4530 θ

573 4589 672 4656 Ius,
699 4590 834 4646 hanc
853 4603 1090 4658 sanctam
1122 4593 1216 4649 Dei
1246 4595 1532 4650 ecclesiam
1557 4596 1814 4664 inquietet
1833 4638 1847 4662 ,
1878 4607 1968 4650 aut
1998 4611 2146 4650 man-

571 4677 888 4738 sionaticunt
926 4683 1143 4752 ‘faci’at,
1197 4679 1463 4740 telonemu
1513 4685 1814 4741 districtum
1872 4669 2142 4756 placitum,

569 4785 660 4830 aut
713 4775 868 4832 aliam
917 4778 1210 4846 quamlibet
1249 4775 1517 4848 publicam
1564 4779 1890 4834 iunctionem
1939 4779 2139 4850 exigat.

567 4869 659 4924 Sin
691 4870 866 4923 minus
889 4913 905 4939 ,
937 4871 1071 4925 sciat
1100 4885 1159 4927 se
1184 4872 1479 4926 soluturum
1504 4873 1618 4926 auri
1650 4873 1833 4941 optimi
1863 4873 2025 4928 libras
2046 4874 2143 4927 du-

567 4969 781 5024 centum
807 4976 820 5014 :
851 4971 1065 5017 centum
1092 4962 1220 5017 ﬁsco
1251 4971 1456 5026 nostro,
1483 4971 1535 5017 et
1569 4974 1781 5018 centum
1806 4965 1906 5033 ipsi
1938 4963 2146 5020 archie-

569 5052 808 5120 pisc0po.
853 5052 1005 5120 Quod
1052 5063 1108 5108 ut
1139 5055 1318 5110 verius
1344 5055 1586 5120 credant,
1633 5065 1688 5111 et
1725 5057 2032 5128 diligentius
2052 5057 2147 5112 ob-

567 5156 840 5211 servetur,
873 5160 1030 5200 manu
1081 5148 1298 5216 propria
1347 5150 1701 5214 roborantes,
1744 5151 1924 5204 annuli
1974 5150 2145 5204 nostri

566 5231 1194 5306 impressioneju'ssimus
1222 5237 1480 5308 insigniri,
1505 5247 1559 5293 et
1587 5240 1931 5294 convalidari.

637 5327 760 5382 Dat.
808 5325 1057 5383 Dertonte
1098 5327 1216 5382 Kal.
1248 5328 1368 5382 Maii
1420 5331 1544 5384 anui
1601 5330 1863 5385 incarnat.
1934 5330 2146 5385 Domini

568 5417 735 5470 nostri
785 5415 912 5472 .lesu
938 5415 1137 5472 Citriin
1163 5415 1290 5484 809,
1325 5419 1511 5473 indict.
1564 5435 1656 5485 lii,
1708 5421 1915 5488 imperii
1963 5430 2144 5476 autem

571 5510 736 5562 nostri
768 5525 906 5564 anno
934 5513 989 5575 υ,
1048 5525 1335 5581 regnorum
1364 5523 1490 5568 vero
1525 5525 1835 5569 nostrorum
1861 5515 1952 5570 Η.

623 5587 910 5666 'i.onginus
952 5604 1298 5658 cancellarius
1340 5603 1406 5659 ad
1441 5607 1607 5661 vicem
1655 5606 1856 5662 Odonis
1885 5609 2145 5679 episcopi,

573 5698 631 5740 et
679 5689 1127 5749 anchicancellarii
1176 5695 1378 5768 domini
1433 5700 1599 5754 nostri
1639 5699 1813 5756 Caroli
1862 5701 2062 5773 Magni,
2095 5712 2150 5758 et

2252 1874 2391 1943 giam
2442 1874 2882 1930 consuetudinem
2925 1883 3275 1942 exercentes;
3329 1883 3385 1932 et
3434 1878 3544 1932 hoc
3592 1881 3747 1934 nobis
3773 1882 3826 1933 ad

2254 1967 2517 2023 mercedis
2548 1977 2923 2038 augmentum,
2971 1969 3053 2023 vel
3083 1971 3428 2025 stabilitatem
3474 1972 3634 2041 regni
3677 1973 3827 2026 nostri

2257 2059 2311 2113 in
2337 2057 2432 2112 Dei
2463 2059 2679 2112 nomine
2721 2060 2987 2128 pertinere
3023 2058 3362 2116 conﬁdimus.
3405 2061 3579 2131 Igitur
3609 2073 3823 2118 cuncto-

2255 2163 2372 2203 rum
2410 2147 2644 2203 fidelium
2671 2156 2872 2204 sancta:
2901 2148 2992 2202 Dei
3018 2149 3273 2204 Ecclesiae
3301 2159 3722 2219 nostrorumque
3745 2167 3840 2205 co-

2257 2245 2481 2308 gnoscat
2523 2237 2739 2304 solertia
2769 2278 2784 2302 ,
2833 2238 2955 2308 quia
3005 2238 3328 2294 venerabilis
3372 2240 3457 2294 vir
3499 2241 3826 2296 Theodetnar

2256 2327 2421 2384 abbas
2463 2329 2632 2384 sancti
2683 2329 2957 2385 Benedicti
2999 2329 3068 2386 de
3113 2343 3293 2387 castro
3336 2330 3570 2400 Casino,
3606 2337 3693 2390 ubi
3724 2337 3828 2404 ipse

2257 2421 2498 2489 corporis
2523 2422 2813 2513 sepultura:
2854 2423 3029 2479 locum
3057 2426 3405 2483 veneratione
3433 2428 3627 2484 dicavit
3649 2471 3665 2495 ,
3710 2446 3824 2484 cum

2255 2519 2447 2566 cuncta
2471 2518 2883 2582 congregatione
2905 2529 3023 2582 qua:
3053 2515 3106 2569 in
3136 2515 3324 2572 eodem
3366 2519 3479 2572 loco
3503 2518 3603 2573 sub
3637 2521 3824 2588 regula

2254 2601 2469 2657 almiiici
2499 2602 2824 2659 confessoris
2866 2606 3256 2674 omnipotentis
3289 2605 3374 2661 Dei
3413 2608 3678 2662 Benedicti
3717 2625 3814 2665 ve-

2255 2692 2452 2747 raciter
2496 2694 2728 2750 militare
2766 2696 3150 2765 cognovimus,
3199 2695 3439 2750 miserunt
3475 2697 3545 2750 ad
3571 2707 3816 2752 nostram

2256 2784 2590 2856 prmsentiam
2631 2783 2907 2854 Benjamin
2958 2785 3278 2840 monachum
3304 2827 3320 2852 ,
3360 2788 3689 2856 postulantes
3729 2803 3829 2844 no-

2256 2885 2424 2933 stram
2467 2874 2832 2930 celsitudinem
2854 2915 2870 2941 ,
2921 2869 3084 2930 ut'ob
3109 2875 3235 2932 Jesu
3262 2877 3460 2932 Christi
3495 2878 3707 2934 Domini
3736 2896 3823 2935 no.

2253 2967 2374 3032 stri,
2402 2967 2681 3036 sanctique
2704 2965 2975 3022 Benedicti
2995 2968 3296 3023 reverentia
3325 2977 3384 3023 et
3409 2969 3610 3024 anima:
3635 2983 3813 3026 nostra:

2255 3055 2528 3122 mercede,
2557 3056 2621 3111 ad
2653 3066 2996 3127 augmentum
3028 3059 3380 3128 suprascripti
3410 3063 3750 3128 monasterii,
3774 3074 3814 3117 et

2253 3148 2684 3220 supplementum
2734 3151 2976 3221 ejusdem
3029 3151 3129 3208 loci
3172 3152 3633 3209 confirmaremus
3663 3158 3710 3209 in
3737 3170 3806 3209 eo-

2251 3240 2372 3296 dem
2405 3250 2592 3296 sancto
2635 3242 2886 3297 coenobio
2925 3245 3307 3298 monasterium
3345 3255 3566 3300 sancta:
3595 3246 3790 3302 Mariti-1

2252 3329 2510 3386 Maurinis
2531 3355 2555 3397 ,~-
2577 3331 2715 3386 sicut
2743 3331 3090 3390 lidebrandus
3120 3334 3234 3388 duae
3278 3335 3330 3389 in
3361 3337 3572 3392 eodem
3611 3337 3779 3393 molita

2251 3421 2527 3478 Casinensi
2556 3424 2790 3480 oﬂ'e‘rint.
2847 3427 3084 3493 Quorum
3111 3427 3396 3497 petitiones
3427 3444 3544 3484 nos
3569 3433 3640 3485 ob
3656 3430 3786 3484 aliis:

2252 3525 2447 3571 nostra:
2478 3516 2801 3584 mercedem,
2850 3519 2917 3573 ad
2963 3531 3304 3590 augmentum
3353 3524 3496 3577 tanti
3550 3524 3800 3592 1οοὶψῶ-

2251 3622 2406 3663 cuum
2431 3621 2553 3664 esse
2575 3609 2890 3677 recolentes,
2925 3611 3153 3668 libenter
3184 3613 3428 3670 audimus
3452 3657 3470 3680 ,
3510 3627 3565 3671 et
3591 3625 3814 3685 prosun-

2251 3704 2363 3750 tttm
2381 3701 2764 3754 monasterium
2786 3713 2985 3755 sancta:
3009 3702 3185 3756 Mariae
3205 3703 3260 3756 in
3286 3703 3554 3759 Maurinis
3579 3708 3638 3760 in
3661 3705 3819 3761 eodem

2252 3788 2390 3843 beati
2417 3789 2693 3845 Benedicti
2728 3792 2974 3848 coenobio
3004 3795 3307 3862 perenniter
3338 3810 3665 3852 mansurum
3694 3799 3821 3850 vole-

2252 3893 2369 3934 mus
2391 3894 2509 3934 cum
2529 3883 2796 3948 ecclesiis,
2814 3884 2982 3948 cellis,
3007 3885 3165 3953 villis,
3190 3887 3410 3956 capellis
3427 3928 3442 3951 ,
3472 3889 3826 3956 titulis,casis,

2250 3969 2420 4024 servis
2447 3980 2502 4026 et
2529 3972 2769 4040 ancillis,
2817 3976 3110 4041 cartulatis,
3145 3978 3610 4048 praeferendariis,
3643 3981 3830 4035 colonis

2249 4069 2306 4117 et
2344 4062 2672 4128 colonabns,
2700 4065 3005 4120 aldionibus
3029 4077 3084 4121 et
3109 4067 3388 4136 aldiabus,
3436 4072 3610 4126 terris
3668 4073 3831 4132 cultis,

2249 4153 2493 4221 incultis,
2517 4156 2677 4225 agris,
2703 4158 2927 4226 campis,
2961 4158 3148 4226 pratis,
3179 4161 3411 4227 pascuis,
3441 4161 3629 4228 silvis,
3660 4163 3835 4220 vineis.

2249 4245 2513 4311 saiicetis,
2559 4248 2836 4316 cannetis,
2876 4249 3030 4316 aquis
3079 4263 3446 4320 aquarumque
3498 4251 3835 4314 decursibus,

2251 4332 2672 4399 piscationibus,
2744 4336 3104 4402 molendinis,
3176 4339 3623 4411 molendinisque
3680 4343 3838 4405 locis,

2252 4423 2556 4491 montibus,
2605 4428 2946 4495 planitiebus,
2982 4431 3237 4498 raliibus,
3272 4433 3561 4502 paludibus
3605 4440 3842 4508 quaesitis

2254 4513 2334 4567 vel
2384 4515 2758 4583 inquirendis,
2828 4519 3116 4575 mobilibus
3163 4531 3223 4576 et
3261 4523 3644 4580 immobilibus
3673 4571 3691 4594 ,
3739 4541 3847 4596 quae

2252 4604 2468 4672 adipisci
2503 4607 2716 4673 poterit,
2753 4617 3064 4676 prietaxatte
3087 4612 3327 4667 ecclesiae
3353 4613 3500 4668 beati
3535 4615 3846 4682 Benedicti,

2250 4698 2704 4754 etTheodemario
2734 4701 2908 4756 abbati
2934 4703 3157 4774 ejusque
3185 4707 3624 4774 successoribus,
3643 4711 3740 4776 qui
3765 4724 3856 4780 pro

2253 4797 2494 4859 tempore
2541 4792 2743 4846 fuerint
2791 4804 3063 4860 pastores,
3107 4807 3267 4866 atque
3310 4808 3553 4854 rectores
3601 4801 3854 4869 ejusdem

2250 4884 2563 4937 monasterii
2605 4898 2667 4938 ex
2701 4885 2905 4952 integro
2945 4889 3327 4945 confirmamus
3371 4905 3434 4945 ac
3485 4892 3858 4960 roboramns,

2251 4985 2305 5031 et
2334 4991 2428 5045 per
2460 4985 2657 5030 nostrae
2687 4979 3015 5034 auctoritatis
3055 4992 3376 5052 praeceptum
3416 4983 3784 5041 stabiliemus
3809 4995 3863 5039 ut

2245 5066 2366 5137 jure
2395 5068 2758 5125 ecclesiastico
2787 5072 3036 5138 habeant,
3074 5083 3307 5143 teneant,
3342 5076 3699 5148 firmiterque
3736 5095 3864 5149 pes-

2251 5158 2463 5213 sideant
2489 5198 2503 5224 ,
2551 5161 2789 5214 omnium
2821 5161 3096 5218 hominum
3137 5166 3564 5221 contradictione
3609 5182 3863 5225 remeta.

2215 5283 2219 5288 ο
2252 5247 2545 5327 Statnimus
2576 5250 2846 5330 videlicet,
2878 5261 2938 5305 ut
2969 5253 3145 5308 nullus
3165 5255 3291 5324 dux,
3331 5257 3605 5323 marcbio,
3636 5274 3864 5326 comes,

2250 5339 2576 5408 vicccomes,
2602 5355 2694 5395 seu
2720 5342 2946 5410 quilibet
2973 5345 3280 5413 reipublicae
3311 5355 3551 5410 exactor,
3592 5349 3867 5405 homines

2248 5430 2487 5501 ejusdem
2529 5432 2771 5487 ecclesiae
2827 5433 3025 5502 injuste
3067 5439 3345 5506 angariare
3395 5439 3478 5492 vel
3525 5438 3868 5508 fiageliare;

2250 5536 2344 5576 seu
2373 5536 2458 5576 res
2480 5521 2721 5592 ejusdem
2750 5523 2995 5579 ecclesias
3020 5524 3225 5595 tollere,
3260 5535 3352 5580 aut
3374 5527 3519 5580 illam
3549 5527 3876 5584 disvestire

2251 5612 2465 5668 audeat.
2508 5614 2572 5668 Et
2601 5615 2646 5671 si
2676 5615 2869 5685 aliquis
2901 5632 2994 5685 per
3020 5617 3182 5673 falsas
3211 5620 3442 5674 cnrtulas
3470 5635 3558 5674 res
3591 5622 3872 5676 ecclesiae

2252 5705 2486 5761 alienare
2532 5705 2828 5773 desiderat,
2878 5708 2960 5763 vei
3007 5710 3276 5776 alienavit,
3337 5710 3492 5767 liccat
3533 5715 3876 5768 rectoribus
