3964 6344
137 374 261 450 niti

438 367 667 434 conex
708 335 1226 424 DtrLonArtcus.
1267 388 1334 399 -
1375 348 1782 411 ιιιιικνιιιςοιΑ.
1824 375 1890 386 -
1921 345 1984 402 u.
2027 344 2270 400 rnivu..
2315 345 2444 401 man
2486 346 2750 404 mares
2789 345 3060 402 ιΤΑιιΑῖ.

3231 334 3368 401 1012

134 500 235 569 jam
264 495 424 550 dictae
452 485 819 554 ecclesizeper
845 485 1233 534 sacramentum
1263 480 1314 526 et
1339 464 1698 524 testimonium
1729 458 1780 518 Α
1807 473 1913 569 Lino
1943 459 2105 514 latere
2133 469 2318 530 ω’)οιοιει
2365 459 2608 526 latronis,
2659 476 2775 530 qua2
2822 474 2902 517 es,
2937 464 3036 531 sub
3065 466 3372 520 “mulin

139 559 393 646 bonorum
429 579 712 635 hominum
755 567 1284 630 circnmmanentium
1330 578 1388 618 se
1417 559 1706 616 defendere

135 685 272 754 juste
317 685 370 733 et
423 672 688 742 legaliter,
719 665 863 721 illam
893 677 979 718 res
1003 659 1281 716 ecclesiam
1322 653 1620 723 pertinere,
1652 658 1706 754 et

137 740 211 829 sic
257 740 602 824 easdem—res
645 759 710 813 ad
739 756 829 827 jus
851 764 908 810 et
946 751 1237 809 dominium
1282 745 1528 803 ecclesiae
1581 740 1706 795 red-

140 865 247 921 dat.
287 859 343 915 Si
369 858 490 928 quis
515 861 691 910 autem
718 849 880 919 hujus
911 836 1111 902 nostra:
1132 838 1547 899 conﬁrmationis
1571 851 1707 905 pra:-

139 964 344 1024 ceptum
368 949 692 1022 infringere,
735 943 821 998 vel
857 940 1056 995 vi'olare
1095 931 1458 1004 temptaverit,
1493 941 1546 984 et
1575 943 1709 997 pra:-

141 1021 292 1103 dictae
317 1021 559 1098 ecclesia:
589 1034 729 1091 beati
756 1028 1031 1088 Benedicti
1063 1034 1298 1082 rectores
1327 1021 1410 1076 vel
1443 1025 1704 1092 pastores,

141 1136 219 1191 vel
247 1147 434 1190 eorum
463 1128 685 1192 missos,
726 1137 822 1178 seu
856 1120 1064 1188 aliquos
1106 1113 1348 1169 homines
1379 1107 1508 1178 ipsis
1535 1106 1709 1175 perti-

143 1237 323 1286 “emes
366 1217 698 1288 ἀίειτίιιεθι·ῖι
722 1256 738 1280 ν
789 1210 1131 1277 auumquam
1160 1201 1461 1261 violentiam
1494 1195 1705 1272 fecerit,

143 1322 268 1377 sciat
304 1331 362 1372 se
409 1309 831 1380 compositurum
857 1299 992 1356 ‘auri
1038 1295 1227 1368 Optimi
1271 1294 1432 1347 libras
1463 1299 1704 1353 centum,

146 1410 477 1468 medietatem
508 1377 734 1456 camera:
766 1400 995 1456 nostrae,
1029 1397 1082 1442 et
1113 1385 1454 1442 medietatem
1485 1377 1705 1451 praefato

147 1490 683 1565 venerabiliabbati,
735 1496 790 1541 et
838 1481 953 1539 suis
999 1475 1394 1534 successoribus
1421 1513 1436 1540 ,
1477 1471 1568 1540 qui
1608 1483 1708 1537 pro

149 1603 378 1661 tempore
404 1560 605 1640 fuerint
630 1563 866 1645 rectores
890 1569 1128 1640 ejusdem
1159 1565 1414 1622 ecclesize.
1457 1559 1611 1661 Quod
1651 1566 1708 1612 ut

150 1653 318 1735 verius
347 1675 630 1736 credatur,
661 1677 716 1723 et
743 1663 1042 1734 diligentius
1083 1659 1148 1714 ab
1174 1656 1421 1712 omnibus
1447 1653 1711 1709 observe-

151 1785 247 1836 tnr,
272 1767 533 1840 jussimus
558 1760 679 1816 inde
707 1758 808 1812 hoc
846 1766 1079 1822 pratsens
1118 1756 1438 1819 przeceptum
1481 1743 1713 1799 conscri-

151 1833 554 1925 bi,’a'nnul0que
587 1861 767 1906 nostro
795 1843 1014 1915 sigillari
1038 1880 1056 1909 ,
1088 1853 1250 1906 manu
1287 1835 1497 1907 propria
1526 1833 1714 1890 subter

155 1951 490 2007 ﬁrmavimus.

219 2043 426 2111 Signum
454 2034 633 2091 Caroli
659 2025 1028 2103 gloriosissimi
1056 2022 1218 2092 regis.

218 2141 372 2198 Iacob
398 2139 464 2192 ad
497 2135 666 2189 vicem
701 2127 955 2184 ltadonis.
987 2115 990 2118 ’

221 2241 345 2295 Data
395 2246 592 2304 octavo
619 2227 887 2286 Kalendas
941 2225 1145 2295 Maias,
1198 2235 1339 2277 anno
1371 2217 1608 2281 decimo,
1663 2213 1718 2269 el

161 2343 333 2406 quarto
359 2329 566 2384 decimo
591 2321 739 2393 regni
770 2320 967 2384 nostri,
1001 2317 1290 2372 indictione
1320 2312 1620 2368 undecima.

226 2436 406 2488 Actum
451 2426 676 2484 civitate
706 2423 886 2490 Capua
917 2460 931 2484 ,
979 2418 1030 2472 iu
1074 2417 1170 2471 Dei
1225 2415 1440 2469 nomine
1480 2409 1722 2474 feliciter,

167 2525 341 2581 Amen.
365 2550 432 2564 -—
458 2517 680 2574 Carolus
706 2511 873 2594 gratia
908 2509 1000 2566 Dei
1030 2509 1318 2578 imperator
1345 2507 1630 2574 Augustus.

779 2713 782 2720 ι
818 2639 1052 2700 xxvnt.

184 2723 479 2832 Prisceptum
499 2758 668 2815 Caroli
698 2755 880 2832 Magni
915 2769 1006 2821 pro
1033 2752 1208 2832 eodem
1234 2747 1522 2804 Cassinensi
1547 2762 1728 2801 titana-

685 2821 834 2882 sterio
857 2827 1014 2897 (anno
1043 2821 1192 2891 810).

726 2939 819 3003 (Ex
845 2937 996 2999 'l‘osti,
1021 2935 1161 2996 ibid.)

256 3050 308 3105 ln
337 3050 532 3104 nomine
545 3045 746 3102 Domini
767 3043 933 3100 nostri
951 3041 1074 3097 Iesu
1094 3039 1288 3095 Christi
1305 3038 1392 3094 Dei
1412 3037 1616 3093 aeterni.
1634 3036 1735 3091 Ca-

1807 550 2213 616 Sarracenisco,
2254 561 2308 607 et
2345 552 2491 620 inde
2517 554 2759 608 ascendit
2798 554 2850 608 in
2883 557 3115 612 staﬁlum
3152 557 3220 612 de
3266 558 3373 612 Ma-

1802 640 1927 710 jella
1955 658 1967 694 :
1997 642 2064 696 de
2108 642 2212 696 alio
2258 643 2423 699 latere
2467 644 2737 713 quomodo
2778 644 3055 710 descendit
3100 648 3155 702 in
3184 663 3373 716 aquam

1808 735 2226 806 Frassiningam,
2253 746 2308 791 et
2337 735 2459 789 inde
2491 735 2653 790 mittit
2695 735 2752 793 in
2781 735 2954 790 rivum
2978 735 3289 800 Bacinnum,
3322 744 3378 790 et

1808 824 1955 880 vadit
2000 825 2050 880 in
2093 834 2306 892 puteum
2337 824 2404 882 de
2433 821 2734 892 Capetano;
2765 822 2888 878 inde
2915 822 3254 892 fossatumS.
3284 822 3376 878 Ia-

1808 915 1998 982 nuarii,
2029 923 2084 970 et
2129 915 2180 969 in
2229 924 2518 968 rosentem.
2580 913 2655 970 De
2694 913 2799 969 alio
2829 915 2999 989 latere
3029 916 3152 968 ﬁnis
3181 915 3364 972 Bisara

1812 1005 1866 1065 in
1893 1005 2032 1060 viam
2080 1019 2198 1072 qua:
2247 1003 2390 1066 vadit
2435 1004 2487 1058 in
2534 1005 2720 1061 lacuna
2769 1017 2930 1074 supra
2968 1004 3026 1059 8.
3069 1004 3375 1062 Donatum:

1811 1097 1936 1152 hinc
1955 1097 2007 1151 in
2034 1095 2298 1163 Ficarium
2325 1134 2342 1162 ,
2385 1096 2509 1150 inde
2539 1095 2590 1151 in
2619 1095 2876 1152 fossatum
2919 1093 2989 1150 de
3015 1094 3075 1162 8,.
3102 1094 3295 1165 Lucia,
3327 1101 3382 1149 et

1810 1188 2048 1254 ascendit
2091 1200 2184 1255 per
2245 1201 2436 1255 aquam
2485 1184 2724 1254 frigidam
2776 1185 2838 1246 in
2876 1184 3048 1250 limite
3088 1185 3156 1241 de
3203 1195 3384 1241 monte

1803 1280 2013 1354 plano,
2063 1286 2117 1333 et
2147 1275 2284 1336 sicut
2311 1276 2458 1338 vadit
2498 1276 2599 1330 sub
2622 1272 2787 1344 ipsius
2816 1274 3070 1330 limitibus
3099 1275 3150 1328 in
3181 1274 3383 1330 fossatu

1815 1370 2058 1436 Garil'uli,
2084 1379 2135 1423 et
2165 1369 2236 1423 ita
2271 1367 2418 1423 vadit
2443 1367 2493 1422 in
2517 1367 2734 1422 Alento.
2767 1367 2908 1423 Inter
2935 1381 3068 1436 quos
3095 1367 3227 1421 fines
3255 1365 3384 1434 nulli

1815 1464 2013 1524 homini
2038 1461 2232 1532 aliquid
2261 1461 2522 1529 dedimus,
2551 1459 2646 1514 sed
2678 1458 2844 1514 ﬁscho
2862 1459 3024 1529 regali
3050 1458 3384 1528 pertinebat;

1815 1556 1991 1610 omnia
2023 1555 2075 1609 in
2106 1553 2292 1608 eodem
2333 1551 2582 1608 cmnobio
2627 1548 2944 1615 obtulimus,
2991 1548 3183 1604 dehinc
3206 1547 3384 1620 eccle-

1817 1649 1911 1703 sire
1936 1647 1994 1704 S.
2024 1646 2202 1700 Mariae
2225 1645 2276 1699 in
2305 1645 2576 1708 Bacinno;
2629 1642 2688 1700 8.
2720 1641 2943 1697 Fclicis-
2962 1641 3014 1696 in
3050 1641 3342 1714 Pastoricin
3371 1658 3384 1704 ;

1818 1739 1879 1794 S.
1939 1737 2207 1792 Benedicti
2249 1735 2303 1790 in
2349 1736 2539 1800 Turri;
2588 1735 2645 1790 S.
2679 1733 2784 1794 Viti
2830 1748 2991 1802 supra
3044 1733 3252 1802 flumen.
3289 1733 3388 1788 La-

1823 1828 2060 1894 vinium;
2099 1827 2158 1884 S.
2205 1827 2367 1883 Heliae
2417 1827 2469 1881 in
2507 1826 2852 1896 Sclangario;
2902 1825 2960 1881 8.
3006 1824 3218 1888 Comitii
3247 1825 3393 1893 juxta

1822 1922 1993 1976 rivum
2027 1921 2282 1986 Arulum;
2323 1917 2380 1974 S.
2417 1917 2588 1974 Felici.
2626 1917 2676 1973 in
2720 1916 2993 1988 pulverio;
3037 1915 3096 1974 8.
3129 1915 3313 1972 Culisti
3345 1916 3395 1974 in

1822 2014 2006 2081 lliano,
2063 2013 2122 2080 8.
2152 2012 2469 2068 Manumetis
2501 2010 2730 2075 ibidem;
2771 2007 2827 2064 8.
2855 2008 3032 2064 Marias
3063 2009 3115 2062 in
3145 2008 3398 2073 Petiano;

1823 2105 1880 2159 S.
1915 2104 2074 2159 Marci
2114 2101 2329 2169 ibidem,
2373 2100 2430 2158 8.
2483 2098 2774 2161 Eleutlierli
2823 2098 2876 2154 in
2927 2097 3094 2168 Bupi;
3146 2100 3206 2154 8.
3251 2099 3398 2159 Pauli

1824 2194 2045 2258 ibidem,
2079 2208 2182 2256 una
2208 2208 2328 2248 cum
2357 2201 2534 2247 castro
2555 2189 2828 2256 Calcaria;
2867 2189 2927 2244 8.
2960 2189 3166 2245 Erasmi
3197 2190 3250 2244 in
3283 2205 3399 2246 cer-

1824 2286 1930 2340 ritu
1959 2285 2155 2354 plano;
2187 2284 2247 2338 S.
2277 2282 2594 2347 Salvatoris,
2625 2291 2679 2338 et
2705 2285 2763 2341 S.
2803 2280 3012 2344 Martini
3041 2280 3235 2338 ibidem
3272 2300 3284 2334 :
3337 2281 3398 2336 8.

1835 2375 2144 2440 Benedicti;
2176 2373 2235 2429 8.
2268 2375 2443 2429 Maria:
2466 2415 2483 2441 ,
2517 2385 2570 2430 et
2598 2376 2650 2431 8.
2685 2373 2894 2431 Comitii
2930 2375 2982 2429 in
3012 2374 3154 2430 Orno
3176 2389 3193 2440 ;
3215 2372 3276 2428 8.
3302 2371 3402 2426 Ca-

1828 2469 1966 2537 listi;
2002 2469 2060 2525 8.
2091 2468 2234 2527 Petri
2266 2470 2319 2523 in
2350 2468 2687 2536 Albianellu;
2719 2469 2777 2524 S.
2810 2467 3002 2532 Mauri,
3032 2476 3086 2529 et
3113 2464 3169 2521 8.
3207 2463 3401 2525 [tentati

1775 2597 1780 2602 -
1829 2561 1881 2623 in
1925 2559 2270 2624 Taratolano,
2322 2568 2376 2613 et
2429 2558 2580 2628 piezn
2633 2557 2988 2624 Cervarium;
3028 2553 3088 2610 8.
3140 2552 3320 2607 Calisti
3353 2552 3404 2605 in

1831 2655 1970 2711 valle
1997 2667 2156 2721 supra
2187 2652 2467 2716 Lcentum;
2496 2650 2558 2706 S.
2590 2649 2769 2704 Mariae
2796 2662 2956 2717 supra
2981 2647 3091 2702 fara
3131 2645 3198 2701 de
3237 2643 3406 2700 Lien-

1835 2752 1984 2811 tum;
2012 2744 2070 2800 8.
2096 2742 2278 2800 Sabini
2302 2744 2352 2797 in
2393 2741 2723 2807 Trevanico;
2753 2739 2812 2794 8.
2840 2737 3103 2795 Clementi
3137 2733 3400 2802 in.Pl_umr

1833 2838 1990 2904 bata;
2019 2837 2076 2891 S.
2111 2835 2290 2891 Mariae
2337 2834 2392 2889 in
2437 2833 2598 2888 ﬂuvio
2640 2834 2790 2897 foro;
2819 2827 2991 2886 sancti
3028 2827 3169 2884 Petri
3200 2827 3254 2881 in
3281 2823 3406 2882 Lol-

1834 2930 2007 2996 liano;
2035 2927 2419 2983 monasterium
2447 2924 2506 2981 8.
2537 2923 2812 2988 Severini;
2844 2925 2901 2978 8.
2934 2922 3128 2978 Menne
3156 2919 3210 2974 in
3234 2918 3409 2988 Bipe;

1837 3021 1896 3078 S.
1929 3019 2154 3076 Andreze
2181 3018 2233 3074 in
2264 3017 2400 3074 colle
2427 3016 2494 3073 de
2523 3017 2686 3080 Alba;
2708 3014 2768 3072 8.
2809 3013 2950 3069 Petri
2979 3012 3032 3068 in
3055 3013 3177 3077 Art;
3209 3009 3267 3065 8.
3298 3009 3406 3062 An-

187 3142 326 3197 rolus
344 3142 492 3213 gratia
513 3139 600 3194 Dei
638 3154 733 3193 rex
762 3137 1118 3200 Francorum,
1164 3142 1322 3202 atque
1355 3129 1730 3200 Longobardoo

1836 3111 1942 3183 geli
1983 3100 2110 3166 ante
2153 3111 2420 3167 civitatem
2451 3109 2744 3174 Ortonam;
2795 3104 3073 3162 castellum
3115 3103 3184 3158 de
3219 3100 3414 3170 Ungo;

186 3247 315 3299 rum,
339 3248 396 3287 ac
416 3231 660 3301 patricius
677 3229 1053 3293 Romanorum,
1069 3225 1312 3289 omnibus
1340 3221 1624 3292 episcopis,
1647 3223 1740 3279 ab.

180 3324 393 3392 batibus,
409 3319 962 3392 ducibus,comitibus,
975 3317 1264 3388 judicibns,
1277 3317 1744 3378 eastaldeis,actio-

181 3418 352 3482 nariis,
377 3414 606 3479 vicariis,
649 3410 996 3476 centenariis,
1025 3407 1107 3462 vel
1138 3407 1355 3475 reliquis
1382 3407 1625 3461 ﬁdelibus
1655 3421 1743 3462 no-

181 3508 298 3562 stris
311 3505 658 3575 praesentibus
679 3512 838 3572 atque
857 3501 1065 3556 futuris.
1096 3499 1380 3554 Maximum
1405 3499 1550 3568 regni
1577 3499 1741 3553 nostri

181 3599 229 3653 in
266 3579 360 3666 hoc
383 3610 580 3667 augere
606 3592 873 3652 credimus
892 3591 1300 3654 munimentum,
1323 3589 1373 3644 si
1400 3589 1744 3657 petitionibus

182 3687 504 3744 sacerdotum
548 3696 707 3754 atque
751 3697 1024 3748 servorum
1057 3680 1174 3745 Dei,
1212 3681 1263 3734 in
1287 3693 1391 3746 quo
1422 3679 1622 3736 nostris
1654 3695 1746 3732 διιο-

181 3781 319 3833 ribus
344 3778 541 3833 fuerint
574 3776 791 3846 prolatae
815 3816 829 3839 ,
875 3772 1061 3828 libenti
1089 3772 1268 3825 animo
1294 3770 1743 3838 obtemperamus,

182 3876 327 3936 atque
363 3867 432 3922 ad
476 3865 722 3934 effectum
772 3863 1139 3934 perducimus,
1161 3861 1360 3930 regiam
1402 3858 1747 3914 consuetudi-

183 3973 294 4012 nem
329 3971 682 4014 exercemus:
713 3963 766 4009 et
790 3955 891 4009 hoc
917 3953 1071 4008 nobis
1095 3952 1162 4006 ad
1189 3951 1453 4005 mercedis
1496 3965 1748 4020 augmen-

183 4060 285 4109 tum
313 4049 397 4104 vel
421 4048 764 4104 stabilitatem
795 4045 946 4115 regni
975 4044 1140 4099 nostri
1164 4043 1217 4097 in
1248 4042 1344 4097 Dei
1369 4042 1583 4097 nomine
1615 4056 1744 4110 per-

184 4143 345 4195 tinere
378 4139 742 4195 conﬁdimus.
767 4137 1101 4204 Quapropter
1151 4134 1360 4189 noverit
1400 4133 1614 4189 solertia
1661 4149 1752 4188 ve-

185 4241 289 4285 stra
349 4229 581 4300 qualiter
646 4227 718 4283 ob
787 4226 1138 4281 reverentiam
1197 4224 1366 4279 sancti
1430 4221 1753 4278 confessoris

181 4321 373 4377 Christi
408 4319 678 4375 Benedicti
711 4317 775 4371 ad
805 4317 1117 4387 petitionem
1143 4315 1375 4384 religiosi
1396 4314 1749 4371 Theodemari

183 4415 384 4484 abbatis
427 4429 494 4469 ex
529 4411 853 4467 monasterio
889 4407 1168 4464 Casinensi
1207 4407 1310 4462 tale
1351 4406 1668 4462 beneﬁcium
1701 4407 1752 4460 in

1842 3203 2122 3260 castellum
2151 3202 2219 3258 de
2245 3202 2400 3256 Prata
2425 3219 2441 3267 ;
2470 3201 2528 3258 8.
2555 3200 2742 3256 Crucis
2767 3199 2822 3254 in
2843 3205 3024 3254 castro
3049 3195 3270 3257 Casale;
3298 3209 3410 3250 mo-

1842 3298 2138 3354 nasterium
2176 3297 2234 3353 8.
2266 3294 2566 3360 Pancratii;
2591 3294 2650 3349 8.
2681 3293 2820 3350 Petri
2849 3295 2900 3348 in
2928 3292 3144 3348 civitate
3188 3288 3411 3345 Textina

1842 3397 2057 3454 vetere;
2086 3387 2144 3443 s.
2175 3384 2320 3441 Pauli
2353 3384 2588 3450 ibidem;
2629 3383 2687 3440 s.
2717 3383 2880 3439 Tecla
2927 3383 2982 3438 in
3022 3381 3236 3438 civitate
3280 3360 3424 3438 res:

1847 3485 1954 3541 tina
1985 3496 2155 3547 nova;
2199 3478 2258 3535 8.
2289 3476 2581 3544 Theodori,
2625 3487 2702 3532 et.
2729 3477 2786 3532 8.
2818 3475 3119 3532 Salvatoris.
3138 3476 3191 3529 in
3216 3475 3418 3530 Aternn

1847 3591 1968 3631 cum
2000 3582 2319 3648 portusuo;
2345 3565 2686 3628 incomitata
2730 3569 3004 3626 Pennensi.
3030 3566 3318 3638 ecclesiam
3361 3564 3421 3618 8.

1846 3670 2043 3726 Felicis
2088 3672 2138 3730 in
2184 3672 2442 3738 Stabulo;
2486 3669 2546 3726 8.
2600 3666 2874 3722 Benedicti
2924 3665 2976 3718 in
3025 3661 3312 3724 Lauriano,
3360 3658 3418 3714 8.

1845 3762 2188 3818 Scholastica:
2214 3763 2365 3830 juxta
2392 3759 2606 3816 ﬁuvium
2632 3758 2813 3822 Tabe;
2843 3756 2899 3812 S.
2935 3753 3124 3823 Angeli
3149 3753 3199 3808 in
3229 3750 3423 3806 Galba-

1849 3853 2006 3917 nico;
2059 3854 2121 3908 8.
2170 3852 2366 3908 Felicis
2413 3852 2466 3904 in
2517 3849 2792 3914 Bosicole;
2835 3848 2892 3902 S.
2935 3846 3114 3900 Maria:
3147 3845 3214 3898 ad
3245 3843 3426 3899 l'ater-

1850 3961 2012 4011 num;
2045 3944 2101 4002 S.
2132 3945 2344 4000 Martini
2375 3945 2426 4000 in
2459 3941 2808 4005 Genestrula;
2843 3938 2898 3994 S.
2934 3939 3109 4001 Petri,
3136 3945 3190 3993 et
3211 3935 3423 3997 Ceciliae

1851 4037 1905 4094 in
1935 4037 2316 4104 Castroulano;
2347 4037 2404 4094 8.
2431 4037 2617 4092 Petrus
2641 4036 2692 4089 in
2722 4032 3008 4096 Termule;
3037 4029 3098 4085 8.
3130 4027 3420 4091 Benedicti,

1851 4140 1905 4186 et
1931 4127 1990 4184 8.
2020 4127 2198 4184 Mariae
2225 4129 2276 4182 in
2307 4126 2550 4183 Maurinu
2595 4138 2716 4179 cum
2757 4131 2913 4193 portu
2943 4136 3080 4188 suo;
3110 4119 3169 4175 8.
3196 4118 3424 4173 Victoris

1858 4223 1909 4278 in
1938 4223 2068 4278 silva
2096 4223 2284 4291 plana;
2308 4219 2366 4276 8.
2399 4217 2691 4280 Benedicti,
2721 4225 2776 4271 et
2793 4215 2852 4274 8.
2883 4214 3186 4270 Scolasticre
3213 4211 3267 4264 in
3299 4211 3425 4265 Pin-

1853 4329 1958 4380 ne;
1987 4313 2047 4369 8.
2098 4313 2302 4375 Marize,
2346 4320 2402 4366 et
2448 4310 2504 4365 8.
2555 4307 2860 4372 Benedicti,
2908 4313 2964 4361 et
2999 4305 3055 4360 S.
3078 4302 3352 4359 Columba:
3377 4302 3428 4356 in

1852 4404 2102 4468 Marino;
2134 4403 2192 4458 S.
2241 4399 2418 4458 Mariae
2459 4397 2512 4452 in
2557 4396 2835 4463 Cesentia,
2883 4404 2946 4452 et,
2989 4394 3048 4452 8.
3079 4393 3346 4450 Benedicti
3377 4393 3429 4448 in

182 4505 292 4574 ipso
320 4505 654 4559 monasterio
697 4501 795 4556 visi
842 4499 1036 4555 fuimus
1068 4499 1428 4564 concessisse;
1461 4501 1600 4554 unde
1637 4514 1754 4554 mo~
1782 4506 1833 4566 ι)
1858 4494 2009 4559 Bari;
2060 4493 2118 4551 S.
2169 4490 2379 4548 Severi.
2409 4491 2462 4545 in
2501 4488 2794 4554 Sorrento;
2839 4487 2902 4544 S.
2945 4485 3245 4552 Benedicti,
3294 4493 3348 4542 et
3371 4486 3427 4542 8.

182 4597 335 4652 nachi
367 4596 481 4650 Deo
503 4595 801 4650 servientes
832 4605 928 4661 pro
959 4591 1113 4645 nobis
1139 4599 1194 4644 et
1224 4605 1320 4660 pro
1342 4599 1536 4644 cuncto
1561 4591 1757 4659 populo

182 4688 490 4745 Christiano
511 4695 797 4744 exorantes
824 4685 1008 4740 vivere
1037 4683 1265 4748 valeant,
1300 4683 1350 4736 id
1373 4691 1583 4749 est,rcs
1625 4697 1759 4752 per-.-

182 4783 414 4836 tinentes
445 4792 601 4834 sacro
637 4788 822 4833 nostro
860 4775 1057 4845 palatio
1090 4789 1182 4844 per
1205 4773 1417 4828 diversa
1441 4765 1608 4840 loca,
1639 4787 1758 4843 qna:

182 4869 389 4940 genitor
410 4876 593 4923 noster
615 4867 833 4936 Pipinus
862 4881 964 4920 una
995 4880 1115 4919 cum
1142 4863 1305 4918 fratre
1347 4877 1443 4930 suo
1480 4863 1675 4918 Carulo
1706 4862 1756 4916 in

184 4962 374 5017 eodem
421 4967 608 5015 sancto
654 4957 902 5015 emnobio
938 4957 1270 5027 obtulerunt.
1323 4953 1486 5026 Igitur
1525 4953 1663 5008 sicut
1691 4953 1759 5008 ab

186 5052 295 5108 illis
320 5052 512 5109 eodem
545 5051 666 5106 loco
692 5049 870 5104 oblata
900 5058 956 5104 et
977 5048 1287 5103 conﬁrmata
1309 5055 1468 5111 sunt,
1499 5053 1555 5100 et
1582 5060 1675 5099 [103
1707 5046 1758 5098 in

185 5155 499 5211 perpetuum
531 5140 839 5194 habendum
883 5139 1170 5200 tenendum
1197 5177 1212 5204 ,
1276 5146 1329 5196 et
1381 5135 1760 5198 dominantium

185 5231 528 5286 concedimus
556 5239 610 5284 et
636 5228 1040 5284 conﬁrmamus.
1085 5225 1378 5281 Ecclesiam
1403 5226 1463 5280 8.
1495 5223 1682 5279 Jacobi
1709 5226 1760 5278 in

184 5323 451 5388 Tremiti;
483 5323 540 5380 S.
573 5320 793 5378 Ioannis
820 5322 882 5386 in,
902 5320 1096 5376 Veneri
1119 5361 1134 5386 ,
1166 5336 1283 5389 qua:
1310 5335 1358 5388 ag
1383 5321 1610 5374 Martino
1642 5335 1760 5374 mo.

185 5415 361 5468 nacho
408 5413 647 5482 ejusdem
688 5411 930 5470 ecclesia:
973 5420 1344 5471 constructore
1386 5411 1539 5464 beato
1589 5411 1763 5466 Bene-

189 5503 336 5558 dicto
364 5504 540 5558 oblata
589 5513 690 5560 est.
753 5502 958 5559 Dehinc
1001 5500 1285 5557 ecclesiam
1336 5501 1392 5556 S.
1441 5502 1766 5558 Liberatoris

191 5609 352 5666 supra
379 5595 594 5650 ﬂuvium
626 5598 913 5663 Lacntum;
955 5595 1014 5652 S.
1041 5595 1226 5664 Angeli
1267 5594 1321 5649 in
1361 5601 1540 5648 monte
1571 5593 1764 5661 Glano,

192 5687 473 5740 castellum
527 5686 585 5740 8.
634 5685 853 5755 Angeli;
879 5685 1156 5740 castellum
1187 5685 1247 5740 8.
1283 5683 1450 5746 Petri,
1476 5692 1676 5738 cnrtem
1704 5683 1760 5736 8.

194 5774 432 5847 Ianuarii
483 5792 603 5833 cuin
653 5779 988 5848 pertinentiis
1033 5779 1145 5834 suis
1187 5777 1320 5834 inter
1373 5776 1467 5830 has
1499 5776 1666 5831 lines:
1704 5777 1768 5830 ab

1861 4588 2087 4645 Andreae
2115 4586 2168 4641 in
2196 4586 2401 4642 Caudi:
2447 4585 2504 4640 8.
2546 4583 2763 4651 Sophim
2789 4582 2841 4636 in
2878 4581 3210 4646 Benevento;
3239 4580 3296 4636 S.
3328 4578 3427 4635 Ceo

1859 4680 2002 4736 cilia:
2026 4679 2080 4734 in
2112 4678 2426 4749 Neapolim;
2472 4675 2530 4731 8.
2569 4673 2837 4730 Benedicti
2876 4673 2927 4726 in
2953 4673 3208 4737 Salerno;
3242 4671 3302 4727 8.
3336 4670 3434 4726 Be~

1859 4771 2055 4827 nedicti
2087 4770 2140 4824 in
2175 4769 2396 4837 Gajeta;
2429 4768 2488 4823 S.
2519 4766 2816 4822 Salvatoris
2842 4763 3036 4819 ibidem
3063 4781 3078 4829 ;
3105 4763 3163 4819 S.
3194 4761 3430 4818 Lauren-

1861 4863 1919 4918 tii
1950 4862 2001 4916 in
2029 4859 2300 4928 Majoliﬁi;
2356 4859 2413 4913 8.
2446 4858 2615 4913 Mauri
2665 4858 2717 4912 in
2765 4856 3043 4923 Maranisi;
3079 4857 3137 4913 8.
3171 4857 3350 4911 Maria:
3380 4856 3431 4909 in

1861 4951 2246 5010 Maritendulo:
2297 4949 2361 5006 8.
2411 4949 2658 5019 Agapiti;
2703 4948 2760 5004 8.
2787 4947 3097 5004 Scolastica:
3134 4948 3187 5002 in
3215 4949 3432 5021 Teano;

1861 5045 1920 5102 S.
1943 5042 2164 5099 Ioannis
2213 5031 2276 5094 in
2313 5041 2552 5111 lrpinisi;
2595 5040 2652 5095 S.
2688 5040 3000 5109 Beparatm;
3045 5040 3109 5096 8.-
3136 5039 3348 5095 Maximi
3379 5040 3430 5094 in

1861 5137 1977 5192 rivo
2004 5133 2206 5189 Bulanu
2228 5131 2646 5201 Campufriddu;
2696 5130 2755 5185 8.
2809 5130 3018 5186 Martini
3069 5130 3124 5184 in
3174 5129 3433 5183 Vulturni:

1863 5241 1982 5282 cum
2010 5234 2168 5295 portu
2189 5238 2319 5287 suo;
2371 5221 2428 5276 8.
2479 5221 2659 5275 Maria:
2688 5221 2742 5276 in
2766 5221 3028 5289 'l'urcinu;
3072 5221 3129 5275 8.
3164 5220 3437 5274 Benedicti

1864 5317 1918 5372 in
1951 5317 2289 5386 Benevento;
2319 5313 2406 5389 8.,
2436 5312 2622 5381 Angeli
2662 5311 2717 5366 in
2761 5311 2995 5380 Alefrid;
3045 5313 3095 5364 in
3128 5311 3354 5374 Contine
3375 5311 3453 5372 S._

1865 5408 2164 5474 Victorini,
2210 5407 2266 5460 S.
2310 5405 2545 5471 Erasmi;
2597 5403 2656 5459 8.
2683 5404 2885 5470 Mariae,
2938 5413 3002 5459 ct
3037 5404 3096 5457 S.
3141 5403 3337 5470 Quirici
3382 5405 3440 5459 in

1866 5502 2021 5567 Arci;
2055 5501 2116 5558 S.
2147 5500 2360 5556 Comitii
2385 5501 2436 5554 in
2485 5498 2754 5574 Piscaria;
2796 5502 2854 5560 8.
2896 5501 3044 5557 Ρθυί.
3071 5501 3120 5555 in
3151 5501 3437 5570 Ceceanu;

1868 5593 1927 5651 8.
1955 5592 2283 5648 Liberatoris
2326 5593 2377 5646 in
2409 5591 2685 5656 Pusealle;
2722 5589 2780 5647 S.
2817 5592 3076 5660 Leopardi
3115 5604 3168 5648 ct
3209 5594 3265 5650 S.
3298 5593 3438 5652 Petri

1869 5685 1921 5739 in
1943 5684 2235 5746 Teeumia;
2271 5682 2326 5738 S.
2366 5683 2550 5751 Angeli
2593 5683 2656 5736 in
2691 5682 2922 5752 Lalana;
2960 5684 3020 5738 8.
3068 5683 3334 5740 Benedicti
3385 5685 3436 5747 in

1870 5774 2225 5843 Casigenzana
2254 5790 2290 5848 ;V
2319 5774 2376 5839 8.
2430 5772 2700 5838 Βαιθώριὶ
2749 5775 2803 5830 in
2852 5776 3144 5840 Lauriano;
3186 5777 3241 5833 S.
3275 5777 3418 5834 Bene
