3964 6344
595 271 740 329 1045

1305 320 1408 360 ε...

1522 272 1580 327 Β.
1619 272 1869 329 CAROLI
1906 274 2123 331 MAGNI
2162 276 2312 331 OPP.
2355 276 2530 334 PARS
2567 278 2607 335 ι.
2648 278 2890 336 εεοτιο
2931 279 2994 335 il.

3718 297 3845 355 i0“

596 384 725 441 dicti
750 384 803 440 in
829 382 1045 441 Cicilia:
1089 382 1149 439 S.
1192 382 1333 439 Petri
1374 383 1426 439 in
1458 383 1669 452 Conca;
1724 386 1782 443 8.
1827 387 2091 443 Benedicti
2116 390 2164 441 in
2194 391 2238 447 Δ
2270 388 2478 456 beatur,
2507 405 2567 444 ac
2614 391 2720 445 Deo
2742 402 2958 448 auctore
2986 394 3235 453 inviolata
3271 411 3650 474 conservetur,
3695 428 3841 470 manu

593 474 866 538 l’antenu;
899 474 958 530 8.
991 472 1162 543 Vigilii
1196 476 1247 528 in
1280 484 1459 530 monte
1482 476 1541 532 8.
1569 478 1786 547 Angeli;
1826 480 1882 533 S.
1909 480 2084 533 Mariae
2114 481 2164 533 in

596 561 793 631 Calvo;
838 565 897 620 S.
928 565 1091 622 Mauri
1118 566 1171 620 in
1202 565 1407 621 Gualdo
1451 568 1717 633 Liburize;
1763 570 1822 626 S.
1865 570 2165 626 Scolasticze

592 654 651 709 in
696 654 925 721 Padule;
972 654 1031 711 S.
1079 654 1289 710 Martini
1333 656 1384 710 in
1425 656 1643 727 Cupali;
1689 660 1747 713 8.
1800 659 2067 716 Benedicti
2112 661 2162 713 in

592 742 775 798 Atine.
817 744 870 798 In
891 745 1142 799 comitatu
1173 746 1474 801 Mutinense
1506 750 1880 803 monasterium
1913 750 1967 805 S.
1993 750 2160 806 Bene-

587 832 716 888 dicti
746 834 799 888 in
826 834 1002 900 Adili;
1028 837 1409 890 monasterium
1448 836 1506 892 8.
1537 838 1753 893 Martini
1789 840 1993 908 justam
2020 850 2159 895 stra-

586 928 697 976 tam
736 932 1044 992 petrosam;
1112 926 1500 980 monasterium
1549 927 1608 983 8.
1655 927 1874 983 Joannis
1916 930 1967 983 in
2015 941 2162 986 curte

587 1012 996 1080 Trassenetula;
1047 1018 1431 1072 monasterium
1493 1016 1554 1075 8.
1602 1018 1855 1074 Domnini
1910 1022 1959 1074 in
2012 1032 2162 1079 curte

586 1106 808 1176 Argele;
841 1106 900 1162 S.
933 1106 1122 1162 Vitalis
1152 1109 1204 1162 in
1229 1118 1380 1163 curte
1419 1108 1755 1177 Calderaria;
1799 1109 1859 1165 8.
1901 1112 2077 1167 Mariae
2107 1114 2158 1167 in

588 1194 987 1252 Laurentiatico
1024 1211 1145 1251 cum
1201 1200 1447 1253 omnibus
1498 1200 1826 1268 pertinentiis
1871 1217 2053 1258 eorum
2106 1205 2158 1261 in

587 1287 1014 1359 quibuscumque
1041 1289 1170 1344 locis
1201 1291 1386 1357 positis
1414 1305 1511 1346 seu
1545 1292 1805 1346 casalibus
1845 1305 1934 1347 aut
1962 1296 2158 1352 fundo-

588 1382 667 1435 ris
689 1388 797 1435 tam
823 1380 1182 1435 domnicatum
1232 1382 1375 1437 villis
1427 1397 1546 1437 cum
1597 1384 1809 1439 ruSticis
1850 1397 1902 1440 et
1928 1388 2157 1455 colonis,

584 1480 645 1529 et
670 1485 791 1527 cum
822 1471 1033 1527 famulis
1059 1474 1333 1541 utriusque
1356 1488 1507 1540 sexu,
1558 1490 1650 1543 per
1678 1478 1917 1547 singulas
1956 1493 2151 1549 curtes,

583 1573 638 1620 et
667 1578 765 1635 per
783 1564 989 1635 singula
1014 1566 1337 1620 monasteria
1364 1580 1480 1635 qua:
1504 1568 1747 1634 superius
1771 1569 2017 1639 leguntur
2042 1588 2146 1628 una

584 1670 707 1711 cum
731 1656 912 1722 terris,
938 1655 1132 1719 vineis,
1164 1655 1347 1725 pratis,
1379 1657 1609 1724 pascuis,
1643 1658 1813 1724 silvis,
1846 1660 2157 1728 piseationi-

2268 480 2479 547 propria
2501 480 2683 535 subter
2700 482 2952 538 roborare
2972 482 3325 557 decrevimus,
3353 499 3409 545 et
3434 496 3647 550 annulo
3669 514 3842 559 nostro

2267 567 2494 635 sigillare
2519 568 2797 638 jussimus.

2335 658 2555 728 Signum
2582 660 2752 715 Caroli
2783 662 3156 730 gloriosissimi
3183 670 3342 740 regis.

2334 747 2556 803 Carolus
2576 752 2759 819 gratia:
2799 752 2892 806 Dei
2938 753 3231 824 imperator
3277 770 3560 831 angustus.
3591 764 3759 824 Iacob
3782 776 3835 825 ad

2264 837 2431 892 vicem
2462 837 2717 895 Badonis.

2335 928 2462 982 Data
2493 938 2681 985 octavo
2708 932 2919 988 decimo
2951 934 3217 993 Kalendas
3246 940 3461 1001 Martias
3500 958 3659 1000 anno
3689 949 3833 1006 (rice.

2261 1021 2398 1075 simu
2423 1024 2569 1092 regni
2606 1027 2795 1079 nostri.
2826 1026 3121 1084 lndictione
3149 1032 3397 1100 septima.

2330 1115 2518 1167 Actum
2571 1116 2783 1171 civitate
2840 1117 3020 1188 Papia,
3074 1120 3127 1175 in
3179 1096 3271 1177 Dei
3324 1124 3544 1181 nomine
3600 1096 3831 1187 feliciter.

2261 1205 2453 1261 Amen.

2937 1280 3129 1336 XXIX.

2347 1365 2666 1442 Prwceptnm
2693 1369 3209 1515 Caroii(Magm'81p6)o
3236 1379 3410 1433 eodem
3432 1384 3756 1439 monasterio

2902 1459 3036 1496 anno
3197 1485 3214 1500 ο

2902 1459 3036 1496 anno
3064 1459 3122 1499 δ1
3134 1459 3214 1500 υ).

2832 1529 2925 1593 (Ex
2943 1530 3101 1596 Tosti,
3124 1535 3274 1597 ibid.)

2328 1634 2383 1689 In
2412 1636 2624 1689 nomine
2653 1635 2863 1690 Domini
2902 1638 3068 1692 nostri
3105 1637 3232 1694 Jesu
3259 1638 3457 1696 Christi
3493 1643 3602 1699 Dei
3632 1650 3821 1701 aeterni.

584 1744 717 1811 bus,
753 1744 1223 1811 aucupationibus,
1267 1744 1501 1811 cultum,
1533 1755 1587 1799 et
1608 1725 1902 1813 incultum',
1927 1749 2141 1806 divisum

2255 1725 2477 1782 Carolus
2518 1729 2685 1796 gratia
2718 1726 2809 1781 Dei
2854 1743 2946 1783 rex
2978 1728 3302 1785 Francorum
3352 1740 3406 1787 et
3455 1733 3825 1803 Langobardo-

583 1844 639 1891 α
664 1835 971 1902 indivisum,
1011 1836 1288 1892 arboribus
1316 1836 1599 1893 fructiferis
1631 1849 1684 1895 et
1709 1839 2077 1909 infructiferis,
2105 1850 2159 1897 et

578 1928 854 1998 pomiferis
895 1942 962 1984 ex
992 1928 1219 1984 diversis
1246 1932 1489 1998 generis,
1538 1940 1592 1987 et
1637 1947 1755 1986 cum
1794 1933 2042 1988 omnibus
2062 1949 2153 1987 su-

581 2031 679 2088 per
699 2031 758 2073 se
783 2026 839 2073 et
871 2017 1027 2081 infra,
1055 2031 1114 2072 se
1138 2017 1454 2074 habentibus
1495 2020 1546 2074 in
1590 2020 1850 2090 integrum
1878 2023 1930 2077 in
1964 2023 2153 2078 eodem

581 2106 913 2163 monasterio
962 2106 1237 2163 Casinensi
1299 2110 1661 2166 concessimus
1728 2112 1781 2166 in
1843 2121 2152 2181 perpetuum

576 2213 794 2269 semper
841 2199 1165 2256 habendum.
1244 2202 1450 2258 Pariter
1494 2204 1652 2259 etiam
1703 2206 1757 2259 in
1818 2208 2006 2263 eodem
2037 2211 2154 2264 loco

578 2293 925 2349 concedimus
970 2304 1189 2351 cunctas
1236 2297 1317 2351 vel
1358 2314 1476 2368 qua:
1526 2301 1579 2353 in
1621 2299 1807 2355 eodem
1850 2301 1967 2357 loco
1996 2303 2151 2356 'obla-

574 2392 644 2438 ta:
674 2393 799 2439 sunt
835 2398 931 2454 per
956 2400 1140 2441 omnes
1171 2388 1316 2455 regni
1370 2390 1536 2441 nostri
1583 2388 1746 2455 fines,
1804 2404 1897 2444 seu
1941 2402 1992 2445 et
2035 2408 2151 2461 qua:

584 2475 781 2530 amodo
810 2476 863 2531 in
893 2487 1049 2532 antea
1087 2478 1486 2548 qualiscumque
1524 2478 1685 2533 homo
1729 2480 1928 2535 donare
1965 2482 2044 2536 vel
2072 2483 2153 2536 of-

578 2564 723 2620 ferre
741 2581 807 2621 ex
837 2567 997 2621 rebus
1024 2568 1166 2632 suis;
1198 2567 1249 2621 id
1280 2575 1383 2633 est,
1418 2570 1593 2636 terris,
1626 2569 1817 2637 vineis,
1850 2570 2006 2635 casis,
2043 2587 2149 2627 mo-

578 2657 834 2723 icndinis,
863 2659 913 2711 in
938 2659 1194 2727 praedicto
1217 2661 1541 2714 monasterio
1567 2668 1755 2713 sancto
1782 2670 1832 2715 et
1862 2662 2148 2717 venerabili

575 2743 697 2798 loco
722 2742 1006 2805 voluerint,
1039 2742 1308 2796 licentiam
1339 2751 1394 2796 et
1434 2752 1747 2811 potestatem
1787 2744 2014 2800 habeant
2055 2747 2151 2802 do-

573 2850 708 2890 nare
748 2842 802 2889 et
841 2832 1031 2888 offerre
1060 2846 1180 2887 cum
1211 2833 1353 2901 quali
1396 2833 1603 2889 ratione
1633 2836 1900 2890 voluerint
1928 2852 2146 2895 suorum

570 2926 679 2979 sint
722 2924 988 2979 licentiam
1049 2921 1163 2978 sine
1210 2924 1585 2980 contrarietate
1638 2928 1928 2997 principis,
1976 2931 2147 2985 archi-

572 3013 859 3083 episcopis,
894 3011 1199 3077 comitibus,
1227 3013 1488 3082 episcopis
1519 3016 1804 3083 gastaldeis
1823 3018 2143 3108 ,judicibus,

2256 1829 2392 1883 rum,
2423 1830 2487 1871 ac
2521 1814 2772 1884 patricius
2800 1815 3161 1872 Romanorum
3202 1836 3215 1871 :
3246 1820 3503 1877 omnibus
3548 1824 3821 1891 episcopis,

2257 1906 2527 1973 abatibus,
2563 1906 2813 1972 ducibus,
2846 1908 3163 1976 comitibus,
3185 1909 3493 1977 judicibus,
3531 1914 3821 1981 castaldeis,

2254 1997 2595 2064 actionariis,
2642 1997 2995 2066 omnibusque
3027 1997 3280 2067 subjectis
3324 2004 3530 2057 nostris
3560 2006 3823 2073 prasenti-

2254 2088 2353 2143 bus
2388 2089 2590 2143 scilicet
2617 2098 2671 2143 et
2700 2088 2907 2142 futuris.
2931 2088 3216 2145 Maximum
3246 2093 3398 2158 regni
3430 2095 3629 2161 nostri,
3659 2097 3713 2150 in
3738 2096 3822 2150 hoc

2252 2193 2447 2247 augere
2475 2187 2580 2233 tam
2613 2178 2960 2247 petitionibus
2993 2180 3333 2235 sacerdotum
3362 2192 3528 2253 atque
3554 2201 3818 2240 servorum

2254 2271 2368 2336 Dei,
2403 2271 2455 2325 in
2481 2286 2586 2340 quo
2627 2271 2827 2326 nostris
2873 2272 3090 2328 auribus
3120 2272 3315 2329 fuerint
3355 2276 3619 2343 prolatas,
3650 2279 3821 2333 libenti

2252 2360 2432 2412 animo
2456 2373 2553 2413 nos
2580 2359 2953 2427 obtemperare
2980 2375 3253 2428 curamus,
3292 2374 3450 2434 atque
3483 2366 3550 2421 ad
3580 2368 3820 2423 effectum

2252 2450 2590 2518 perducimus
2616 2491 2631 2515 ,
2682 2451 2882 2520 regiam
2918 2454 3359 2510 consuetudinem
3387 2473 3729 2525 exercemus,
3769 2471 3819 2516 et

2255 2541 2356 2594 hoc
2387 2540 2545 2593 nobis
2565 2540 2632 2595 ad
2665 2542 2929 2597 mercedis
2960 2554 3334 2612 augmentum,
3371 2549 3447 2601 vel
3470 2550 3813 2606 stabilitatem

2251 2632 2399 2701 regni
2449 2631 2617 2685 nostri
2661 2632 2712 2686 in
2759 2632 2853 2686 Dei
2908 2633 3125 2687 nomine
3173 2634 3423 2702 pertinere
3462 2637 3807 2692 confidimus.

2250 2721 2583 2790 Quapropter
2625 2723 2833 2777 noverit
2876 2722 3113 2777 sollertia
3160 2734 3331 2779 vestra
3374 2727 3591 2793 qualiter
3621 2729 3691 2781 ad
3721 2744 3818 2798 pe-

2250 2812 2435 2867 titione
2472 2827 2568 2867 nos
2612 2814 2864 2883 religioso
2906 2815 3021 2870 viro
3056 2815 3416 2871 Theuthmaro
3443 2820 3589 2874 abati
3614 2837 3685 2876 ex
3710 2839 3817 2879 mo-

2250 2901 2482 2956 nasterio
2526 2902 2697 2956 sancti
2748 2904 3071 2959 confessoris
3112 2903 3311 2960 Christi
3345 2906 3659 2974 Benedicti,
3689 2914 3814 2977 quod

2249 2998 2333 3045 est
2358 2998 2719 3045 constructum
2765 2991 2817 3044 in
2866 2991 2983 3046 loco
3023 2995 3111 3062 qui
3154 2994 3348 3049 dicitur
3395 3007 3643 3052 castrum
3670 2999 3811 3054 Casi-

567 3113 626 3158 m
669 3101 1117 3172 quemadmodum
1171 3102 1236 3157 ad
1276 3082 1924 3161 eumdem’venerabile‘m
1961 3082 2145 3164 mam;
2173 3082 2219 3146 C
2249 3100 2393 3149 num,
2427 3086 2515 3139 ubi
2544 3085 2967 3140 sacratissimum
3001 3101 3193 3155 corpus
3238 3088 3358 3158 ejus
3407 3092 3695 3147 humatum
3724 3103 3801 3157 est,

563 3194 792 3251 steiium
825 3194 885 3249 Β.
933 3193 1203 3249 Benedicti
1254 3209 1518 3263 possessa:
1560 3196 1707 3252 fuere
1738 3212 1832 3266 per
1863 3199 2003 3254 hanc
2044 3216 2140 3255 no-

564 3294 693 3342 atra:
715 3284 1135 3342 conﬁrmationis
1165 3286 1534 3341 auctoritatem
1563 3289 1758 3342 nostris
1780 3330 1794 3354 ,
1846 3290 2143 3360 futurisque

564 3378 898 3447 temporibus
949 3377 1114 3432 abbas
1142 3378 1306 3446 ipsius
1336 3378 1436 3433 loci
1485 3379 1541 3434 8.
1584 3380 1853 3436 Benedicti
1887 3384 2141 3440 firmiter-

566 3482 693 3538 que,
727 3467 1172 3535 inviolabiterque
1204 3475 1419 3533 teneat,
1468 3478 1523 3522 et
1546 3470 1847 3536 possideat,
1883 3485 2031 3538 prout
2066 3477 2141 3530 fa-

561 3557 737 3613 cultas
784 3559 866 3612 vel
918 3559 1119 3612 utilitas
1169 3557 1335 3626 ipsius
1378 3560 1695 3614 venerabilis
1743 3562 1845 3616 loci
1892 3566 2137 3632 exigerit.

561 3648 642 3704 ita
671 3658 726 3702 ut
760 3650 934 3703 nullus
978 3649 1140 3717 jndex
1186 3649 1431 3716 publicus
1473 3651 1722 3719 quislibet
1775 3668 1838 3708 ex
1861 3652 2137 3724 judicialia

562 3746 830 3809 potestate
858 3739 913 3793 in
943 3739 1107 3794 cellas
1129 3748 1183 3795 et
1211 3740 1393 3807 villas,
1432 3750 1526 3795 aut
1553 3757 1708 3814 agros
1738 3760 1833 3800 seu
1861 3746 1997 3809 loca,
2025 3750 2137 3804 sive

557 3832 791 3900 reliquas
832 3832 1197 3902 possessiones
1236 3835 1403 3890 nostri
1454 3837 1685 3892 cmnobii
1735 3837 1793 3893 S.
1831 3839 2130 3909 Benedicti,

559 3939 696 3995 quas
718 3924 974 3980 moderno
999 3932 1241 3994 tempore
1264 3927 1314 3980 in
1343 3928 1763 3998 quibuscumque
1794 3933 2035 4000 paginis,
2078 3944 2137 3991 et

561 4015 833 4069 territorio
863 4014 994 4069 infra
1024 4017 1188 4070 nostri
1222 4017 1367 4087 regni
1417 4019 1621 4075 ditione
1654 4020 1795 4090 juste
1819 4031 1873 4079 et
1898 4025 2134 4095 legaliter

557 4105 820 4173 possidet,
845 4105 929 4160 vel
971 4105 1225 4175 quidquid
1269 4108 1428 4163 etiam
1470 4109 1724 4180 deinceps
1754 4112 1930 4169 divina
1964 4118 2133 4186 pietas

552 4197 674 4267 ipso
704 4197 824 4252 loco
850 4198 1079 4253 voluerit
1109 4213 1342 4268 augere;
1391 4200 1456 4257 ad
1500 4217 1689 4258 causas
1729 4206 2021 4263 audiendas
2048 4211 2130 4267 vel

553 4284 721 4354 fredi,
745 4296 838 4341 aut
867 4288 1064 4343 tributa
1096 4289 1387 4358 exigenda,
1415 4291 1499 4347 vel
1530 4293 1835 4351 mansiones
1868 4310 1953 4351 aut
1983 4316 2133 4368 para-

554 4387 639 4433 tas
666 4377 968 4445 faciendas,
1014 4378 1098 4434 vel
1145 4380 1523 4449 fidejussores,
1574 4383 1815 4453 jussores
1847 4389 2127 4458 tollendos,

556 4472 651 4520 aut
692 4464 937 4521 homines
981 4466 1155 4534 ipsius
1200 4473 1509 4527 monasterii
1559 4484 1663 4529 tam
1710 4475 1939 4545 liberos,
1971 4496 2125 4547 qnam

550 4570 756 4620 servos,
789 4568 883 4610 seu
910 4555 1202 4613 cartulatos
1245 4561 1329 4615 vel
1358 4561 1601 4625 ati'crtos,
1633 4574 1686 4619 et
1711 4567 1799 4634 qui
1825 4581 1994 4636 super
2020 4580 2127 4624 ter-
2212 4592 2220 4598 υ

546 4662 662 4702 ram
707 4647 1016 4703 earumdem
1066 4649 1420 4705 ecclesiarum
1468 4652 1747 4719 resident,
1794 4657 1925 4712 nulli
1969 4658 2125 4715 liceat

552 4735 799 4807 distringi
846 4738 1241 4806 redibitiones,
1309 4742 1394 4796 vel
1445 4741 1657 4798 illicitas
1707 4747 2018 4802 occasiones
2067 4749 2120 4804 in

546 4836 864 4897 perpetuum
893 4830 1187 4898 requirere.
1225 4830 1280 4886 Si
1306 4832 1424 4900 quis
1445 4842 1622 4889 autem
1649 4833 1750 4890 hoc
1780 4836 2121 4895 contradixe-

544 4918 639 4983 rit,
672 4926 728 4974 et
758 4917 897 4973 hanc
930 4932 1167 4975 nostram
1209 4921 1532 4978 oblationem
1562 4924 1852 4995 infringere
1895 4942 2122 4985 conave-

543 5008 639 5076 rit,
662 5009 799 5065 sciat
840 5022 899 5064 se
934 5016 1144 5078 poenam
1196 5012 1614 5081 persolviturum
1662 5014 1908 5071 abatibus
1956 5017 2123 5085 ipsius

548 5108 881 5165 monasterii.
925 5109 1070 5163 Etut
1096 5111 1208 5164 haec
1237 5119 1416 5166 nostra
1460 5111 1746 5167 auctoritas
1791 5113 1993 5169 firmior
2021 5113 2122 5168 lia-

618 5324 646 5354 ⁸
685 5322 926 5393 Diploma
955 5323 1132 5379 Caroli
1163 5326 1345 5381 datum
1369 5335 1454 5381 est
1479 5340 1624 5382 anno
1652 5325 1775 5393 8H,
1806 5338 1863 5383 ut
1891 5344 1955 5384 ex
1984 5332 2124 5387 notis

548 5392 939 5467 Achronoiogicis
976 5396 1261 5467 colligitur,
1289 5410 1396 5465 quo
1436 5396 1689 5452 Paulinus
1727 5399 1837 5467 jam
1879 5400 2120 5467 obierat;

547 5462 775 5536 ideoque
814 5462 1027 5536 videtur
1073 5462 1289 5521 obstare
1307 5462 1629 5522 auctoritati
1676 5462 1994 5536 scriptorum
2041 5462 2125 5525 as-

542 5534 855 5605 serentium
887 5535 1324 5604 disceptationem
1374 5536 1512 5591 hanc
1558 5534 1798 5605 supitam'
1833 5538 1998 5593 fuisse
2039 5541 2118 5594 vi-

544 5603 954 5676 vcnlePaulino
976 5621 1115 5661 anno
1141 5603 1265 5661 798.
1302 5606 1496 5661 Verum
1524 5603 1642 5676 plus
1674 5608 1791 5663 fidei
1825 5608 2117 5663 attribuen-

543 5670 673 5727 dum
700 5671 999 5742 diplomati,
1043 5690 1201 5745 quam
1231 5670 1599 5747 Megiserofet
1625 5677 1761 5733 aliis.
1813 5678 2009 5734 Deinde
2051 5679 2117 5734 iis

2246 3178 2350 3232 tale
2374 3176 2690 3232 beneﬁcium
2715 3178 2855 3232 circa
2881 3178 3053 3246 ipsum
3081 3182 3474 3237 monasterium
3507 3183 3615 3238 visi
3647 3184 3794 3239 fuiam

2245 3270 2619 3335 concessisse,
2682 3276 2741 3322 ut
2790 3268 3111 3338 ubicumque
3152 3270 3308 3326 fuerit
3355 3287 3503 3343 aqua
3556 3277 3777 3343 conjw

2245 3375 2366 3416 cum
2398 3361 2557 3415 terris
2586 3359 2753 3430 ipsius
2786 3364 3118 3429 monasterii,
3145 3364 3331 3420 eadem
3366 3381 3515 3436 aqua
3546 3370 3773 3424 comites

2241 3466 2377 3517 suo,
2428 3461 2481 3506 et
2512 3465 2633 3506 cum
2680 3452 2810 3520 ripis
2857 3468 2923 3505 ex
2974 3454 3209 3523 utrisque
3255 3458 3507 3522 partibus
3564 3460 3619 3513 in
3649 3461 3784 3515 coda

2241 3539 2569 3596 monasterio
2593 3542 2962 3595 concessimus
2982 3583 2997 3607 ,
3022 3550 3180 3611 atque
3210 3542 3395 3598 libenti
3425 3548 3622 3600 animo
3644 3547 3797 3600 conﬁr-

2242 3647 2485 3687 mamus:
2534 3640 2592 3685 ut
2634 3647 2731 3700 pro
2760 3632 2948 3695 nobis,
2994 3647 3264 3702 uxoreqne
3292 3645 3481 3690 nostra
3524 3653 3588 3691 ac
3634 3638 3802 3703 liberis,

2239 3734 2332 3775 seu
2364 3732 2556 3777 cuncto
2587 3723 2784 3791 populo
2814 3732 3023 3785 nostro,
3044 3721 3254 3776 Domini
3286 3724 3715 3779 misericordiam
3740 3737 3804 3778 at-

2245 3815 2475 3867 tenctius
2524 3813 2823 3881 deprecari,
2879 3819 2935 3867 et
2982 3813 3049 3867 de
3092 3814 3422 3867 auctoritatis
3456 3815 3712 3869 firmitate
3736 3815 3811 3867 ha-

2238 3900 2455 3967 beatur;
2484 3916 2546 3956 ac
2576 3902 2845 3958 diuturnis
2872 3903 3202 3973 temporibus
3238 3903 3343 3959 Deo
3373 3904 3638 3970 adjutore
3659 3905 3811 3958 invio-

2237 3991 2348 4045 lata
2412 4000 2792 4055 conservetur,
2841 4008 3000 4047 manu
3066 3992 3279 4062 propria
3331 3993 3526 4047 subter
3576 3994 3815 4048 roborare

2240 4082 2597 4145 decrevimus,
2628 4090 2679 4135 et
2707 4082 2903 4136 annulo
2933 4092 3115 4147 nostro
3141 4083 3378 4151 sigillare
3406 4082 3702 4151 iussimus.

2306 4174 2529 4243 Signum
2559 4172 2736 4229 Caroli
2764 4173 3133 4242 gloriosissimi
3170 4175 3327 4242 regis.

2942 4288 3113 4343 XXX.

2236 4358 2481 4429 Diploma
2521 4361 2545 4388 ⁸
2583 4358 2758 4415 Caroli
2807 4358 3022 4498 λιξιῶῗῖἷό
3049 4376 3173 4498 ἔκ)
3216 4358 3444 4412 Ecclesia
3485 4361 3816 4429 Aquileiensi.

2892 4446 3022 4481 anno
3049 4446 3106 4482 δι
3124 4446 3143 4481 ¹Ι
3162 4446 3196 4482 is

2662 4518 2754 4579 (Ex
2779 4518 2993 4581 L’gbelli,
3025 4518 3159 4567 Italia
3184 4519 3375 4580 Sacra.)

2301 4602 2357 4654 In
2404 4602 2626 4655 nomine
2676 4601 2869 4668 Patris,
2921 4611 2974 4655 et
3027 4599 3183 4667 Filii,
3228 4611 3281 4656 et
3331 4600 3569 4670 Spiritus
3627 4604 3818 4657 sancti.

2228 4692 2447 4747 Carolus
2496 4691 2893 4756 serenissimus,
2928 4703 3203 4759 augnsms,
3258 4705 3289 4745 a
3339 4691 3449 4746 Deo
3502 4703 3821 4757 coronatus,

2236 4798 2462 4853 magnus
2489 4783 2743 4853 pacificus
2788 4782 3092 4850 imperator,
3128 4782 3485 4836 Romanorum
3517 4783 3827 4851 gubernans

2230 4872 2511 4942 imperium
2557 4876 2645 4942 qui
2686 4886 2779 4940 per
2834 4871 3252 4925 misericordiam
3304 4870 3397 4925 Dei
3444 4887 3537 4924 rex
3585 4871 3830 4926 France.

2230 4977 2347 5016 rum
2398 4971 2452 5017 et
2478 4963 2974 5031 Longobardorum.
3008 4962 3199 5016 Notum
3223 4962 3294 5016 sit
3316 4962 3554 5016 omnium
3581 4962 3825 5017 ﬁdelium

2231 5062 2535 5107 nostrorum
2590 5051 2941 5119 magnitudini
2990 5051 3357 5120 praesentium,
3389 5059 3441 5105 et
3488 5050 3829 5111 futurorum,

2229 5143 2454 5211 qualiter
2476 5141 2572 5195 viri
2596 5140 2930 5195 venerabiles
2956 5141 3123 5195 Ursus
3152 5150 3349 5196 sancta:
3370 5139 3625 5194 ecclesiae
3656 5142 3828 5209 Aqui-

2229 5333 2343 5389 hme
2396 5334 2564 5402 potuit
2610 5334 2856 5405 suscitari
2909 5335 3121 5391 vivente
3173 5334 3412 5405 Paulino,
3466 5333 3671 5405 agitari
3724 5335 3831 5389 sub

2226 5404 2343 5471 ejus
2385 5418 2696 5458 successore
2744 5402 2898 5469 Urso,
2932 5420 2993 5460 ac
3041 5406 3251 5458 tandem
3301 5402 3526 5457 deliniri
3565 5416 3827 5472 tempore

2223 5473 2494 5543 Maxentii,
2552 5474 2685 5528 Urso
2735 5476 3030 5543 subrogati.
3058 5474 3155 5529 Vel
3185 5475 3249 5529 lis
3296 5473 3478 5528 forsan
3508 5476 3827 5543 composita

2220 5541 2320 5597 fuit
2346 5544 2511 5598 semel
2543 5545 2752 5616 vivente
2794 5541 3040 5616 Paulino,
3068 5547 3161 5603 sed
3193 5545 3383 5602 iterum
3426 5555 3572 5600 mota
3605 5541 3678 5599 ab
3703 5544 3828 5616 ejus

2218 5625 2527 5669 successore
2554 5612 2708 5669 Urso.
