3964 6344
170 308 309 402 i955

465 302 704 364 conss
741 291 1264 364 utpLouAthus'.
1305 287 1381 347 2-”
1414 288 2038 365 PRIVILEGIAC-Iil.
2079 289 2340 362 enim?
2365 304 2495 362 pen
2539 302 2809 364 mares
2845 305 3112 364 muas.

3298 305 3440 370 Im

169 427 383 487 ieiensis
415 422 748 496 patriarcha,
777 430 835 480 et
879 424 1027 478 Arno
1050 420 1364 479 Juvavensis
1401 423 1646 479 ecclesiae
1675 437 1762 476 ar-
1792 425 1841 484 Α
1871 417 2240 488 pitio,imperii
2263 417 2736 488 nostri,tht-regni
2759 417 2927 476 nostri
2941 419 2998 477 in
3017 417 3438 496 Francia,atque

169 517 556 588 chiepiscOpus
604 515 670 570 ad
702 523 942 571 nostram
974 512 1247 570 venientes
1276 514 1612 584 praesentiam
1657 528 1764 568 non

170 610 447 664 minimam
494 606 634 661 inter
663 619 724 662 se
761 602 1158 662 contentionem
1202 603 1501 660 habuerunt
1545 605 1614 660 de
1645 603 1759 659 Ca-

169 708 390 756 rantana
423 697 725 768 provincia,
777 694 920 766 quod
965 695 1031 750 ad
1073 694 1345 766 utriusque
1386 694 1598 751 illorum
1627 693 1764 752 dite.

166 792 330 849 cesim
363 789 643 861 pertinere
667 787 906 844 deberet.
947 786 1076 841 Nam
1109 786 1272 843 Ursus
1300 785 1594 855 patriarcha
1621 785 1762 842 anti-

168 897 323 953 quam
373 895 438 937 se
487 879 858 936 auctoritatem
913 878 1108 935 habere
1163 878 1456 943 asserebat,
1513 887 1568 936 et
1619 877 1760 948 quod

169 983 433 1043 tempore,
467 981 757 1042 antequam
798 969 943 1025 Italia
973 984 1004 1024 a
1050 969 1416 1040 Longobardis
1465 967 1652 1024 fuisset
1680 968 1760 1024 in-

169 1078 311 1127 vasa,
362 1075 462 1136 per
513 1061 787 1132 synodalia
841 1071 1010 1131 gesta,
1057 1075 1175 1130 quae
1222 1068 1345 1114 tunc
1393 1061 1648 1129 temporis
1693 1059 1760 1116 ab

168 1151 606 1207 antecessoribus
633 1153 744 1206 suis
793 1149 1148 1219 Aquileiensis
1196 1150 1438 1206 ecclesia:
1467 1151 1758 1206 rectoribus

166 1242 482 1313 agebantur,
517 1241 728 1297 ostendi
773 1255 931 1312 posse
967 1241 1232 1310 prmdictte
1277 1239 1588 1296 Carantana:
1629 1256 1754 1310 pro-

167 1335 350 1392 vincire
378 1334 632 1392 civitates
662 1335 729 1390 ad
778 1335 1078 1402 Aquileiam
1107 1349 1224 1390 esse
1271 1333 1558 1404 subiectas.
1612 1337 1757 1390 Arno

167 1441 291 1482 vero
333 1427 628 1496 episcopus
689 1426 964 1483 asserebat
1021 1440 1081 1480 se
1135 1426 1334 1481 habere
1386 1424 1754 1480 auctoritatem

169 1517 477 1588 pontificum
508 1527 708 1572 sanctae
738 1517 994 1573 Romanae
1024 1503 1277 1574 Ecclesiae
1309 1517 1604 1584 Zacharim,
1630 1517 1753 1575 Ste-

167 1608 344 1678 phaui,
374 1619 540 1679 atque
574 1609 744 1676 Pauli,
789 1624 1014 1678 quorum
1043 1611 1350 1680 prteceptis,
1383 1619 1437 1666 et
1467 1611 1752 1666 confirma-

170 1697 399 1753 tionibus
449 1699 704 1769 praedicta
755 1701 1029 1768 provincia
1067 1709 1306 1769 tempore
1350 1708 1748 1758 antecessorum

1869 525 2073 576 xxxvn,
2106 510 2158 566 in
2188 510 2358 566 Italia.
2390 509 2682 566 indictione
2709 518 2925 581 quarta.

1935 603 2126 658 Actum
2148 601 2468 673 Aquisgrani
2490 601 2696 672 palatii,
2726 602 2778 657 in
2807 602 2900 659 Dei
2927 602 3144 662 nomine
3169 606 3363 663 Anien.

2568 711 2759 772 XXXI.

1860 823 2158 881 Judicatum
2182 825 2428 880 Adalardi
2466 833 2491 864 ι
2530 824 2725 880 abbatis
2749 823 2891 878 missi
2914 823 3196 891 imperiali:
3230 835 3277 880 et
3297 827 3435 881 aiio-

1931 914 2068 978 rlrm,
2099 897 2153 978 in
2183 911 2282 978 quo
2319 895 2810 978 abbasnnonasterii
2853 897 3014 978 sancti
3055 893 3433 978 .Ba‘rtltolomwi

1934 965 2262 1021 Pistoriensis
2285 981 2319 1018 a
2354 965 2571 1034 publicis
2593 966 2824 1020 oneribus
2852 965 3094 1020 immunis
3116 967 3425 1034 decernitur,

1929 1038 2120 1116 fastigat
2154 1038 2314 1107 (anno
2351 1035 2478 1106 812)

2016 1146 2109 1210 (Ex
2135 1146 2410 1206 Muratorio,
2435 1145 2766 1208 Antiquitates
2789 1143 2944 1196 Italiae
2967 1143 3118 1196 medii
3140 1146 3288 1208 εγω,

1931 1247 2062 1301 Dum
2095 1247 2147 1300 in
2179 1245 2273 1300 Dei
2320 1243 2536 1300 nomine
2573 1258 2671 1314 ego
2699 1243 2998 1300 Adaiardus
3019 1243 3214 1312 abbas,
3245 1259 3432 1300 vassus

1858 1337 2037 1393 domui
2059 1335 2235 1392 Caroli
2257 1335 2614 1405 imperatoris,
2631 1333 2933 1390 residissem
2959 1334 3012 1390 in
3033 1334 3250 1391 civitate
3264 1333 3438 1391 Pisto-
3499 1409 3502 1414 _

1857 1432 1960 1498 ria,
2019 1430 2351 1500 singulorum
2407 1429 2681 1485 hominum
2738 1443 2925 1485 causas
2974 1429 3296 1486 audiendum
3349 1433 3431 1486 vel

1858 1520 2283 1586 deliberandum,
2309 1519 2560 1575 sedentes
2590 1519 2678 1574 ilic
2708 1517 2921 1573 insimul
2961 1517 3287 1575 Willeradus
3316 1520 3431 1590 epi-

1855 1625 2068 1678 scopus,
2109 1609 2398 1665 Bonifatius
2423 1609 2557 1665 duc:
2593 1609 2732 1678 (sic),
2765 1608 2894 1665 Poto
2921 1618 2975 1665 et
2999 1610 3106 1665 Leo
3120 1609 3348 1681 iudices,
3378 1620 3432 1665 et

1858 1701 2168 1758 Bonifredus
2197 1701 2432 1756 notarius
2458 1701 2641 1754 domui
2680 1699 2838 1770 regis,
2879 1699 3172 1770 Adaprant,
3203 1709 3255 1756 et
3280 1701 3437 1756 Chri-

169 1803 384 1844 suorum
439 1791 508 1845 ad
570 1789 892 1846 Juvavensis
940 1790 1185 1847 ecclesiae
1237 1792 1514 1847 dioecesim
1565 1793 1754 1847 fuisset
1785 1774 1829 1834 Β
1856 1795 2060 1848 stianus
2083 1789 2349 1856 abatibus,
2377 1790 2570 1855 Fredo,
2594 1790 2869 1857 hiauro,et
2890 1791 3078 1846 Petrus
3107 1791 3264 1859 ducs,
3290 1791 3440 1846 missi

175 1879 438 1950 adiuncta.
468 1881 580 1936 Nos
611 1893 788 1936 autem
835 1882 1035 1948 audita,
1085 1889 1244 1949 atque
1289 1882 1526 1937 discussa
1567 1897 1750 1937 eorum

174 1973 530 2040 contentione,
567 1973 703 2026 utin
738 1986 893 2026 uuam
938 1986 1030 2027 eos
1057 1971 1392 2038 charitatem,
1435 1984 1491 2028 et
1530 1989 1754 2030 concor-

174 2062 305 2117 diam
333 2078 732 2128 revocaremus,
766 2074 818 2118 et
852 2065 986 2119 utin
1019 2064 1248 2120 futurum
1281 2074 1389 2122 tam
1419 2065 1559 2123 inter
1587 2068 1751 2136 ipsos,

174 2167 324 2220 quam
401 2163 458 2210 et
519 2169 860 2210 successores
921 2169 1104 2210 eorum
1157 2158 1331 2211 omnis
1393 2159 1753 2215 controversia

176 2255 324 2314 atque
366 2245 686 2315 disceptatio
726 2244 912 2301 fuisset
959 2248 1170 2315 penitus
1215 2248 1409 2316 ablata,
1445 2250 1751 2320 prmdictam

177 2337 490 2400 provinciam
540 2336 892 2392 Carantanam
929 2339 1000 2392 ita
1049 2340 1188 2393 inter
1213 2353 1307 2394 eos
1346 2340 1583 2394 dividere
1630 2341 1753 2409 ius-

175 2425 353 2493 simus,
384 2434 440 2480 ut
493 2427 704 2482 Dravus
736 2428 950 2494 fluvius,
982 2431 1070 2498 qui
1119 2446 1212 2498 per
1239 2430 1408 2484 media
1460 2432 1601 2487 illam
1633 2447 1750 2502 pro-

178 2515 393 2571 vinciam
434 2519 615 2583 currit,
652 2520 916 2572 terminus
958 2520 1232 2574 ambarum
1265 2520 1553 2575 dimcesum
1585 2532 1748 2591 esset,

180 2613 234 2659 et
257 2621 288 2659 a
310 2609 420 2676 ripa
453 2610 698 2673 australi,
730 2609 795 2663 ad
824 2609 1179 2679 Aquileiensis
1202 2611 1440 2666 ecclesiae
1464 2622 1748 2679 rectorem,

186 2695 250 2748 ab
275 2698 554 2765 aquilonari
587 2713 715 2755 vero
740 2699 878 2768 ripa,
908 2701 971 2751 ad
999 2698 1313 2755 Juvavensis
1342 2702 1582 2756 ecclesia:
1613 2717 1750 2771 prae-

190 2782 350 2837 sulem
392 2801 507 2854 pars
556 2788 716 2855 ipsius
772 2787 1056 2856 provinci-.13
1117 2789 1432 2857 pertineret.
1486 2790 1744 2844 Ecclesia:

193 2887 334 2942 vero,
361 2891 471 2943 quae
510 2875 562 2930 in
592 2885 806 2947 utraque
837 2880 952 2947 ripa
993 2867 1214 2932 fuissent
1263 2887 1604 2943 constructa,
1639 2879 1752 2933 ubi-

191 2980 406 3034 cumque
432 2969 793 3037 possessioncs
822 2970 1122 3038 suas,iuste
1151 2970 1251 3026 sibi
1279 2971 1520 3037 collatas,
1554 2971 1752 3027 habere

197 3068 522 3114 noscerentur
560 3061 764 3130 absque
808 3062 1254 3128 contradictione,
1305 3071 1360 3116 et
1409 3063 1750 3118 contentione

193 3146 444 3206 ambarum
489 3153 721 3220 partium
772 3151 1050 3215 haberent,
1103 3153 1598 3222 quia‘compertunt
1650 3154 1745 3208 ha-

189 3234 377 3305 bemus,
405 3244 540 3309 quod
569 3243 813 3311 quaedam
846 3243 1084 3298 ecclesiae
1129 3244 1180 3297 iu
1227 3259 1331 3298 una
1371 3247 1482 3314 ripa
1514 3244 1745 3301 fiutninis

185 3329 401 3394 prmdicti
427 3343 553 3388 sunt
587 3343 928 3388 constructae.

244 3417 345 3476 Iiac
375 3423 535 3492 igitur
578 3424 890 3480 definitione
934 3425 1289 3494 promulgata,
1319 3440 1348 3480 a
1377 3426 1530 3483 nobis
1562 3428 1746 3496 praeci-

185 3521 358 3580 pimus,
403 3523 563 3584 atque
590 3516 860 3586 iubemus,
912 3527 968 3570 ut
997 3526 1101 3571 tam
1143 3530 1436 3587 praesentes
1462 3519 1559 3574 viri
1591 3536 1748 3576 vene-

182 3600 359 3658 rabiles
387 3603 692 3661 Maxentius
722 3607 993 3676 videlicet,
1023 3610 1114 3679 qui
1145 3609 1199 3663 in
1230 3610 1407 3665 locum
1451 3627 1621 3680 nuper
1649 3614 1745 3666 viri

181 3696 485 3753 venerabilis
509 3697 627 3754 Ursi
652 3699 963 3769 patriarchae
1000 3700 1318 3771 subrogatus
1339 3709 1444 3767 est,
1487 3710 1543 3756 et
1575 3703 1748 3756 Arno-

179 3798 287 3839 nem
309 3790 474 3844 virum
500 3790 857 3845 venerabilem
885 3789 1186 3862 [legendum
1209 3801 1290 3848 est
1315 3793 1482 3845 :Arno
1504 3793 1579 3844 vir
1602 3807 1748 3845 vene-

177 3876 358 3944 rabilis,
402 3879 534 3952 etc.]
563 3879 880 3937 Juvavensis
909 3882 1148 3937 ecclesia:
1178 3881 1632 3951 archiepiscopum
1661 3882 1750 3936 de-

176 3979 382 4025 cernere
417 3972 471 4025 in
502 3971 742 4026 futurum
789 3973 933 4026 nulla
980 3976 1364 4039 controversia,
1411 3973 1749 4042 autquestio

177 4071 468 4128 tuoveatur,
495 4063 589 4117 sed
637 4064 872 4117 contenti
903 4063 1009 4117 sint
1037 4078 1104 4118 ex
1137 4073 1362 4133 utraque
1391 4072 1540 4132 parte
1565 4071 1750 4118 nostro

175 4147 388 4218 iudicio,
421 4153 564 4223 quod
611 4155 749 4209 inter
795 4168 890 4209 eos
937 4154 1227 4209 secundum
1266 4153 1599 4211 rectitudinis
1627 4168 1750 4208 uor-

176 4254 326 4309 mam,
358 4254 578 4314 propter
609 4243 948 4311 charitatem,
980 4253 1034 4299 et
1066 4257 1269 4312 pacem,
1302 4259 1420 4314 quae
1451 4243 1587 4298 inter
1617 4244 1750 4298 tales

179 4335 308 4390 viros
329 4338 512 4404 decet,
535 4337 960 4393 conservandam
985 4336 1337 4406 indicavimus
1363 4352 1378 4402 ;
1411 4349 1584 4404 neque
1605 4336 1748 4390 enim

175 4422 350 4494 iustior
382 4429 537 4484 nobis
567 4444 727 4498 super
759 4427 1061 4498 huiusmodi
1091 4428 1480 4497 disceptatione
1521 4436 1741 4483 senten-

176 4516 241 4570 tia
271 4519 590 4587 proferenda
635 4517 932 4584 videbatur,
961 4532 1118 4589 quam
1159 4525 1217 4572 ut
1244 4516 1438 4573 divisio
1480 4516 1620 4572 inter
1647 4531 1742 4574 eos

174 4606 306 4666 illius
333 4611 624 4682 provinciae
668 4611 840 4676 fieret,
887 4610 1038 4679 cuius
1077 4610 1234 4665 ambo
1265 4623 1324 4665 se
1371 4609 1740 4664 auctoritatem

173 4697 361 4760 habere
406 4701 761 4768 asserebant;
802 4700 924 4770 quia
971 4715 1071 4757 nos
1114 4699 1410 4758 eorundem
1458 4700 1747 4755 auctorita-

175 4796 276 4847 tem
305 4795 615 4864 neutiquam
661 4794 872 4858 falsam,
898 4793 1205 4862 neutiquam
1253 4790 1519 4846 infirmam
1569 4792 1746 4846 facere

174 4883 433 4950 volumus,
464 4883 588 4954 quia
621 4898 721 4938 una
747 4883 1084 4952 antiquitate,
1113 4881 1281 4937 altera
1306 4890 1506 4935 sancta:
1546 4880 1741 4935 Itoma-

175 4988 253 5029 nte
276 4978 519 5034 ecclesiae
564 4975 912 5043 sublimitate,
963 4971 1325 5043 praecellebat.
1354 4970 1499 5024 Iianc
1547 4977 1746 5024 nostrae

175 5069 499 5125 auctoritatis
541 5067 863 5138 iussionem,
909 5075 967 5122 ut
997 5065 1201 5136 maiora
1247 5080 1341 5136 per
1392 5072 1628 5134 tempora
1674 5063 1751 5118 vi—

174 5169 351 5224 gorem
396 5159 703 5226 sortiretur,
746 5157 1057 5228 ﬁrmiorque
1105 5157 1173 5213 ab
1216 5157 1302 5223 iis,
1352 5156 1444 5228 qui
1485 5163 1605 5225 post
1650 5167 1750 5210 nos

177 5245 336 5306 futuri
384 5260 512 5307 sunt
541 5243 850 5308 hominibus
877 5248 1184 5316 haberetur,
1216 5263 1366 5306 more
1409 5256 1594 5303 nostro
1631 5261 1752 5303 eam

176 5341 528 5410 subscribere,
560 5353 616 5399 et
644 5343 713 5400 de
743 5341 886 5399 bulla
916 5350 1096 5398 nostra
1132 5341 1387 5412 iussimus
1424 5341 1680 5411 sigillare.

246 5432 433 5492 Datum
462 5451 591 5493 xvm
643 5434 867 5492 Kalend.
899 5432 1065 5502 Junii,
1114 5447 1257 5488 anno
1285 5448 1362 5500 xi,
1390 5433 1604 5491 Christo
1631 5445 1754 5504 pro-

246 5588 274 5619 ⁸
312 5587 662 5653 Adalhardus,
716 5587 805 5657 qui
848 5585 1048 5657 iudicio
1075 5583 1201 5641 huic
1245 5583 1476 5657 prmfuit,
1515 5581 1754 5657 celeber-

182 5665 344 5712 rimus
385 5658 476 5714 ille
520 5667 606 5714 est
650 5654 892 5712 Coi-heia:
936 5657 1123 5723 abbas,
1165 5655 1447 5709 sanctitate
1485 5654 1631 5718 vitm,
1659 5668 1749 5707 re—

182 5734 398 5798 rumque
427 5738 701 5802 gestarum
731 5727 871 5785 fama
913 5735 1073 5786 notus
1119 5727 1178 5784 in
1206 5725 1498 5784 Annalibus
1547 5723 1750 5782 ordinis
1817 5791 1829 5801 ε

1857 1883 2038 1936 domui
2087 1882 2249 1938 Leoni
2300 1896 2456 1950 pape,
2509 1879 2876 1936 Ermenfridus
2904 1889 2960 1936 et
3006 1881 3161 1936 Audo
3189 1881 3436 1936 scabinus

1855 1973 1924 2028 de
1952 1971 2260 2036 Camarina,
2303 1972 2385 2025 vel
2419 1971 2604 2040 reliqui
2635 1972 2813 2040 plures
2841 1971 2929 2026 ilic
2953 1971 3306 2028 adstantibus.
3339 1971 3442 2027 Vc-

1861 2067 2018 2122 niens
2066 2064 2141 2120 ibi
2193 2063 2490 2131 lldepertus
2545 2063 2710 2119 abbas
2763 2078 2830 2119 ex
2887 2063 3215 2120 monasterio
3269 2063 3440 2119 sancti

1861 2161 2246 2228 Bartholomei,
2292 2158 2506 2214 fundato
2535 2174 2565 2213 a
2607 2157 2837 2226 quodam
2890 2155 3188 2219 Gaidualdo
3234 2154 3442 2209 medico

1858 2267 2024 2322 prope
2068 2266 2225 2306 muro
2268 2251 2435 2319 ipsius
2465 2248 2696 2323 civitatis
2739 2244 3092 2302 Pistoriensi:
3147 2252 3203 2301 et
3247 2244 3442 2300 detulit

1857 2343 2012 2396 nobis
2042 2342 2107 2396 ad
2159 2341 2507 2407 relegendum
2553 2337 2826 2393 munimen
2867 2345 2920 2390 et
2959 2337 3179 2391 missum
3225 2336 3293 2391 ab
3322 2336 3439 2406 ipso

1855 2433 2120 2502 quondam
2173 2430 2466 2486 Gaidualdo
2497 2428 2722 2490 medico,
2765 2428 2855 2498 qui
2886 2427 3278 2491 continebatur,
3309 2442 3441 2496 qua-

1854 2524 1972 2578 liter
2002 2521 2432 2577 manifestaverat
2479 2519 2842 2589 suprascripto
2881 2517 3204 2573 monasterio
3251 2519 3303 2571 in
3337 2532 3438 2572 suo

1853 2613 2067 2681 propria
2101 2611 2406 2677 edificasse,
2435 2619 2488 2665 et
2521 2623 2607 2664 res
2638 2607 2967 2662 nominative
3004 2606 3074 2662 ibi
3102 2605 3439 2668 contulisset.

1857 2707 1919 2758 iit
1947 2706 2143 2758 statuit
2187 2719 2328 2768 eam,
2380 2712 2436 2757 ut
2481 2703 2581 2758 sub
2621 2702 2817 2756 nullius
2868 2701 3098 2760 hominis
3129 2710 3442 2771 potestatem

1856 2795 1936 2848 vel
1969 2793 2390 2856 ordinationem,
2421 2807 2520 2848 nec
2552 2791 2738 2846 matris
2765 2790 3024 2857 Ecclesia,
3057 2792 3229 2860 ipsum
3257 2805 3444 2848 mona-

1855 2885 2076 2938 sterium
2110 2883 2432 2951 subiaceret,
2485 2883 2586 2937 nisi
2633 2896 2847 2950 semper
2891 2881 2957 2934 de
2998 2881 3112 2950 ipsa
3155 2895 3442 2951 congrega-

1855 2977 1997 3028 tiuue
2021 2975 2090 3030 ibi
2139 2975 2278 3029 inter
2323 2988 2382 3028 se
2429 2973 2674 3029 abbatem
2703 2973 3038 3042 'elegerent;
3086 2987 3208 3028 nam
3241 2975 3441 3030 nonde

1853 3067 2112 3131 extranei,
2167 3079 2339 3134 neque
2387 3063 2454 3119 de
2508 3064 2612 3118 alia
2663 3061 3028 3130 monasteria;
3080 3076 3132 3119 et
3184 3063 3293 3119 filio
3341 3073 3444 3119 aut

1774 3122 1819 3182 (ἶ
1855 3156 2081 3210 heredes
2110 3155 2226 3223 eius
2257 3154 2456 3209 nullam
2499 3154 2568 3208 ibi
2597 3169 2626 3206 a
2671 3168 2731 3208 se
2757 3154 3124 3210 dominatione
3152 3169 3250 3210 nec
3283 3167 3438 3224 po:e-

1850 3257 2066 3308 stutem,
2100 3248 2199 3300 nisi
2234 3260 2293 3300 se
2340 3254 2615 3315 Oporteret
2664 3259 2785 3300 eSse
2825 3259 3010 3300 causas
3058 3243 3436 3302 defensandas.

1854 3337 1918 3388 Iit
1965 3337 2088 3391 dum
2141 3337 2396 3392 relectum
2435 3336 2624 3390 fuisset
2673 3336 2947 3392 munimen
2993 3334 3192 3404 ipsum,
3239 3334 3431 3390 affatus

1849 3441 1931 3484 Cal
1960 3433 2072 3500 ipse
2102 3429 2284 3495 abbas,
2333 3429 2473 3500 quod
2527 3438 2766 3496 tempore
2812 3428 3014 3482 domini
3063 3426 3234 3496 Pipini
3267 3427 3430 3497 regis,

1850 3525 1975 3577 dum
2008 3521 2184 3576 adhuc
2233 3519 2534 3577 Rotcheido
2582 3519 2806 3586 viveret,
2857 3519 3226 3589 pervasionem
3263 3518 3437 3575 maio,

1853 3630 1968 3666 rum
2000 3610 2278 3666 hominum
2323 3610 2390 3664 ab
2434 3607 2623 3666 eodem
2669 3607 2952 3663 Rotchildo
2996 3607 3066 3662 de
3094 3606 3210 3676 ipso
3241 3618 3432 3660 mona-

1850 3702 2014 3756 sterio
2044 3699 2250 3770 eiectus
2299 3699 2510 3767 fuisset,
2544 3706 2600 3756 et
2648 3699 2701 3753 in
2734 3696 2896 3754 exilio
2947 3696 3140 3752 missus
3187 3697 3304 3752 sine
3334 3693 3455 3752 uIIa'

1849 3794 2027 3862 culpa,
2060 3802 2114 3846 et
2160 3791 2362 3860 absque
2405 3790 2625 3860 iudicio,
2671 3798 2727 3846 et
2775 3791 2894 3858 ipso
2941 3788 3267 3843 monasterio
3318 3796 3442 3842 tunc

1853 3885 2008 3937 datus
2038 3881 2227 3936 fuisset
2253 3879 2308 3935 in
2335 3880 2599 3935 beneflcio
2627 3875 2942 3933 Nebulunko
2967 3891 3164 3946 genere
3192 3875 3438 3931 Bavario.

1853 3975 1916 4029 Et
1940 3975 2065 4028 dum
2095 3987 2190 4042 per
2236 3969 2513 4026 monachis
2554 3969 2723 4040 ipsius
2766 3967 3080 4022 monasterii
3125 3964 3440 4022 reclamatio

1850 4065 2044 4123 exinde
2090 4065 2229 4121 facta
2273 4062 2464 4120 fuisset
2492 4062 2559 4117 ad
2604 4060 2883 4117 Paulinum
2924 4058 3299 4129 patriarcham,
3332 4059 3440 4113 Ar-

1852 4175 1990 4216 none
2014 4156 2441 4226 archiepiscopo,
2489 4151 2746 4209 Fardulfo
2784 4150 3000 4219 abbate,
3034 4159 3090 4206 et
3139 4147 3435 4220 Echerigus

1852 4264 2036 4305 cernes
2067 4246 2270 4318 palatii,
2303 4245 2386 4300 vel
2436 4241 2627 4313 reliqui
2672 4241 2792 4297 locu
2824 4255 3032 4307 eorum,
3062 4239 3152 4310 qui
3194 4248 3322 4295 tunc
3352 4238 3438 4292 hic

1852 4342 1906 4396 in
1958 4339 2105 4394 Italia
2151 4336 2303 4393 missi
2351 4335 2589 4400 fuerunt,
2637 4329 2921 4388 duodecim
2968 4328 3180 4386 insimul
3223 4329 3300 4382 sic
3338 4326 3440 4397 ipsi

1855 4448 2015 4490 causa
2049 4431 2423 4502 inquisierant,
2453 4426 2596 4499 quod
2626 4424 3049 4495 suprascriptum
3081 4421 3351 4478 munimen
3385 4421 3439 4474 in

1851 4527 1964 4584 suis
1992 4526 2159 4596 relegi
2189 4524 2434 4580 fecerunt
2478 4517 2770 4593 presentia,
2801 4517 2942 4588 quod
2982 4517 3103 4574 illos
3142 4526 3438 4584 cognosce-

1863 4618 1990 4684 rint,
2018 4615 2160 4687 quod
2188 4614 2382 4684 iniuste
2407 4611 2537 4668 mihi
2574 4611 2746 4680 ipsum
2791 4606 3170 4663 monasterium
3199 4604 3436 4659 ablatum

1846 4708 2055 4774 fuisset,
2086 4715 2141 4763 et
2167 4720 2275 4760 non
2323 4704 2394 4758 ibi
2439 4700 2657 4756 aliunde
2705 4698 2866 4754 debet
2901 4696 3016 4751 fieri
3062 4693 3424 4761 ordinatione,

1850 4800 1952 4854 nisi
1982 4799 2050 4853 de
2097 4800 2238 4866 ipssa
2267 4793 2704 4865 congregatione,
2755 4792 2901 4846 sicut
2949 4790 3096 4860 ipsse
3141 4787 3438 4843 Gaidualdo

1851 4889 2059 4944 medico
2086 4896 2347 4942 statuere.
2397 4885 2549 4939 Tunc
2595 4882 2839 4938 fecerunt
2889 4895 2976 4937 me
3017 4880 3084 4936 de
3108 4879 3252 4949 ipsse
3276 4877 3439 4934 exilio

1849 4992 2130 5044 revocare,
2163 4986 2218 5034 et
2261 4974 2465 5046 prcfato
2513 4973 2826 5043 Nebulungo
2873 4972 2942 5028 de
2989 4969 3214 5027 heodem
3244 4983 3438 5023 mona-

1851 5071 2018 5129 sterio
2049 5069 2181 5125 foris
2211 5068 2510 5139 eiecerunt,
2542 5075 2597 5122 et
2636 5080 2722 5122 me
2763 5064 2894 5119 inibi
2924 5065 2977 5120 in
3004 5073 3158 5119 antea
3194 5062 3438 5117 intromi-

1854 5170 2058 5218 sernut.
2112 5160 2301 5216 Postea
2345 5173 2440 5228 per
2468 5158 2560 5211 illa
2592 5155 2729 5210 mala
2776 5153 3180 5220 consuetudine,
3212 5167 3315 5221 que
3341 5167 3438 5222 per

1854 5253 2045 5311 eodem
2077 5250 2390 5320 Nebulungo
2440 5248 2578 5303 facto
2627 5255 2730 5314 est,
2775 5246 2844 5301 ab
2870 5245 2964 5301 illo
2991 5245 3081 5301 die
3123 5243 3323 5298 faciunt
3349 5257 3438 5300 mo

1859 5346 1940 5402 ire
1967 5348 2020 5402 in
2051 5343 2230 5408 hoste,
2260 5349 2316 5396 et
2339 5356 2527 5395 omnes
2553 5347 2762 5409 paratas
2786 5345 2842 5392 et
2867 5334 3142 5406 coniectos
3169 5334 3344 5389 iacere
3367 5332 3439 5390 ad

1857 5437 2073 5505 missos,
2103 5449 2166 5492 ac
2194 5433 2490 5490 donatione
2537 5431 2603 5486 ad
2638 5429 2857 5500 palatio,
2906 5443 3011 5497 que
3057 5439 3178 5482 cum
3219 5425 3333 5496 iege
3356 5423 3434 5481 fa-

1854 5588 2026 5674 sancti
2056 5587 2349 5657 Benedicti,
2398 5596 2452 5644 et
2501 5598 2606 5642 non
2649 5579 2821 5640 semel
2868 5578 3033 5636 italicl
3081 5576 3230 5652 regni
3260 5574 3444 5633 admi-

1845 5672 2038 5718 'IIISIOI’.
