3964 6344
155 294 325 374 sese

965 403 1052 459 Ill.

158 521 400 578 Carolus
430 521 648 586 Magnus
679 521 956 586 imperator
980 520 1322 589 possessiones,
1357 527 1408 574 et
1429 520 1570 589 bona»
1589 534 1771 589 mona-

179 590 182 591 ⁷
321 593 464 666 διετῆ
500 589 953 646 Laurea/tamenet}
982 587 1252 658 conﬁrmat
1305 588 1461 661 (anno
1483 587 1632 659 772).

738 695 831 759 (Ex
852 695 1076 758 Belvicb,
1102 697 1244 765 ibid.)

248 785 479 860 Karolus
510 802 680 874 gratia
729 802 821 857 Dei
855 816 948 855 rex
1006 799 1331 859 Francorum
1359 810 1413 857 et
1457 800 1767 870 Longnbar-

154 897 396 958 dorum,
425 911 487 950 ac
511 894 767 964 patricius
797 893 1185 948 Romanorum.
1219 893 1410 947 Notum
1433 893 1502 949 sit
1524 893 1774 948 erunibus

155 974 429 1044 ﬁdelibus
463 986 665 1042 nostris
698 995 804 1040 tam
857 984 1236 1050 prmsentibus,
1286 997 1444 1054 quam
1476 993 1529 1037 et
1558 983 1770 1052 futuris,

153 1062 415 1150 qualiter
469 1078 692 1134 veniens
747 1076 1081 1148 llelmericus
1134 1075 1271 1130 abba
1330 1091 1381 1128 tn
1436 1077 1769 1144 praesentiam

157 1181 421 1228 nostram
458 1169 616 1225 nobis
665 1168 919 1231 innotuit,
953 1183 1020 1239 eo
1058 1168 1196 1236 quod
1246 1175 1408 1221 eartte
1439 1182 1532 1236 per
1560 1166 1772 1221 diversa

157 1265 295 1319 loca
327 1263 568 1319 ecclesiae
605 1261 772 1316 sancti
806 1259 1014 1312 Nazarii
1059 1257 1281 1332 perdita:
1312 1255 1533 1312 fuissent
1559 1269 1612 1312 et
1638 1273 1770 1312 nau-

159 1359 421 1425 fragataa,
451 1365 504 1411 et
537 1369 623 1410 res
651 1368 836 1409 eorum
891 1367 984 1420 per
1031 1351 1238 1406 diversa
1289 1353 1400 1406 loca
1433 1351 1770 1416 habuissent,

159 1450 323 1518 unde
352 1447 420 1502 ad
449 1461 686 1516 praesens
721 1441 903 1509 vestiti
931 1452 1112 1498 essent
1150 1446 1201 1496 in
1234 1455 1616 1513 regnonostro
1662 1444 1773 1500 Deo

159 1538 442 1610 pmpitio,
490 1545 543 1590 et
573 1535 896 1601 ubicumque
945 1533 1008 1586 ad
1052 1547 1284 1601 prtesens
1307 1523 1491 1604 vestiti
1526 1531 1769 1587 fuissent.

158 1629 287 1684 Nos
319 1643 418 1704 pro
448 1626 565 1696 ejus
594 1625 853 1704 petitione
884 1624 989 1678 tale
1023 1633 1346 1693 prmeeptum
1379 1625 1429 1679 ei
1474 1622 1768 1689 emisimus,

162 1701 342 1792 atque,
367 1701 853 1792 prmdeceissoribns
894 1718 1030 1784 suis,
1061 1719 1185 1772 dum
1221 1718 1335 1786 ipsa
1382 1733 1501 1772 casa
1550 1717 1646 1772 Dei
1681 1732 1769 1772 ve-

162 1812 302 1866 stita
335 1811 434 1866 fuit
464 1811 528 1864 ad
560 1823 793 1879 praesens
822 1808 996 1862 omnia
1038 1815 1092 1863 et
1120 1823 1184 1862 ex
1217 1807 1466 1871 omnibus
1492 1821 1557 1862 ex
1587 1817 1767 1860 nostra

169 1901 501 1954 auctoritate
540 1898 741 1965 absque
785 1895 1151 1966 refragatione
1193 1895 1555 1963 cujuscunque
1588 1896 1770 1967 quieto

169 1989 392 2062 ordine,
417 1987 666 2057 quicquid
694 1986 838 2052 juste
865 1994 920 2039 et
959 1979 1349 2039 rationabiliter
1390 1993 1544 2036 antea
1581 1993 1768 2038 tenue-

158 2082 303 2137 runt
353 2094 447 2150 per
501 2079 742 2132 dationes
789 2086 878 2131 aut
928 2075 1416 2140 commutationes,
1473 2090 1538 2128 ex
1587 2083 1766 2128 nostra

167 2173 501 2226 auctoritate
534 2169 849 2222 habeantet
893 2166 1172 2222 defensare
1217 2167 1427 2220 valeant
1474 2163 1764 2219 secundum

169 2245 370 2334 legem,
401 2262 538 2317 sicut
566 2275 662 2329 per
688 2269 926 2330 apertam
959 2269 1164 2335 cartam'
1208 2273 1374 2326 usque
1416 2271 1557 2311 nunc
1584 2263 1767 2310 aucto-

171 2355 306 2408 ritas
337 2367 522 2421 regum
553 2349 852 2418 defensavit
879 2356 934 2402 et
973 2347 1150 2401 denuo
1188 2346 1547 2402 confirmavit.
1603 2346 1666 2399 Et
1708 2353 1767 2398 ut

172 2446 292 2518 inec
316 2444 607 2500 auctoritas
657 2441 858 2518 firmior
905 2440 1184 2518 habeatur,
1247 2423 1350 2494 vel]
1388 2455 1482 2506 per
1528 2450 1765 2508 tempora

173 2516 367 2609 melius
395 2516 770 2598 conservetur,
815 2532 883 2586 de
922 2516 1120 2605 annulo
1167 2543 1348 2587 nostro
1395 2533 1578 2589 subter
1621 2531 1766 2601 sigil-

175 2626 426 2705 lavimus.

248 2715 472 2784 Signum
500 2715 677 2770 Karoli
707 2716 1073 2787 gloripsnssimi
1103 2717 1262 2786 regis.

251 2805 552 2861 Giltbertus
581 2807 646 2861 ad
678 2808 840 2862 vicem
873 2792 1106 2862 Radonis
1137 2807 1436 2878 recognovi.

928 2921 1015 2993 Iv.

183 3027 396 3084 QCaroli
417 3029 596 3104 Hagni
611 3043 914 3104 pra'eepmm
932 3032 1216 3088 Weomado
1235 3035 1618 3104 archiepiscopo
1633 3034 1759 3090 Tre-

553 3103 736 3156 virensi
768 3105 1013 3156 traditum
1044 3104 1198 3173 (anno
1224 3105 1373 3174 775).

493 3221 586 3281 (Ex
605 3219 862 3282 Honteim,
882 3221 1100 3272 Historia
1116 3222 1469 3281 'l‘revirensis.)

251 3319 306 3374 lu
349 3322 564 3378 nomine
593 3322 806 3378 Domini
840 3323 932 3379 Dei
965 3324 1150 3380 mterni
1183 3332 1237 3379 et
1265 3324 1564 3380 Salvatoris
1593 3327 1760 3382 nostri

177 3411 304 3467 Iesu
343 3412 561 3468 Christi.
593 3413 818 3468 Carolus
862 3413 1051 3469 divina
1083 3414 1367 3469 ordinante
1423 3416 1760 3485 providentia

177 3520 271 3560 rex
307 3505 659 3560 Francorum.
690 3507 748 3561 Si
779 3507 1115 3562 liberalitatis
1145 3516 1345 3562 nostrae
1379 3524 1601 3564 munere
1632 3509 1762 3564 locis

178 3595 288 3650 Deo
329 3596 518 3652 dicatis
546 3596 796 3666 quiddam
823 3596 1155 3651 conferimus
1184 3597 1448 3662 benelieii,
1479 3605 1534 3652 et
1573 3613 1762 3653 neces-

175 3687 365 3741 sitates
394 3687 786 3742 ecclesiasticas
831 3687 894 3740 ad
927 3687 1210 3756 petitiones
1255 3686 1597 3741 sacerdotum
1663 3703 1762 3741 no-

178 3784 415 3830 strorum
469 3778 766 3834 relevamus
814 3777 1107 3848 juvamine,
1154 3789 1314 3846 atque
1356 3778 1518 3842 regali
1552 3787 1763 3832 tuemur

178 3867 497 3932 munimine,
529 3869 579 3922 id
611 3870 766 3924 nobis
787 3879 841 3923 et
870 3868 936 3923 ad
957 3869 1235 3924 mortalem
1261 3868 1423 3924 vitam
1457 3870 1726 3938 transigen
1746 3899 1759 3909 ο

173 3957 327 4022 dam,
358 3967 412 4013 et
460 3969 714 4013 wiernam
749 3958 976 4013 feliciter
1007 3958 1376 4023 obtinendam,
1425 3958 1757 4026 profuturum

177 4048 382 4117 liquido
413 4050 701 4104 credimus.
733 4049 965 4104 Proinde
1014 4050 1225 4104 noverit
1253 4050 1489 4105 omnium
1522 4049 1761 4104 fidelium

181 4147 489 4193 nostrorum
531 4149 637 4193 tam
689 4139 1061 4209 praesentium,
1114 4155 1272 4208 quam
1329 4150 1381 4194 et
1435 4137 1757 4208 futurorum,

177 4231 464 4299 sagacitas,
521 4231 641 4300 quia
695 4232 775 4285 vir
804 4231 1124 4286 venerabilis
1177 4229 1506 4286 Weomadns
1560 4241 1759 4286 sancta:

177 4321 513 4376 Trevirensis
557 4322 799 4378 ecclesia:
835 4322 1268 4389 archiepiscOpus
1313 4322 1506 4378 obtulit
1555 4324 1758 4384 oblati,

179 4411 284 4464 bus
336 4411 531 4465 nostris
575 4421 898 4480 praeceptum
929 4411 1132 4466 domini
1190 4421 1246 4467 et
1295 4413 1550 4482 genitoris
1605 4413 1758 4467 bonne

181 4499 458 4553 memoria:
506 4500 673 4570 Pipini
707 4501 866 4571 regis,
901 4501 954 4556 in
1006 4517 1112 4570 quo
1140 4511 1256 4556 erat
1304 4503 1586 4569 insertum,
1619 4505 1759 4572 quod

181 4604 288 4640 ιιυιι
333 4589 506 4646 solum
542 4591 680 4649 idem
727 4591 938 4658 genitor
965 4600 1166 4654 noster,
1212 4606 1396 4646 verum
1428 4593 1587 4647 etiam
1620 4608 1762 4664 prte-

182 4680 503 4735 decessores
555 4679 694 4751 ejus,
719 4697 884 4754 .reges
914 4682 1160 4736 videlicet
1187 4682 1538 4750 Francorum,
1576 4701 1764 4741 oumes

182 4783 294 4832 res,
349 4782 693 4839 quascunque
747 4771 873 4826 boni
933 4783 986 4826 et
1036 4773 1206 4826 sancti
1266 4771 1363 4825 viri
1420 4788 1517 4842 pro
1572 4774 1766 4829 divinae

179 4859 654 4928 contemplationis
685 4863 876 4916 intuitu
907 4863 972 4917 ad
1001 4875 1204 4932 partem
1229 4863 1288 4918 S.
1317 4863 1456 4919 l‘etri
1479 4865 1766 4922 Trevircno

181 4952 265 5010 sis
297 4951 539 5007 ecclesia:
582 4951 987 5023 delegaverant,
1038 4969 1364 5025 suorumque
1421 4957 1764 5015 authoritati-

256 5119 291 5186 a_
315 5111 426 5167 lloe
453 5124 774 5186 praeceptum
812 5128 905 5180 per
933 5116 1110 5170 omnia
1137 5117 1416 5180 relativum
1444 5126 1527 5173 est
1571 5118 1639 5172 ad
1671 5117 1759 5186 Pi-

183 5181 458 5249 pinianum
482 5183 607 5236 anni
631 5181 762 5246 ⁷761,
791 5186 953 5251 quod,
984 5196 1238 5253 quantum
1270 5187 1333 5240 ad
1361 5187 1612 5253 formam,
1644 5183 1763 5243 sus-

187 5261 403 5325 pectum
433 5263 543 5306 .aut
593 5253 786 5325 saltem
821 5255 1321 5325 interpolatimiibns
1348 5271 1761 5325 conspurcatnm

183 5320 341 5372 nobis
383 5324 647 5394 apparuit.
692 5320 1760 5394 Neqnealiterdeprmsentisebtiemus;

183 5391 432 5466 exemplo
461 5391 747 5466 hlabiilonii
791 5392 857 5447 de
909 5393 992 5466 lle
1037 5393 1171 5466 ιΙψΙζ
1212 5395 1302 5466 lib.
1343 5411 1407 5466 tt,
1454 5391 1516 5451 c.~
1546 5396 1598 5458 5,
1633 5398 1660 5466 §
1707 5391 1758 5464 7,

184 5467 238 5531 et
265 5459 456 5531 Annal.
490 5462 761 5516 Benedict.
795 5471 922 5516 tom.
959 5463 1022 5529 Il,
1057 5459 1107 5531 p;
1144 5463 1250 5516 ἓξὲξ)
1276 5480 1290 5529 ;
1321 5465 1604 5522 Eckhardi.
1634 5459 1759 5523 iter.

186 5526 382 5605 Ιζςειιιίξἶ
406 5530 684 5605 _li_b._)_tx1v.
717 5532 926 5605 11.1749;
954 5526 1248 5588 lien-manui
1272 5526 1338 5588 de
1366 5535 1440 5590 lle
1463 5539 1614 5604 dipl.,
1639 5553 1758 5605 cap.

280 5614 329 5666 1).
517 5586 740 5680 ξθριιιὶθ,
759 5586 977 5680 initium
1007 5586 1071 5680 at
1102 5586 1761 5680 injtiotiji—ne

183 5670 375 5723 aeterni
413 5679 467 5724 et
521 5670 810 5725 Salvatoris
867 5677 1034 5729 nostri
1091 5677 1216 5730 Jesn
1258 5675 1480 5731 Christi.
1534 5677 1758 5732 Carolus

187 5737 362 5807 divina
389 5739 672 5800 ordinante
713 5743 1045 5812 providentia
1071 5761 1161 5804 rex
1191 5745 1537 5815 Francorum,
1581 5766 1596 5800 ι
1635 5746 1756 5819 imi-

469 292 697 350 CODEX
737 291 1334 350 DlPLOiIATlGUS.—
1369 288 1758 348 PRIVILEGIA

1875 287 1962 346 HI.
2002 291 2247 350 PRIVIL.
2290 293 2427 350 PER
2465 293 2736 351 PARTES
2773 293 3173 352 GERMANLE.

1788 3103 1836 3168 ο

3321 291 3467 352 1050

1795 403 1969 465 Abus
2016 405 2482 470 confirmaverunt,
2531 415 2792 476 quatenus
2837 422 3028 461 eorum
3084 421 3312 476 regnum
3359 423 3457 468 sn-

1882 509 2047 563 perno
2095 497 2300 552 auxilio
2328 506 2590 565 tueretur,
2622 507 2678 552 et
2707 497 3042 565 postmodum
3085 513 3210 560 eum
3244 497 3463 554 Christo

1881 587 2025 656 llege
2054 602 2236 656 regum
2268 598 2554 658 regnarent
2583 589 2636 644 in
2667 589 2837 644 caelis.
2873 587 2979 644 Pro
3013 589 3096 644 rei
3136 604 3264 643 vero
3291 587 3460 647 llrmi-

1881 687 1985 733 lale
2036 678 2176 733 idem
2207 680 2458 749 praefatus
2498 681 2695 751 praesul
2752 679 3040 747 postulavit
3084 678 3459 735 celsitudinem

1880 779 2141 837 nostram,
2191 778 2250 837 ut
2293 780 2574 842 paternum
2621 785 2718 825 seu
2764 770 3218 839 prmdecessmuin
3272 784 3457 838 regum

1878 876 2079 932 morem
2113 869 2421 928 sequentes,
2468 859 2841 933 hujuscemodi
2876 869 3074 925 nostra:
3115 858 3458 915 authoritatis

1877 963 2198 1021 prmceptum
2228 951 2296 1005 ob
2327 964 2564 1004 amorem
2597 951 2691 1006 Dei
2724 960 2778 1005 et
2807 949 3162 1005 reverentiam
3193 948 3253 1004 S.
3288 948 3456 1015 Petri,

1877 1050 1944 1102 de
1972 1049 2177 1105 eisdem
2207 1049 2369 1103 rebus
2402 1048 2514 1103 fieri
2542 1048 2856 1118 juberemus
2881 1065 2898 1115 ;
2942 1048 3093 1119 cujus
3117 1046 3360 1116 petitioni
3389 1047 3460 1112 li,

1878 1137 2066 1192 benlcr
2111 1151 2388 1192 assensum
2418 1139 2758 1205 praebuimus,
2813 1137 3000 1193 ethoc
3043 1145 3241 1192 nostra:
3292 1144 3452 1192 auto-

1877 1229 2048 1284 ritatis
2079 1237 2409 1297 praeceptum
2458 1242 2586 1296 erga
2641 1229 2807 1296 ipsam
2842 1229 3127 1284 ecclesiam
3159 1243 3260 1297 pro
3287 1227 3454 1284 divini

1875 1320 2052 1373 cultus
2083 1333 2264 1372 amore
2302 1326 2357 1372 et
2384 1318 2577 1372 anitum
2611 1327 2805 1372 nostra:
2830 1319 3073 1374 remedio
3105 1320 3219 1375 fieri
3270 1319 3456 1376 decre-

1877 1410 2071 1472 vimus,
2105 1424 2199 1473 per
2229 1407 2369 1477 quod
2396 1405 2734 1476 praecipimus
2767 1416 2924 1474 atque
2948 1407 3219 1476 jnbemus,
3253 1416 3311 1462 ut
3337 1422 3455 1462 om-

1879 1515 1972 1553 nes
2004 1513 2090 1552 res
2121 1499 2203 1554 vel
2230 1498 2510 1553 facultates
2541 1496 2607 1551 ad
2638 1496 2920 1558 ecclesiam
2951 1496 3011 1552 S.
3062 1497 3203 1552 Petri
3247 1497 3454 1552 Treve-

1877 1590 2002 1643 ricae
2027 1589 2172 1642 urbis
2196 1590 2555 1658 pertinentes;
2573 1599 2627 1642 ut
2650 1588 2854 1642 scilicet
2871 1588 3131 1664 cellamS‘.
3153 1588 3454 1658 maximini,

1876 1694 1994 1754 qua:
2033 1689 2116 1733 est
2147 1679 2197 1733 in
2231 1677 2500 1734 territorio
2530 1678 2590 1734 S.
2627 1678 2769 1734 Petri
2801 1679 3056 1748 principis
3087 1680 3454 1748 apostolorum

1807 1755 1844 1811 Β
1872 1781 2200 1836 constructa,
2235 1779 2290 1826 et
2315 1771 2508 1826 cellam
2533 1769 2592 1826 S.
2621 1770 2850 1836 Paulini,
2880 1780 2934 1826 et
2964 1771 3023 1826 S.
3057 1770 3306 1826 Eucharii
3335 1812 3351 1838 ,
3401 1781 3454 1827 et

1873 1865 2260 1920 monasterium
2315 1863 2608 1927 S.Maria9,
2641 1864 2782 1934 quod
2835 1865 3087 1920 dominus
3147 1863 3457 1920 Modoaldtts

1874 1955 2108 2025 pontifex
2154 1954 2391 2022 ejusdem
2415 1955 2657 2026 ecclesiae
2689 1957 2739 2009 in
2788 1955 3058 2012 territorio
3111 1956 3169 2012 S.
3221 1955 3363 2009 Petri
3419 1972 3449 2009 a

1872 2047 2214 2099 fundamento
2239 2046 2563 2114 construxit,
2592 2045 2731 2119 quod
2764 2057 2982 2101 vocatur
3017 2047 3237 2110 llorrea,
3271 2059 3323 2101 et
3351 2061 3442 2100 ec-

1870 2139 2084 2194 clesiam
2116 2139 2177 2206 S.
2204 2138 2410 2208 Martini
2441 2139 2602 2205 sitam,
2629 2139 2680 2192 in
2713 2153 2848 2209 pago
2886 2139 3212 2207 Meginense,
3258 2149 3308 2192 et
3344 2121 3450 2192 ca:-

1873 2237 2016 2283 teras
2041 2229 2307 2292 basilicas,
2336 2229 2581 2302 castella,
2611 2229 2781 2302 vicos,
2815 2229 2986 2294 villas,
3011 2230 3215 2295 vineas,
3249 2229 3435 2294 silvas,

1875 2320 2140 2386 homines,
2178 2320 2259 2375 vel
2292 2320 2547 2389 quidquid
2578 2320 2685 2380 Deo
2711 2320 2949 2380 donante
2980 2321 3045 2384 ad
3075 2320 3296 2396 eandem
3351 2336 3444 2373 au-

1869 2419 2174 2478 gmentatur
2219 2410 2528 2476 ecclesiam,
2559 2411 2702 2466 circa
2738 2411 2979 2464 [tirenum
3008 2421 3058 2464 et
3089 2409 3318 2480 Ligerim
3350 2411 3449 2463 llu-

1869 2500 2033 2565 vium,
2089 2501 2376 2570 omniaque
2416 2502 2468 2556 in
2505 2517 2673 2572 regno
2706 2513 2889 2558 nostro
2920 2503 3300 2569 consistentia,
3346 2509 3449 2578 sub

1865 2587 1982 2658 jure
2021 2599 2073 2644 et
2112 2599 2371 2658 potestate
2400 2591 2456 2646 Ξ.
2502 2591 2644 2646 Petri
2671 2591 3005 2647 Trevirensis
3035 2592 3279 2647 ecclesias
3300 2592 3444 2660 ejus-

1867 2697 1969 2749 que
2023 2681 2288 2750 pontiﬁcis
2333 2682 2718 2752 perpetualiter
2746 2684 3040 2752 mancipata
3073 2692 3448 2758 permaneant.

1870 2774 2132 2829 Praeterea
2165 2777 2276 2849 pari
2304 2777 2461 2830 modo
2493 2775 2796 2843 statuimus,
2829 2786 2884 2832 ut
2916 2777 3092 2834 nullus
3116 2792 3182 2834 ex
3218 2778 3441 2853 publicis

1863 2865 2152 2935 judieibus,
2201 2868 2280 2921 vel
2339 2867 2530 2937 aliquis
2561 2885 2625 2922 ex
2659 2867 2899 2938 jndiciali
2933 2880 3197 2938 potestate
3230 2871 3280 2926 in
3331 2885 3446 2925 mo-

1868 2957 2117 3024 nasteria,
2151 2960 2430 3033 ecclesias,
2455 2961 2697 3033 castella,
2756 2962 2904 3016 vicos
2957 2970 3011 3016 et
3060 2975 3242 3032 agros,
3304 2960 3451 3039 loca,

1866 3067 1960 3105 seu
2003 3051 2235 3119 reliquas
2286 3052 2652 3120 possessiones
2700 3051 2968 3121 praedicta:
3023 3051 3288 3117 ecclesiaz,
3339 3060 3447 3105 tam

1867 3143 2004 3198 ultra
2064 3157 2223 3211 quam
2265 3142 2421 3213 juxta
2463 3143 2704 3209 Rhenum
2738 3144 2818 3197 vel
2852 3141 3081 3213 Ligerim
3137 3142 3360 3197 fluvium
3395 3143 3447 3198 in

1865 3235 2015 3303 pagis
2075 3234 2155 3304 vel
2212 3233 2517 3302 territoriis,
2573 3246 2696 3303 quae
2744 3231 2881 3288 infra
2930 3243 3248 3303 potestatem
3302 3234 3450 3300 regni

1867 3325 2034 3379 nostri
2065 3332 2363 3391 memorata
2397 3323 2636 3394 possidet
2658 3323 2912 3392 ecclesia,
2945 3325 3029 3379 vel
3057 3340 3174 3395 quae
3189 3323 3451 3395 deinceps

1866 3418 1920 3471 in
1971 3415 2093 3486 jure
2139 3416 2305 3486 ipsius
2346 3414 2515 3469 sancti
2562 3415 2668 3484 loci,
2710 3416 2935 3471 voluerit
2980 3415 3160 3471 divina
3210 3424 3448 3484 potestas

1865 3507 2078 3579 augeri,
2098 3506 2164 3562 ad
2195 3520 2389 3562 causas
2417 3506 2728 3573 audiendas,
2761 3507 2846 3562 vel
2894 3506 3064 3574 frcda,
3099 3516 3190 3561 aut
3221 3508 3445 3573 tributa,

1863 3602 1954 3646 aut
1990 3591 2263 3661 eonjectos
2292 3591 2498 3662 aliquos
2539 3591 2854 3660 exigendos,
2888 3602 2979 3658 aut
3010 3593 3314 3647 mansiones
3363 3591 3448 3647 vel

1867 3693 2079 3749 paratas
2115 3683 2407 3750 faciendas,
2455 3693 2544 3736 aut
2597 3683 2940 3749 lidejussores
2992 3683 3298 3750 tollendos,
3353 3691 3448 3737 aut.

1865 3772 2108 3827 homines
2152 3773 2317 3842 ipsius
2345 3775 2582 3828 ecclesiae
2629 3773 3030 3841 dhtringendos
3055 3815 3068 3838 ,
3105 3785 3197 3828 aut
3225 3776 3449 3842 injustas

1863 3865 2174 3936 exactiones
2227 3863 2599 3933 requirendas,
2655 3864 2736 3916 vel
2784 3864 3038 3916 teloninm
3095 3863 3443 3931 exigendum,

1865 3956 2063 4010 nostris
2088 3964 2143 4028 et
2169 3954 2358 4009 futuris
2388 3952 2716 4022 temporibus
2747 3952 2952 4020 ingredi
2979 3951 3193 4016 audeat,
3244 3951 3325 4005 vel
3381 3967 3445 4006 ea

1864 4064 1985 4119 quae
2013 4063 2173 4117 supra
2204 4055 2499 4101 memorata
2554 4054 2700 4110 sunt,
2761 4045 2971 4112 penitus
2995 4043 3214 4112 exigere
3245 4058 3447 4112 prtcsu-

1858 4124 2013 4216 putat;
2042 4141 2136 4196 sed
2167 4140 2326 4195 liccat
2357 4147 2651 4193 memorato
2687 4137 2924 4216 prtesnli,
2963 4124 3187 4205 suisque
3234 4151 3448 4190 succes-

1864 4233 2100 4293 soribus,
2153 4232 2333 4304 omnia
2367 4231 2581 4299 prtefata
2623 4229 2963 4303 monasteria,
2999 4229 3170 4294 villas,
3205 4229 3352 4282 views
3397 4238 3451 4284 et

1862 4326 2103 4392 castella,
2143 4340 2261 4379 cum
2293 4325 2402 4379 suis
2431 4323 2822 4391 adjacentibus,
2876 4323 2929 4376 in
2963 4322 3226 4390 integrum
3263 4338 3449 4396 perpe-

1867 4426 1970 4485 tuo,
1995 4427 2236 4486 tempore
2266 4431 2364 4486 pro
2397 4414 2634 4469 remedio
2663 4414 2856 4468 animae
2885 4423 3086 4468 nostra:
3114 4405 3209 4469 seu
3256 4430 3450 4484 paren-

1871 4520 1978 4563 tum
2031 4515 2356 4576 nostrmnm,
2390 4507 2523 4560 utin
2579 4515 2848 4575 praecepto
2900 4505 3125 4575 piissimi
3181 4507 3444 4572 genitoris

1868 4601 2032 4654 nostri
2058 4599 2383 4664 continetur,
2414 4599 2594 4667 quieto
2623 4596 2812 4650 ordine
2843 4581 3140 4664 possidere,
3180 4602 3236 4647 et
3260 4606 3448 4648 nostro

1870 4689 2098 4755 lideliter
2129 4669 2313 4758 parere
2342 4686 2589 4754 imperio.
2631 4684 2698 4740 Ut
2723 4685 2824 4738 hoc
2855 4688 3032 4758 itaque
3062 4691 3261 4735 nostra:
3288 4691 3444 4735 auto-

1869 4779 2040 4833 ritatis
2071 4784 2392 4846 praeceptum
2428 4774 2721 4844 pleniorem
2756 4774 2807 4828 in
2836 4772 2926 4826 Dei
2961 4757 3176 4828 nomine
3206 4771 3445 4827 obtineat

1868 4870 2125 4940 vigorem,
2157 4879 2209 4924 et
2238 4885 2266 4923 a
2301 4867 2546 4923 fidelibus
2573 4879 2774 4922 sanctas
2804 4865 2895 4922 Dei
2930 4864 3182 4921 Ecclesia:
3202 4907 3216 4932 ,
3244 4866 3446 4920 nosuis

1866 4961 2113 5040 videlicet
2145 4963 2516 5036 praesentibus,
2549 4972 2602 5018 et
2639 4962 2828 5035 futuris
2862 4961 3216 5032 temporibus,
3251 4961 3438 5017 verius

1869 5130 2008 5176 tatur
2030 5119 2285 5176 formulas
2308 5119 2562 5175 Ludovici
2588 5120 2662 5174 Pii
2680 5128 2731 5173 el
2754 5119 3016 5175 Lotbarii.
3042 5120 3440 5186 Monogramma

1867 5192 2169 5266 diplomatis
2199 5192 2336 5258 apud
2368 5193 2717 5266 promerem,
2766 5197 2819 5260 p‘.
2851 5191 2976 5266 58!.
3005 5204 3221 5266 crucem
3245 5189 3442 5266 decus-

1867 5255 2033 5316 satatti
2066 5255 2326 5325 referens,
2359 5260 2552 5316 Carolo
2585 5277 2688 5314 non
2719 5255 2967 5315 convenit
2994 5275 3010 5324 ;
3045 5260 3117 5314 uti
3168 5273 3266 5313 nec
3306 5255 3444 5318 indi-

1867 5333 1970 5386 clio
1987 5332 2244 5400 apposita.
2265 5332 2456 5386 Suavis
2477 5339 2531 5386 cl.
2551 5331 2914 5385 Ercanbaldns
2938 5330 3026 5383 diu
3051 5340 3166 5397 post
3187 5331 3350 5390 hunc,
3374 5326 3442 5380 de

1866 5419 1971 5471 quo
1999 5403 2224 5471 agimus,
2257 5418 2475 5469 annum,
2512 5403 2564 5455 in
2590 5403 2908 5455 cancellaria
2939 5400 3112 5453 Caroli
3160 5404 3442 5471 carperent

1868 5469 2178 5526 ministrari.
2205 5471 2468 5526 Cir-terum
2501 5471 2854 5526 substantiam
2881 5471 3189 5541 diplomatis
3218 5469 3443 5541 ejusque

1865 5552 2231 5609 argumentum
2289 5559 2318 5595 a
2358 5547 2496 5612 stylo
2546 5542 2706 5596 curia:
2760 5541 2963 5612 Caroli
2995 5539 3442 5612 blagni__minime

1864 5613 2198 5734 illietiafsse,
2224 5613 2382 5668 etiam
2405 5609 2760 5670 observarunt
2790 5610 3064 5673 Mabillon,
3088 5619 3144 5666 et
3161 5609 3438 5665 lleurnatut

1887 5698 1969 5734 OC.
1998 5697 2044 5734 Cl
2079 5724 2086 5734 .

1887 5698 1969 5739 oe.
1998 5683 2086 5739 cit.
