3964 6344
602 324 739 383 1051

1457 317 1517 374 Β.
1557 316 1808 374 CAROLI
1846 312 2080 374 MAG-Nl,
2105 311 2256 368 OPP.
2301 309 2478 368 PARS
2516 309 2556 365 Ι.
2598 310 2844 369 SECTIO
2885 311 2952 368 ll.

3741 318 3864 374 £052

605 439 880 502 credatur,
907 444 964 492 et
988 433 1296 504 diligentius
1343 447 1374 489 a
1395 434 1799 490 successoribus
1822 430 2023 488 nostris
2046 445 2175 486 cou-
2203 431 2252 489 A
2280 428 2547 486 conscribi
2577 439 2635 486 et
2680 432 2826 486 anuli
2859 431 3026 486 nostri
3071 430 3420 499 impressione
3446 432 3720 503 iussimus
3750 442 3858 495 lnli~

599 538 864 594 servetur,
892 543 1050 583 manu
1079 529 1290 596 propria
1319 526 1670 594 firmavimus,
1700 534 1756 582 et
1788 522 1972 580 annuli
2004 521 2175 578 nostri

599 619 950 690 impressione
986 618 1180 688 signari
1217 615 1500 686 iussimus.

667 731 859 788 Suavis
886 731 952 784 ad
983 729 1150 784 vicem
1183 728 1498 784 Ercanbaldi
1529 730 1842 800 recognovi.

666 844 796 898 Data
824 841 1051 899 Kalend.
1083 841 1388 910 Septembr.
1420 855 1562 896 anno
1607 855 1661 895 vr
1689 848 1944 910 regnante
1980 837 2174 893 Carolo

596 933 832 1004 piissimo
861 947 1008 1003 rege,
1038 931 1206 988 indict
1235 929 1290 988 9.
1321 929 1575 985 Aristalio
1619 931 1833 1000 palatio,
1867 930 1919 985 in
1949 929 2042 984 Dei
2073 943 2175 986 no-

596 1025 738 1082 mine
761 1039 942 1081 amen.

1362 1133 1424 1190 V.

595 1273 621 1303 ⁸
660 1270 980 1340 Prmeptum
1019 1270 1193 1326 Caroli
1217 1268 1396 1340 Magni
1436 1269 1568 1339 regis
1604 1284 1704 1338 quo
1740 1268 2020 1325 Hamalum
2050 1270 2172 1340 δα-

663 1339 1104 1412 ποκὶωίορμὲάαυι
1142 1339 1412 1412 cuiusuis
1456 1340 1732 1395 attinentiia
1772 1343 1994 1396 ecclesia:
2037 1339 2169 1396 Ful-

659 1415 805 1467 denst'
832 1411 988 1467 donat
1015 1413 1170 1484 (anno
1199 1411 1349 1480 774).

913 1537 1010 1600 (Ex
1032 1535 1315 1600 Schannat.,
1337 1536 1549 1586 Historia
1571 1533 1864 1596 Fuldeusis.)

656 1663 876 1720 Carolus
902 1663 1072 1732 gratia
1104 1662 1200 1717 Dei
1245 1661 1575 1717 Francorum
1601 1670 1660 1718 et
1698 1661 2168 1730 Langobardorum

588 1772 682 1811 rex
737 1771 800 1810 ac
847 1755 1208 1810 Romanorum
1268 1755 1545 1824 patricius.
1603 1753 1862 1823 Quicquid
1915 1753 2054 1807 enim
2103 1754 2171 1807 ob

588 1861 825 1900 amorem
873 1845 967 1900 Dei
1015 1854 1070 1899 et
1114 1845 1526 1914 oportunitatem
1559 1858 1833 1899 servorum
1883 1843 1996 1909 Dei,
2041 1843 2172 1897 locis

587 1937 978 1992 venerabililms
1025 1937 1393 2003 concedimus,
1449 1935 1550 1990 hoc
1601 1937 1756 1990 nobis
1807 1935 1870 1990 ad
1906 1936 2170 1990 mercedis

587 2037 924 2096 augmentum
967 2035 1022 2081 et
1074 2027 1421 2081 stabilitatem
1476 2028 1624 2096 regni
1680 2028 1846 2081 nostri
1901 2027 2172 2095 pertinere

584 2116 946 2182 conﬁdimus,
1003 2124 1330 2186 quapropter
1400 2126 1732 2185 compertum
1798 2118 1869 2172 sit
1933 2117 2170 2171 omnium

585 2208 817 2262 ﬁdelium
863 2219 1169 2263 nostrorum
1232 2208 1583 2277 magnitudini
1633 2209 1863 2278 qualiter
1909 2208 2172 2262 donamus

582 2303 647 2355 ad
675 2303 1052 2356 monasterium
1085 2301 1122 2356 F
1129 2302 1260 2370 ulta,
1295 2301 1434 2370 quod
1466 2312 1547 2358 est
1575 2303 1627 2356 in
1668 2302 1870 2357 honore
1895 2302 2169 2356 beatorum

581 2396 937 2462 apostolorum
983 2395 1122 2449 Petri
1170 2403 1226 2450 et
1269 2395 1439 2460 Pauli,
1468 2397 1520 2450 itt
1578 2411 1714 2466 pago
1761 2396 2169 2465 Grapheltcon-

581 2496 864 2554 structum,
897 2487 985 2542 ubi
1032 2488 1332 2558 preciosum
1377 2502 1572 2557 corpus
1607 2489 1877 2560 Bonel‘acy
1919 2491 2169 2560 martyris

579 2577 907 2644 requiescit,
971 2592 1162 2646 quaem
1229 2578 1553 2633 venerabilis
1629 2580 1851 2634 llurmio
1925 2580 2059 2634 abba
2117 2582 2167 2634 in

579 2666 834 2735 regimine
867 2667 1067 2722 habere
1095 2669 1325 2736 videtur,
1367 2670 1623 2737 quasdam
1681 2686 1767 2724 res
1825 2672 2169 2740 proprietatis

577 2764 790 2819 nostras,
827 2756 878 2809 id
923 2769 1005 2810 est
1055 2759 1275 2812 llatnalo
1326 2770 1687 2827 nuncupatum
1736 2760 1897 2814 sit-um
1939 2761 1992 2814 in
2035 2777 2167 2830 pago

575 2847 824 2900 Saxonia:
869 2862 990 2902 cum
1043 2849 1186 2902 omni
1240 2850 1548 2917 integritate
1598 2866 1716 2915 sua,
1773 2852 1873 2904 hoc
1917 2861 1999 2906 est
2044 2868 2164 2906 cum

576 2938 820 2992 omnibus
875 2938 1195 3008 adieceutiis
1259 2955 1329 2994 en
1392 2940 1835 3009 conpertineutiis
1892 2943 2004 2996 suis
2060 2953 2163 2995 tam

573 3031 732 3086 terris
761 3045 918 3098 quam
962 3030 1190 3085 edificiis
1216 3031 1376 3085 cultis
1407 3041 1460 3086 et
1492 3033 1730 3097 incultis,
1787 3031 1964 3097 silvis,
1998 3034 2164 3102 pratis

571 3120 790 3188 pascuis
841 3119 942 3173 viis
1009 3129 1065 3174 et
1114 3119 1292 3187 inviis,
1344 3121 1500 3190 aquis
1553 3135 1920 3189 aquarumque
1969 3121 2159 3176 decur-
2189 3138 2235 3200 ρ

571 3210 736 3272 sibus.
771 3210 1057 3279 mancipiis
1102 3212 1377 3280 utriusque
1405 3227 1588 3277 sexus,
1618 3210 1938 3268 animalibus
1961 3221 2016 3267 et
2037 3228 2158 3267 cunt

571 3302 818 3355 omnibus
862 3301 1138 3356 hominum
1171 3303 1485 3357 substantiis
1533 3303 1820 3358 mobilibus
1866 3313 1921 3358 et
1971 3304 2170 3357 immo--

578 3393 794 3450 bitibus.
826 3395 1096 3451 Donamus
1127 3404 1180 3450 et
1208 3394 1572 3450 contradimus
1593 3407 1750 3466 atque
1773 3396 1824 3450 in
1852 3405 2157 3465 perpetuum

570 3488 821 3542 donatum
849 3501 970 3543 esse
1018 3488 1261 3542 volumus
1304 3497 1358 3541 et
1403 3495 1602 3542 nostra:
1648 3487 1980 3542 auctoritatis
2025 3501 2162 3556 prac-

569 3588 728 3646 cepto
757 3579 1135 3632 confirmamus
1166 3578 1395 3632 eandem
1423 3586 1624 3630 nostra:
1673 3576 2014 3645 proprietatis
2043 3591 2156 3631 rem

571 3670 637 3723 ad
697 3669 1010 3737 praedictum
1078 3669 1328 3724 Fultense
1393 3669 1802 3734 monasterium,
1844 3669 1896 3722 in
1957 3667 2159 3722 honore

569 3761 740 3816 saneti
784 3761 1076 3815 Salvatoris
1123 3769 1180 3815 et
1237 3761 1560 3816 sanctissimi
1610 3759 1864 3815 Bouifacii
1909 3761 2157 3831 martyris

568 3851 622 3906 in
651 3863 958 3921 perpetuam
991 3852 1394 3922 preprietatent,
1425 3853 1488 3906 ad
1521 3854 1799 3907 utilitatem
1841 3852 2154 3907 monasterii

465 4007 482 4018 ι
568 3953 622 3997 et
668 3942 1052 3998 venerabilium
1103 3945 1322 3998 fratrum
1379 3945 1488 3998 Deo
1543 3943 1741 3997 ibidem
1793 3943 1985 3997 devote
2036 3958 2153 3997 ser-

569 4034 849 4088 vientium.
899 4033 1191 4103 Proitterea
1243 4037 1402 4089 etiam
1453 4046 1650 4090 nostra:
1702 4035 2062 4104 preceplionis
2100 4042 2155 4089 et

569 4125 902 4182 auctoritatis
960 4139 1158 4182 cartam
1215 4127 1341 4182 inde
1397 4128 1664 4182 conscribi
1728 4126 2000 4191 fecimus,
2059 4141 2154 4194 per

569 4232 728 4287 quam
795 4217 1136 4272 decernimus
1185 4229 1238 4271 et
1292 4218 1345 4272 in
1419 4227 1731 4286 perpetuum
1789 4217 1857 4271 ab
1921 4219 2018 4271 hac
2065 4216 2152 4272 die

567 4309 840 4362 decretum
872 4323 991 4364 esse
1036 4310 1284 4363 volumus
1334 4317 1393 4365 ut
1422 4309 1638 4377 praefato
1673 4311 1791 4364 loco
1818 4318 1873 4364 et
1901 4309 2150 4364 omnibus

567 4396 669 4449 sibi
710 4397 1059 4451 attinentibus
1102 4397 1275 4452 nullus
1325 4397 1598 4452 hominum
1642 4398 1872 4464 aliquam
1903 4397 2147 4467 iniuriam

2276 520 2450 590 gnari.
3027 587 3117 646 Ἣ.

2278 699 2596 767 Prwceptum
2621 702 2793 756 Caroli
2824 701 3004 772 Magni
3029 704 3163 773 regis
3191 720 3292 773 quo
3311 703 3546 760 ecclesia
3569 705 3816 766 παιδεηεί
3829 725 3849 753 ι

2417 774 2572 827 donat
2601 777 2960 828 monasterium
2991 773 3356 829 Holzitirichrn
3383 778 3552 847 (anno
3575 778 3734 850 775).

2805 885 2895 946 (Ex
2918 885 3206 949 Schanaat.,
3227 887 3366 948 ibid.)

2345 994 2568 1049 Carolus
2594 993 2755 1062 gratia
2808 995 2897 1048 Dei
2931 1009 3021 1048 rex
3057 973 3392 1049 ‘Francorum
3437 1001 3502 1049 et
3554 993 3848 1066 Lougobar-

2273 1087 2464 1143 dorum
2493 1101 2556 1138 ac
2585 1085 2837 1152 patricius
2869 1085 3255 1142 Romanorum.
3308 1086 3589 1154 Quicquid
3632 1088 3775 1142 enim
3797 1091 3847 1144 ad

2273 1180 2387 1235 loca
2430 1189 2737 1232 sanctorum
2776 1177 3162 1232 venerabilium
3202 1188 3582 1247 congruenter
3622 1181 3692 1234 ob
3729 1195 3849 1236 amo-

2273 1285 2387 1326 rem
2433 1269 2524 1323 Dci
2565 1266 2916 1322 concedimus
2955 1267 3036 1322 vel
3085 1268 3498 1334 conﬁrmamus,
3559 1269 3668 1323 hoc
3719 1272 3847 1326 nobis

2272 1360 2338 1416 ad
2374 1357 2676 1414 mercedem
2703 1358 2784 1411 vel
2813 1357 3160 1412 stabilitatem
3193 1359 3340 1427 regni
3374 1359 3558 1413 nostri
3594 1362 3848 1428 provenire

2271 1449 2624 1515 conﬁdimus,
2683 1447 2910 1516 ideoque
2966 1457 3149 1501 notum
3206 1447 3276 1501 sit
3329 1449 3585 1502 omnium
3643 1447 3846 1504 ﬁdelium

2272 1551 2578 1596 nostrorum
2611 1537 2964 1606 magnitudini
3011 1537 3240 1606 qualiter
3269 1552 3367 1592 nos
3419 1547 3660 1608 propter
3686 1554 3847 1594 nomen

2273 1632 2483 1686 Domini
2513 1631 2786 1684 et-animte
2841 1627 3068 1683 salutem
3121 1627 3385 1682 donamus
3411 1627 3782 1697 donatumque
3808 1630 3843 1682 in

2275 1731 2589 1792 perpetuum
2643 1733 2764 1775 esse
2819 1718 3066 1774 volumus
3117 1718 3184 1771 ad
3239 1718 3642 1772 monasterium
3699 1719 3838 1772 sancti

2203 1790 2533 1868 Bliouifacii
2591 1811 2729 1881 quod
2785 1818 2868 1864 est
2922 1817 3289 1864 constructum
3347 1809 3401 1862 in
3460 1823 3610 1878 pago
3657 1807 3838 1863 Graﬁelt

2273 1923 2435 1974 super
2486 1906 2702 1959 fluvium
2754 1903 2908 1958 Fulta
2953 1901 3042 1956 tibi
3088 1902 3363 1970 preciosus
3401 1899 3650 1955 domnus
3700 1901 3837 1954 Bone-

2275 1997 2443 2052 facius
2475 2003 2676 2064 martyr
2719 2007 2946 2062 corpore
2977 1991 3265 2058 requiescit
3306 1999 3361 2045 et
3411 1991 3500 2044 vir
3557 1989 3838 2044 venerabilis

2274 2086 2499 2143 llurmio
2540 2085 2674 2139 abba
2727 2083 2895 2138 turbat
2927 2081 3310 2135 monachorum
3363 2094 3610 2149 praeesse
3641 2078 3837 2140 videtur,

2273 2183 2374 2238 hoc
2402 2191 2506 2245 est,
2551 2176 2991 2234 monasteriolum
3042 2174 3480 2242 cognominatum
3531 2170 3835 2226 llolzkiricba

2274 2275 2326 2328 in
2375 2286 2507 2340 pago
2560 2267 2905 2323 Vttaldsassin
2957 2280 3118 2333 super
3169 2263 3387 2317 fluvium
3437 2263 3670 2326 Albstat;
3717 2263 3836 2331 quod

2273 2362 2553 2417 Troandus
2593 2374 2622 2413 a
2663 2373 2803 2413 novo
2855 2355 3163 2410 fundamine
3204 2353 3326 2420 jure
3373 2352 3713 2422 pr0prietatis
3740 2364 3833 2404 sua:

2274 2457 2422 2511 visus
2447 2455 2544 2509 fuit
2571 2455 2850 2508 ediflrasse
2889 2451 2939 2506 itt
2968 2451 3173 2504 honore
3200 2445 3601 2518 gloriosissima:
3623 2445 3832 2514 Virginis

2272 2561 2373 2602 nec
2421 2562 2524 2600 non
2575 2555 2630 2601 et
2679 2543 2902 2598 aliorum
2953 2548 3263 2594 sanctorum
3319 2545 3601 2606 martyrum
3657 2544 3710 2589 et
3754 2547 3833 2586 res

2271 2638 2617 2708 proprietatis
2667 2651 2777 2690 suae
2830 2635 2894 2688 ad
2927 2632 3098 2701 ipsum
3147 2632 3316 2685 locum
3363 2630 3494 2682 visus
3543 2628 3635 2680 fuit
3681 2625 3825 2680 dele-

2269 2743 2422 2798 gasse
2470 2737 2524 2780 et
2580 2729 2634 2780 lu
2691 2723 3032 2795 postmodum
3095 2735 3259 2776 manu
3305 2716 3607 2788 potestativa
3654 2716 3828 2784 ipsum

2271 2817 2714 2872 monasmriolum
2775 2829 2897 2869 cum
2956 2813 3101 2867 omni
3152 2812 3468 2879 integritate,
3525 2806 3834 2877 appendiciis

2273 2911 2358 2965 vel
2406 2909 2727 2978 adiweeuciis
2777 2906 3029 2977 quicquid
3087 2907 3200 2972 ipse
3243 2905 3326 2954 vel
3379 2902 3465 2954 alii
3517 2899 3757 2953 homines
3778 2897 3829 2948 ad

2271 2999 2580 3068 praedictum
2630 2995 3074 3051 monasteriolum
3135 2992 3530 3057 delegaverunt
3579 2990 3725 3043 nobis
3745 3001 3826 3039 tra-

2269 3089 2402 3144 du'dit
2432 3088 2516 3143 vel
2548 3088 2598 3140 in
2652 3085 2900 3139 omnibus
2944 3082 3304 3147 confirmavit,
3337 3081 3390 3134 id
3420 3089 3532 3148 est,
3563 3079 3728 3143 terris,
3753 3078 3820 3132 do-

2268 3180 2462 3245 mibus,
2496 3178 2744 3242 (diﬁciis,
2799 3173 3096 3242 mancipiis,
3153 3172 3345 3236 vineis,
3397 3170 3594 3235 silvis,
3643 3169 3809 3236 campis.

2263 3271 2450 3339 pratis,
2489 3268 2722 3338 pascuis,
2764 3266 2915 3335 aquis
2945 3277 3276 3335 aquarumve
3311 3262 3663 3325 decursibus,
3695 3261 3802 3314 noli.

2265 3362 2400 3416 libus
2429 3371 2483 3415 et
2527 3358 2911 3422 immobilibus,
2958 3356 3216 3425 pecuniis,
3249 3353 3541 3421 presidiis,
3585 3348 3790 3407 fariatriii.

2263 3450 2606 3522 adiacenciis,
2639 3446 2995 3518 appendiciis,
3037 3445 3286 3515 quicquid
3335 3443 3444 3498 dici
3480 3453 3584 3498 aut
3613 3440 3802 3498 unum

2263 3559 2438 3618 potest
2459 3556 2627 3601 totum
2645 3555 2699 3601 et
2719 3546 3010 3614 integrum,
3031 3545 3165 3597 sicut
3185 3541 3442 3607 diximus,
3459 3540 3616 3610 quod
3643 3537 3815 3608 preiatns

2260 3636 2544 3694 Troandns
2571 3635 2725 3692 nobis
2753 3632 2988 3698 tradidit,
3003 3631 3244 3703 partibus
3279 3629 3454 3684 sancti
3484 3628 3736 3684 Bonifacii
3754 3629 3819 3679 do-

2260 3730 2504 3784 navimus
2547 3723 3074 3792 tradidimus.atque
3125 3723 3176 3776 itt
3225 3720 3479 3777 omnibus
3545 3729 3822 3783 cuneos“:

2259 3834 2380 3875 esse
2404 3819 2655 3872 volumus
2683 3831 2746 3870 ea
2771 3815 2980 3870 ratione
3008 3823 3065 3869 ut
3089 3813 3157 3868 ab
3182 3813 3282 3868 hac
3309 3810 3400 3867 die
3426 3812 3666 3867 ecclesia
3693 3807 3823 3865 sancti

2262 3910 2513 3966 liouitaeii
2535 3909 2618 3963 vel
2641 3917 2876 3964 rectores
2898 3905 3037 3962 illius
3079 3906 3251 3975 ipsum
3277 3903 3827 3959 monasteriolumeun

2256 4001 2401 4058 omni
2431 4000 2739 4070 integritate
2783 3998 3034 4063 habeant,
3061 4005 3278 4052 teneant
3326 4004 3496 4063 atque
3548 3993 3827 4060 possideant

2257 4110 2353 4164 pro
2383 4093 2786 4163 opportunitate
2833 4089 3075 4146 ecclesias
3119 4087 3290 4143 libero
3323 4085 3680 4155 perfruantur
3720 4083 3828 4137 arbi-

2256 4187 2356 4240 trio
2382 4184 2614 4257 qualiter
2643 4181 2842 4238 nostris
2869 4190 2924 4238 et
2952 4181 3144 4236 futuris
3188 4177 3528 4248 temporibus
3561 4177 3633 4231 ad
3685 4178 3829 4246 ipsum

2252 4285 2492 4332 sanctum
2524 4276 2698 4332 locum
2729 4273 2966 4344 proﬁciat
2993 4273 3043 4327 in
3073 4280 3437 4339 augmentum,
3463 4275 3524 4322 et
3573 4278 3640 4324 ut
3669 4266 3828 4321 melius

2253 4367 2422 4437 ipsam
2479 4365 2946 4437 congregationem
3008 4363 3240 4419 delectet
3300 4376 3398 4430 pro
3451 4360 3621 4416 nobis
3688 4370 3830 4414 uxore

571 4500 666 4540 seu
703 4487 1009 4542 violentiam
1043 4489 1279 4557 irrogare
1323 4497 1630 4557 praesumat,
1678 4448 1771 4545 se‘d
1814 4448 1980 4546 abbas
2013 4505 2148 4560 praa-
2176 4490 2230 4552 D
2255 4457 2412 4560 ﬁ‘iam
2442 4464 2496 4510 ⁸⁸
2541 4448 3828 4560 P'“'°_"°?"Z’_P°_'?i'fi_,,"f

566 4576 658 4630 fati
706 4579 1014 4632 monasterii
1066 4579 1258 4648 suique
1315 4591 1655 4633 successores
1701 4594 1760 4634 ac
1805 4580 1998 4637 fratres
2047 4584 2149 4640 sub

567 4667 648 4721 eis
672 4667 987 4736 regulariter
1007 4667 1266 4738 degentes
1299 4667 1580 4736 praedictas
1603 4681 1690 4722 res
1715 4669 1782 4724 de
1809 4679 1990 4725 nostra
2021 4687 2149 4741 pro-

567 4758 795 4826 prietate
836 4758 888 4812 in
933 4773 1084 4812 suam
1132 4759 1388 4814 ditionem
1422 4761 1735 4831 transigant,
1766 4761 2149 4830 possideantet

567 4853 832 4919 excolaut,
877 4861 932 4908 et
978 4851 1043 4908 ad
1091 4869 1240 4908 suam
1283 4853 1568 4909 utilitatem
1601 4855 1955 4925 qualicunque
1985 4857 2147 4914 modo

564 4943 731 4997 velint
767 4944 1030 5011 redigant,
1077 4953 1136 4998 ut
1166 4957 1231 4998 eo
1273 4945 1443 5014 ntagis
1471 4943 1701 5002 delectet
1740 4961 1837 5002 nos
1869 4947 1920 5001 in
1962 4963 2144 5003 eorum

564 5033 895 5088 orationibus
926 5029 1033 5088 Deo
1075 5035 1452 5090 commendare
1478 5035 1828 5105 frequentius,
1856 5047 1910 5092 et
1951 5046 2010 5091 ut
2035 5038 2147 5093 ha-c

564 5134 764 5181 nostra:
813 5125 1116 5183 donationis
1173 5137 1228 5182 et
1276 5129 1702 5186 confirmationis
1750 5132 2044 5186 auctoritas
2093 5133 2144 5185 in

565 5219 760 5274 futuris
809 5223 1138 5291 temporibus
1184 5221 1392 5277 ﬁrntior
1445 5222 1705 5278 habeatur
1755 5230 1811 5276 et
1857 5237 1889 5275 a
1941 5221 2148 5277 cunctis

565 5312 812 5368 ﬁdelibus
851 5311 1156 5382 diligentius
1197 5314 1571 5380 observetur;
1615 5313 1752 5368 hanc
1793 5321 1997 5368 cartam
2025 5311 2147 5368 inde

639 5490 682 5562 ᾗ
707 5489 870 5562 liuius
912 5489 1133 5562 insignis
1162 5489 1467 5562 donationis
1504 5488 1897 5562 autograpltum
1933 5503 2036 5542 non
2075 5488 2146 5542 ita

570 5559 876 5627 ptidem'in
921 5561 1139 5616 arcltivo
1187 5560 1437 5614 Fuldeusi
1491 5560 1664 5614 adhuc
1718 5560 1899 5613 exstLti
1934 5575 1992 5612 se
2033 5574 2148 5612 ser-

568 5638 790 5700 vatum,
821 5630 866 5684 is
894 5633 1091 5700 optime
1122 5631 1270 5684 novit
1319 5631 1407 5698 qui
1447 5629 1810 5700 apograpbum
1859 5628 1960 5682 hoc
1998 5630 2145 5696 juxta

569 5698 697 5755 illud
726 5698 1008 5765 aliquando
1038 5702 1266 5754 confecit
1287 5711 1342 5754 et
1360 5699 1684 5763 emendavit,
1710 5700 1922 5750 omissis
1949 5709 2144 5764 tamen,

575 5770 717 5841 quod
749 5770 979 5826 maxime
1009 5771 1289 5840 intererat,
1323 5770 1463 5827 notis
1484 5769 1774 5837 chronicis,
1798 5783 2022 5839 quarum
2051 5769 2146 5827 dc-

2255 4547 2359 4601 tius
2389 4559 2635 4608 exorare.
2668 4551 2720 4599 et
2754 4553 2812 4597 ut
2857 4542 2973 4597 hate
3008 4541 3301 4596 auctoritas
3350 4538 3562 4593 ﬁrmior
3593 4538 3834 4594 habeatur

2250 4639 2332 4693 vel
2363 4652 2458 4706 per
2485 4646 2724 4704 tempora
2775 4635 2966 4688 melius
3012 4640 3384 4697 conservetur,
3415 4645 3583 4685 manu
3639 4627 3834 4699 prOpria

2249 4729 2436 4786 subter
2463 4743 2581 4783 eam
2633 4725 2962 4780 ﬁrmavimus
2989 4733 3044 4779 et
3087 4722 3157 4778 de
3196 4721 3354 4777 anolo
3399 4730 3592 4776 nostro
3633 4715 3840 4790 sigillari

2245 4821 2520 4891 iussimus.

2243 4935 2246 4938 -
2321 4913 2542 4980 Signum
2575 4909 2753 4963 Caroli
2783 4905 3153 4977 gloriosissimi
3184 4904 3343 4973 regis.

2323 5000 2469 5054 [lado
2514 4999 2578 5052 ad
2622 4998 2788 5051 vicem
2841 4995 3046 5049 liitterii
3092 4992 3374 5061 recognovi
3425 4999 3482 5045 et
3521 4986 3839 5058 subscripsi.

2322 5094 2437 5148 Dat.
2465 5093 2516 5147 in
2571 5103 2758 5145 mense
2807 5086 3128 5143 Novembrio
3157 5100 3296 5139 anno
3345 5091 3541 5138 octavo
3568 5082 3729 5151 regni
3757 5093 3841 5133 no-

2248 5185 2367 5240 stri.
2400 5187 2590 5240 Actum
2629 5181 2764 5236 Dura
2791 5179 2998 5251 palacio
3039 5177 3254 5248 publico
3286 5174 3536 5230 feliciter.
3567 5174 3773 5229 Amen.

2250 5489 2389 5544 fectu
2435 5481 2797 5541 statuendum.
2831 5477 3042 5534 nonnisi
3095 5485 3214 5546 post
3264 5475 3488 5543 primum
3520 5467 3709 5524 Caroli
3742 5466 3841 5520 Ma-

2247 5560 2337 5625 gni
2392 5557 2445 5611 in
2499 5553 2790 5609 Saxoniam
2842 5548 3394 5625 expeditionem,_nec
3445 5550 3599 5625 ante
3632 5551 3845 5625 annui}:

2247 5612 2446 5685 Christi
2476 5625 2578 5678 ’774
2605 5638 2709 5690 quo
2753 5635 2812 5674 se
2842 5612 3023 5688 regem
3075 5612 3553 5694 Longobardorutn
3579 5623 3652 5694 a_c_
3686 5612 3844 5694 patri-

2249 5677 2804 5755 ciu'ni'liomannrum
2863 5677 3220 5754 nuncupavit:
3254 5685 3354 5742 hoc
3404 5683 3458 5739 in
3509 5677 3843 5737 Fultlettlem

2252 5768 2533 5826 ecclesiam
2566 5760 2896 5820 redundasse
2925 5771 3137 5813 munus.
