3964 6344
133 289 262 351 1053

861 391 969 446 VII.

131 513 426 571 humanitas
454 503 758 561 monasterio
805 499 1376 571 Prumiensi__eoncessa
1422 513 1454 551 a
1498 494 1684 552 Carolo

631 574 682 627 Μ
691 588 821 643 agno
849 573 1006 641 (anno
1033 570 1099 622 77
1105 568 1186 636 5).

383 690 478 754 (Ex
501 689 786 747 Hootheim,
811 684 1019 734 Historia
1040 682 1394 743 Trevireusis.)

191 806 404 866 Carolus
431 804 598 874 gratia
626 801 719 856 Dei
744 799 1066 856 Francorum
1095 813 1190 852 rex
1217 805 1272 852 et
1301 796 1612 866 Longobard
1625 812 1685 851 o-

129 916 257 964 rum,
273 911 332 952 ac
353 896 604 964 patricius
615 892 996 957 Romanorum,
1009 899 1114 946 etc.
1127 887 1381 944 Omnibus
1395 889 1681 958 episcOpis,

130 987 424 1050 abbatibus,
452 983 678 1039 ducibus
699 1023 716 1050 ,
745 981 1058 1046 comitibus,
1089 979 1410 1046 domesticis,
1451 980 1690 1048 vicariis,

130 1077 452 1141 centenariis,
483 1074 568 1129 vel
610 1087 796 1128 omnes
832 1074 1026 1128 missos
1067 1081 1274 1127 nostros
1300 1071 1683 1128 discurrentes.

131 1167 397 1224 Maximum
419 1178 618 1236 augere
638 1163 906 1220 credimus
921 1163 1064 1232 regni
1089 1164 1250 1218 nostri
1270 1164 1685 1230 munimentum,

130 1260 170 1314 si
195 1256 438 1313 beneﬁcia
470 1263 769 1325 Opportuna
800 1252 910 1327 [ait]
963 1254 1075 1308 loca
1114 1264 1418 1310 sanctorum
1459 1254 1548 1309 vel
1599 1268 1690 1310 ec-

130 1351 392 1407 clesiarum
438 1346 697 1404 benevola
749 1345 1130 1400 deliberatione
1182 1345 1544 1411 concedimus,
1606 1358 1690 1409 ae,

133 1443 340 1496 Domino
379 1445 716 1509 protegente,
750 1436 977 1492 feliciter
1019 1434 1308 1503 perdurare
1355 1434 1687 1491 conﬁdimus.

131 1523 521 1604 Igitur'noverit
560 1528 775 1584 solertia
804 1536 1003 1592 vestra,
1049 1526 1274 1596 qualiter
1320 1541 1419 1581 nos
1466 1526 1532 1580 ad
1578 1541 1690 1580 mo-

135 1620 428 1685 nasterium,
457 1618 602 1689 quod
635 1617 829 1672 dicitur
862 1615 1102 1680 Prumia,
1131 1615 1274 1684 quod
1305 1615 1456 1670 bonae
1486 1629 1691 1668 memo-

100 1713 215 1782 ,τίω
238 1711 479 1766 dominus
510 1717 565 1765 et
591 1708 802 1778 genitor
833 1716 1015 1763 noster
1053 1705 1270 1776 Pipiuus
1301 1705 1565 1775 quondam
1598 1721 1688 1760 rex

133 1805 181 1860 in
202 1803 391 1859 honore
414 1801 471 1858 S.
501 1800 793 1857 Salvatoris
821 1813 853 1853 a
881 1813 1022 1852 novo
1067 1797 1365 1853 construxit
1392 1811 1573 1866 opere,
1603 1796 1692 1851 ubi

137 1893 379 1948 Assuerus
406 1890 549 1946 abba
583 1901 815 1958 praeesse
839 1886 1070 1952 videtur,
1105 1885 1210 1941 tale
1253 1884 1566 1941 beneﬁcium
1598 1900 1694 1954 pro

139 1991 316 2037 {eterna
349 1979 783 2037 remuneratione
805 1977 904 2032 visi
934 1976 1135 2032 fuimus
1163 1976 1353 2031 ibidem
1385 1975 1689 2045 indulsisse,

137 2083 184 2128 et
209 2074 350 2128 villas
395 2071 567 2143 ipsius
598 2070 768 2124 sancti
800 2069 924 2134 loci,
955 2082 1090 2137 quas
1136 2068 1391 2124 moderno
1423 2076 1658 2136 tempore
1677 2108 1692 2133 ,

139 2172 220 2218 aut
241 2171 438 2228 nostro,
465 2170 561 2215 aut
582 2159 871 2230 cujuslibet
893 2173 1114 2214 munere
1138 2157 1334 2212 habere
1358 2157 1585 2222 videtur,
1610 2159 1694 2212 vel

139 2269 256 2324 quas
305 2253 552 2322 deinceps
611 2253 661 2305 in
707 2250 829 2321 jure
873 2248 1039 2319 ipsius
1085 2249 1429 2313 monasterii,
1479 2248 1697 2317 ejusque

143 2346 415 2402 rectoribus
459 2342 695 2398 voluerit
737 2340 861 2396 diva
904 2340 1072 2409 pietas
1116 2337 1474 2408 ampliﬁcare,
1525 2338 1697 2394 nullus

145 2438 293 2508 judex
319 2437 555 2505 publicus
583 2435 782 2503 absque
808 2431 1046 2502 jussione
1076 2439 1278 2496 nostra,
1311 2429 1393 2484 vel
1426 2429 1695 2484 btet-ellum

147 2541 432 2586 nostrorum
461 2528 528 2583 ad
575 2539 764 2582 causas
792 2522 1079 2592 audiendo,
1112 2530 1204 2577 aut
1233 2531 1259 2559 ι
1293 2521 1436 2576 freda
1468 2520 1700 2589 undique

145 2619 416 2691 exigendo,
447 2632 545 2672 nec
582 2615 611 2654 ιι
652 2614 993 2684 ﬁdejussores
1024 2613 1276 2681 tollendo,
1304 2612 1402 2666 nec
1444 2623 1464 2647 θ
1497 2626 1696 2679 scaras,

143 2703 272 2764 vel'tl
299 2708 717 2770 mansionaticos,
749 2721 842 2760 seu
872 2715 895 2743 °
923 2704 1217 2773 eonjectos,
1261 2713 1367 2757 tam
1413 2702 1432 2742 τ
1471 2703 1538 2759 de
1579 2717 1699 2756 car-

149 2800 297 2870 rigio,
323 2809 620 2870 quamques
661 2799 728 2854 de
769 2797 1101 2868 parafredos,
1146 2795 1425 2866 iudiciaria
1460 2806 1692 2866 potestas

150 2904 347 2959 quoque
377 2899 604 2959 tempore
643 2904 743 2944 non
791 2895 1079 2959 praesumat
1126 2886 1446 2957 ingredere;
1475 2887 1568 2940 sed
1603 2887 1701 2942 hoc

160 2981 223 3034 ad
245 2981 404 3050 ipsum
431 2980 826 3046 monasterium,
856 2979 1079 3050 ejusque
1105 2978 1405 3034 rectoribus
1429 2978 1700 3033 concessi-

155 3085 285 3136 mus,
322 3080 374 3124 ut
400 3073 491 3125 sub
512 3070 814 3125 emunitatis
852 3069 1087 3134 nomine,
1129 3069 1213 3123 vel
1269 3067 1579 3123 defensione
1606 3081 1700 3121 no-
1728 3085 1777 3150 ο

156 3169 278 3227 stra,
321 3174 406 3215 seu
446 3159 705 3215 literedum
746 3166 1052 3214 nostrorum
1085 3159 1315 3213 debeant
1360 3158 1524 3226 quieti
1565 3157 1701 3212 resi-

153 3251 288 3306 dere.
340 3252 582 3306 Similiter
627 3252 991 3306 concessimus
1045 3248 1109 3302 ad
1152 3247 1398 3303 eumdem
1457 3256 1698 3301 sanctum

149 3347 328 3414 locum,
364 3358 416 3403 ut
444 3348 707 3409 homines,
745 3347 833 3417 qui
878 3361 1036 3415 super
1069 3355 1259 3398 terram
1305 3343 1470 3412 ipsius
1519 3357 1701 3397 mona-

145 3437 276 3491 sterii
298 3447 415 3507 tam,
440 3434 470 3474 ιι
488 3434 698 3502 Franci,
717 3450 872 3502 quam
900 3444 954 3488 et
973 3432 1343 3500 ecclesiastici,
1360 3447 1698 3488 commanere

147 3527 426 3595 videantur,
481 3536 539 3582 ut
590 3526 788 3580 nullum
839 3524 855 3562 ί
909 3524 1282 3587 beribannum,
1337 3524 1420 3578 vel
1467 3524 1699 3576 bannum

143 3619 332 3674 solvere
360 3634 466 3674 non
506 3617 735 3672 debeant
764 3634 775 3668 :
809 3615 903 3669 sed
936 3631 1029 3682 pro
1062 3615 1320 3668 mercedis
1353 3625 1544 3667 nostra:
1574 3629 1701 3685 aug-

141 3721 304 3766 mento
327 3710 389 3764 ad
416 3710 588 3779 ipsum
613 3715 852 3762 sanetum
877 3705 1051 3759 locum
1075 3705 1140 3758 sit
1171 3718 1508 3765 concessum,
1533 3712 1692 3772 atque

202 3868 225 3897 ι
252 3858 421 3915 Freda
446 3861 687 3930 undique
712 3857 978 3930 exigendo.
1021 3856 1190 3912 Freda
1233 3856 1442 3930 mulcta;
1471 3857 1698 3922 species,

142 3943 227 3986 seu
263 3933 417 3986 tertia
453 3927 855 3998 compositionis
884 3941 1037 3996 pars,
1068 3943 1186 3998 qua:
1220 3928 1360 3998 ﬁsco
1391 3927 1701 3998 plerumque

140 4001 539 4064 exsolvebatur,
578 3996 896 4067 quandoque
939 3998 1101 4052 etiam
1139 3996 1424 4067 iudicibus.
1459 3997 1700 4067 Occurrit

139 4085 196 4124 ea
224 4072 418 4140 passim
442 4071 500 4140 in
529 4065 1032 4140 veteribuseliartis
1061 4065 1198 4140 apud
1232 4067 1538 4140 blarculfum
1558 4065 1697 4140 _,_lib.

139 4136 406 4208 ut,'form.
432 4139 489 4207 2,
537 4139 592 4204 5,
615 4146 751 4199 etc.,
777 4137 886 4204 ubi,
907 4136 1068 4208 sicuti
1095 4137 1203 4208 llic,
1235 4137 1416 4208 vigore
1442 4137 1698 4208 privilegii

139 4206 576 4265 et'immunitatis
613 4225 642 4261 a
685 4208 924 4275 principe
963 4206 1205 4268 indulta},
1247 4206 1298 4258 in
1349 4206 1698 4259 ecclesiarum

140 4280 557 4346 possessionibus
589 4278 733 4332 freda
762 4279 975 4345 exigere
999 4284 1242 4346 vetantur
1266 4275 1513 4342 judices;
1544 4275 1612 4329 ita
1645 4286 1703 4329 ut

138 4344 268 4418 quod
297 4366 360 4405 ex
402 4351 485 4404 his
510 4350 680 4418 liscus
723 4344 938 4416 sperare
981 4344 1229 4415 potuerit,
1269 4346 1321 4398 in
1353 4346 1701 4399 ecclesiarum

397 279 632 344 CODEX
671 265 1853 336 DlPLOMATlCUS.—PRIVILEGIA.—Ill.
1897 265 2146 323 PBIVIL.
2190 265 2324 324 PER
2364 267 2632 325 PARTES
2671 235 3052 326 GERMANUE

3228 271 3364 336 1051

1716 384 1766 442 Α
1793 378 2072 434 indultum.
2102 380 2404 435 Statueutcs
2449 395 2572 450 ergo
2614 381 2884 449 iubemus,
2936 394 2994 437 ut
3045 402 3216 454 n-que
3249 404 3364 455 vos,

1795 487 1964 540 neque
2002 473 2256 541 iuniores,
2306 487 2750 540 successoresque
2800 475 2987 541 vestri,
3033 491 3205 545 neque
3261 481 3366 535 ulla

1795 565 1999 633 publica
2027 564 2246 633 judicia,
2289 574 2383 618 aut
2429 575 2662 633 potestas
2709 567 2818 622 ullo
2860 582 3088 638 unquam
3132 579 3372 639 tempore

1794 656 1845 709 in
1874 656 2010 709 villis
2039 656 2340 726 ubicunque
2367 657 2417 710 in
2451 671 2614 726 regna
2646 665 2824 709 nostra
2856 659 3022 726 ipsius
3057 663 3367 718 monasterii

1795 746 2141 810 Prumiensis,
2174 758 2266 802 aut
2297 749 2459 817 regia,
2496 757 2585 801 aut
2618 748 2942 816 privatorum
2974 749 3216 818 largitate
3245 767 3372 806 con-

1795 836 1949 901 latas,
1989 846 2083 890 aut
2121 852 2237 906 quae
2283 838 2335 892 in
2377 847 2531 892 antea
2576 841 2814 904 filerunt,
2869 837 3080 894 Christo
3122 842 3371 911 propitio,

1792 931 2116 999 conlaturos,
2144 931 2209 984 ad
2231 931 2521 986 audiendas
2548 933 2923 988 altercationes
2956 933 3257 1003 ingredere,
3282 945 3375 990 aut

1794 1022 1937 1076 freda
1968 1021 2036 1076 de
2080 1020 2344 1089 quaslibet
2391 1037 2578 1076 causas
2626 1023 2868 1092 exigere,
2911 1039 3009 1077 uec
3047 1025 3373 1090 mansiones,

1794 1121 1883 1165 aut
1909 1121 2138 1179 paratas,
2179 1110 2265 1164 vel
2327 1109 2669 1180 ﬁdejussorcs
2720 1113 2976 1178 tollendo,
3026 1129 3123 1168 nec
3171 1129 3373 1179 scaras,

1793 1204 1875 1258 vel
1928 1204 2196 1274 conjectos
2233 1213 2336 1256 tam
2363 1202 2431 1258 de
2481 1204 2749 1274 carrigio,
2799 1221 3064 1274 quamque
3115 1206 3204 1275 qui
3252 1216 3376 1259 sunt

1795 1295 1932 1351 infra
1976 1309 2152 1364 agros,
2200 1295 2285 1349 vel
2333 1295 2496 1359 lines,
2543 1312 2633 1350 seu
2681 1312 2840 1365 super
2895 1307 3088 1353 terram
3141 1297 3376 1366 praedicti

1795 1387 2103 1440 monasterii
2151 1395 2570 1454 commancntes,
2605 1386 2785 1453 ﬁscos,
2815 1398 2904 1442 aut
2931 1389 3104 1454 freda,
3143 1398 3233 1442 aut
3274 1404 3376 1444 un-

1793 1477 2069 1546 decunque
2115 1488 2360 1546 potuerat
2407 1493 2624 1547 sperare
2671 1494 2736 1532 cx
2785 1491 2963 1534 nostra
3019 1481 3370 1552 indulgentia,

1796 1583 1891 1635 pro
1923 1567 2092 1622 futura
2138 1569 2306 1624 salute
2352 1570 2404 1623 in
2447 1569 2800 1623 luminaribus
2830 1570 3002 1640 ipsius
3032 1573 3377 1642 suprascripti

1795 1659 2102 1712 monasterii
2148 1673 2243 1726 per
2286 1673 2476 1712 manus
2527 1659 2798 1727 agentium
2831 1675 3018 1714 eorum
3051 1661 3294 1723 proﬁciat
3325 1662 3377 1715 in

1726 1731 1768 1788 Β
1799 1755 2132 1815 perpetuum.
2168 1748 2231 1800 Et
2262 1747 2401 1816 quod
2433 1763 2529 1801 nos
2560 1758 2775 1817 propter
2815 1763 3012 1803 nomen
3058 1749 3285 1814 Domini,
3318 1761 3378 1805 et

1795 1838 1984 1890 animas
2033 1847 2230 1892 nostrae
2279 1837 2612 1902 remedium,
2661 1852 2756 1892 seu
2811 1848 2990 1892 nostra
3037 1840 3380 1908 subsequenti

1803 1927 2075 1996 progenie,
2106 1928 2258 1994 plena
2291 1927 2572 1982 devotione
2601 1927 2666 1981 ad
2699 1928 2870 1997 ipsum
2905 1921 3289 1984 monasterium
3325 1929 3380 1984 in

1797 2018 1996 2074 honore
2020 2020 2186 2074 sancti
2213 2019 2502 2075 Salvatoris
2523 2019 2860 2088 indulsimus,
2886 2037 2983 2078 nec
3004 2023 3194 2090 regalis
3215 2022 3380 2076 subli-

1799 2114 1978 2179 mitas,
2011 2125 2111 2164 nec
2139 2110 2430 2181 cujuslibet
2470 2111 2703 2180 iudicum
2731 2127 2872 2167 smva
2915 2113 3172 2182 cupiditas
3207 2114 3379 2168 refra-

1799 2218 1924 2273 gare
1959 2213 2266 2272 temptetur.
2302 2205 2366 2258 Et
2398 2215 2455 2258 ut
2485 2203 2601 2260 hinc
2639 2206 2935 2259 authoritas
2968 2214 3072 2258 tam
3100 2206 3379 2274 praesenti-

1798 2294 1922 2359 bus,
1952 2309 2109 2362 quam
2141 2294 2330 2349 futuris
2379 2295 2712 2364 temporibus
2763 2295 3034 2361 inviolata,
3081 2295 3189 2349 Deo
3230 2295 3382 2362 adju-

1799 2392 1944 2448 ture,
2001 2394 2344 2452 permaneat,
2401 2400 2588 2439 manus
2647 2394 2846 2439 nostra:
2901 2384 3380 2453 subscriptiouibus

1800 2471 1934 2526 infra
1961 2473 2214 2528 roborare
2241 2475 2601 2542 decrevimus,
2653 2485 2813 2546 atque
2842 2475 2908 2530 de
2949 2475 3148 2531 annulo
3193 2484 3381 2532 nostro

1799 2563 2032 2630 sigillare
2048 2563 2325 2631 jussimus.

1869 2653 2088 2723 Signum
2118 2655 2318 2709 domini
2346 2655 2712 2723 gloriosissimi
2741 2657 2919 2713 Caroli
2951 2659 3089 2728 regis
3118 2659 3180 2728 1-.
3255 2654 3260 2661 ’

1874 2743 2062 2798 Datum
2095 2745 2146 2797 in
2171 2760 2351 2800 mense
2383 2746 2698 2801 Novembris
2726 2763 2866 2801 anno
2895 2758 3106 2816 octavo,
3137 2748 3374 2803 secundo

1801 2835 1950 2905 regni
1981 2836 2174 2890 nostri.

1878 2929 2070 2981 Actum
2103 2925 2406 2983 Tlieodonis
2439 2929 2561 2983 villa
2595 2931 2822 2998 publica,
2855 2931 2907 2986 in
2938 2929 3032 2987 Dei
3061 2931 3276 2986 nomine
3311 2933 3383 2986 le-

1806 3019 1977 3075 liciter
2005 3033 2158 3073 amen
2187 3020 2233 3072 i.

2532 3110 2667 3165 Vlll.

1803 3197 1960 3251 Aliud
1986 3198 2365 3272 privilegiung‘a
2406 3199 2592 3272 Carolo
2625 3201 2815 3272 Magno
2846 3217 3138 3258 concessum
3163 3203 3378 3259 abbatitv

2283 3268 2575 3322 Prumiensi
2599 3268 2889 3342 (“(775).

2264 3357 2353 3419 (Ex
2382 3357 2664 3421 Hontheim,
2690 3360 2912 3421 ibidem.)

1874 3436 2103 3492 Karolus
2129 3439 2297 3510 gratia
2329 3440 2421 3494 Dei
2453 3455 2543 3494 rex
2575 3440 2897 3495 Francorum
2925 3454 2975 3495 et
3007 3442 3384 3512 Langobardo-

1801 3543 1943 3592 rum,
1981 3543 2078 3582 nec
2109 3543 2216 3582 non
2246 3538 2300 3582 et
2322 3531 2575 3599 patricius
2595 3531 2972 3587 Romanorum.
2996 3533 3252 3587 Omnibus
3273 3537 3385 3600 epi-

1801 3619 2002 3688 scopis,
2034 3619 2335 3684 abbatibus,
2361 3621 2606 3688 ducibus,
2630 3623 2930 3691 comitibus,
2949 3624 3183 3689 vicariis,
3207 3635 3387 3679 centes

1801 3711 1988 3777 uariis,
2024 3712 2106 3766 vel
2132 3711 2350 3781 reliquis
2373 3712 2622 3768 ﬁdelibus
2645 3716 2841 3770 nostris
2865 3727 2971 3772 tam
3003 3719 3377 3786 praesentibus,

1802 3869 1993 3922 missos
2022 3875 2078 3922 et
2104 3867 2308 3936 legatos
2342 3867 2538 3936 regios,
2581 3870 2829 3934 comites,
2879 3871 3069 3937 duces,
3113 3882 3168 3928 et
3205 3887 3389 3929 eorum

1801 3937 2072 4011 ministros
2093 3937 2404 4011 recipiendi,
2436 3939 2617 4006 eisque
2665 3939 2918 4011 viaticum
2974 3956 3071 4008 pro
3123 3942 3384 4011 cujusque

1803 4007 2059 4074 dignitate
2082 4017 2141 4076 et
2195 4007 2501 4060 conditione
2540 4019 2818 4076 praestare.
2871 4007 3165 4065 Sumuntur
3190 4007 3381 4066 autem

1803 4077 2041 4131 crebrius
2067 4075 2434 4130 Mansionatici
2485 4075 2580 4145 pro
2605 4077 2854 4142 expensis
2877 4079 2942 4132 ad
2976 4079 3160 4134 horum
3207 4096 3388 4135 susce-

1805 4147 2036 4220 ptiones,
2065 4155 2121 4199 ut
2154 4147 2313 4220 habet
2335 4145 2630 4220 Aimouius,
2673 4148 2762 4202 lib.
2797 4164 2848 4216 v,
2880 4163 2929 4203 c.
2966 4149 3055 4217 10,
3085 4161 3140 4205 et
3167 4151 3385 4220 hospitii

1801 4218 2078 4286 juretquo
2110 4215 2347 4286 pradicli
2375 4217 2695 4283 gaudebant.

1879 4295 1903 4325 ο
1931 4285 2216 4354 Conjectos.
2251 4285 2343 4338 Est
2381 4288 2700 4341 contributio
2730 4303 2823 4342 seu
2857 4289 3122 4354 collecta;
3158 4290 3245 4345 illa
3277 4305 3390 4344 ma-

1809 4355 1948 4408 xime
1975 4370 2093 4427 ψῃ
2123 4370 2163 4427 :1
2183 4355 2377 4421 populo
2420 4356 2597 4411 missis
2635 4359 2795 4427 regiis
2826 4358 2877 4412 in
2921 4359 3112 4414 itinere
3141 4361 3389 4415 exsolve-

140 4417 276 4487 nsus,
304 4420 356 4475 in
389 4417 673 4474 luminaria
703 4418 938 4472 locorum
967 4429 1265 4483 sacrorum,
1309 4422 1445 4479 etc.,
1473 4429 1703 4470 conver-
1737 4442 1790 4502 υ
1815 4417 2006 4502 batur;
2025 4424 2102 4478 Du
2126 4417 2364 4502 Fila-sne)-
2385 4427 2439 4478 ιι,
2469 4440 2519 4479 ν,

140 4497 288 4543 tatur.

203 4556 228 4595 δ
263 4558 619 4629 Fidejussores
650 4556 896 4611 tollendo.
923 4554 1114 4629 Iudex,
1143 4555 1308 4629 quiin
1326 4553 1413 4622 jus
1435 4564 1702 4629 vocatum,

138 4637 224 4680 aut
257 4629 322 4684 de
360 4625 586 4684 crimine
623 4637 960 4689 accusatum,
1000 4625 1188 4680 vadem
1221 4627 1382 4688 dare,
1416 4625 1482 4678 ad
1513 4625 1704 4680 dictam

136 4697 270 4768 diem
303 4697 416 4768 juri
459 4697 819 4768 sesisturum,
865 4693 1494 4768 cogebat,_Fideiussores
1535 4695 1710 4748 tollere

137 4765 429 4823 dicebatur.
478 4767 734 4820 Observat
781 4767 852 4819 du
899 4766 1096 4820 Fresue
1127 4765 1226 4818 hac
1254 4779 1384 4818 voce
1425 4778 1710 4818 occurri-re

141 4835 273 4892 hanc
312 4836 593 4893 formulam
636 4835 832 4903 passim
876 4837 927 4890 in
967 4835 1253 4901 privilegiis
1278 4843 1335 4887 et
1365 4835 1709 4903 immunitati-

138 4905 233 4974 bus
258 4907 501 4962 ecclesiis
527 4901 798 4960 concessis
816 4947 832 4971 ,
861 4907 1016 4974 eique
1045 4904 1356 4973 plerumque
1382 4901 1547 4974 addi,
1570 4904 1709 4969 quod

134 4973 335 5041 judices
367 4983 632 5037 vetentur,
664 4989 847 5029 earum
875 4972 1058 5029 terras
1073 4975 1140 5027 ad
1169 4973 1450 5026 audiendas
1496 4972 1712 5024 alterca-

139 5045 292 5099 tiones
321 5045 540 5116 ingredi,
581 5045 728 5114 freda
758 5046 820 5097 de
848 5044 1153 5116 quibuslibet
1177 5044 1343 5116 causis
1375 5043 1589 5116 eminere,
1622 5052 1706 5096 nul

138 5113 426 5185 mansionEs
452 5115 528 5169 vel
573 5113 798 5185 paratas
824 5113 1017 5168 tellere.
1061 5114 1157 5185 Α]ιί
1209 5113 1346 5178 apud
1377 5113 1709 5185 illumullum,

139 5183 230 5240 lib.
263 5200 299 5252 ι,
333 5185 494 5240 form.
541 5182 595 5245 δ’,
626 5184 718 5248 27,
773 5183 863 5248 28,
910 5191 1017 5237 etc.
1061 5182 1574 5252 quueverbornni
1612 5185 1716 5236 cir-

140 5251 289 5308 cuitu
307 5253 440 5308 nihil
466 5253 608 5308 aliud
637 5255 878 5322 intelligi,
911 5266 1068 5322 quam
1098 5261 1153 5304 ut
1177 5251 1337 5319 judex
1370 5252 1420 5304 iu
1447 5251 1628 5322 terris,
1662 5253 1712 5306 in

138 5324 330 5390 quibus
361 5325 667 5378 immunitas
709 5320 963 5377 concessa
1017 5331 1118 5387 est,
1162 5323 1249 5391 jus
1282 5336 1387 5375 non
1427 5320 1586 5387 dicat,
1626 5332 1717 5376 aut

135 5392 395 5461 justitiam
425 5408 530 5448 non
571 5402 838 5448 exerceat.

212 5473 236 5500 ο
279 5463 492 5519 Scarus.
525 5463 752 5530 Angaria
784 5463 837 5516 in
865 5460 1014 5531 equis
1039 5459 1122 5515 vel
1151 5458 1271 5531 aliis
1295 5458 1549 5531 servitiis.
1583 5460 1717 5516 lline

139 5529 376 5586 Caesarie
407 5529 831 5588 Heisterbacensi
880 5529 1096 5586 Scamm
1141 5530 1324 5599 facere,
1367 5539 1439 5582 est
1485 5530 1714 5594 domino,

139 5603 348 5667 quando
377 5605 483 5667 ipse
501 5605 738 5671 jusserit,
756 5602 958 5668 servire,
991 5609 1036 5656 et
1065 5601 1298 5654 nuntium
1329 5602 1438 5670 ejus
1465 5615 1554 5654 seu
1579 5599 1717 5654 litte-

142 5686 228 5723 ras
258 5672 326 5724 ad
357 5672 519 5724 locum
549 5672 641 5723 s'bi
663 5672 1048 5726 delerminatum
1074 5671 1286 5740 deferre.

219 5740 244 5778 σί
273 5740 692 5797 Afansionaticos.
740 5742 1077 5803 locutubebat
1119 5739 1536 5810 producialibus
1565 5757 1715 5819 .onus

1887 4493 1906 4532 ί
1948 4494 2550 4570 De_carrigi_o.n\leclura
2599 4503 2720 4552 cum
2766 4513 2944 4566 carro,
2986 4514 3144 4570 quam
3175 4500 3396 4554 domino

1817 4567 2145 4634 prmsfabant
2168 4565 2388 4634 subditi.

1839 4632 2040 4706 ’μοι
2084 4633 2402 4706 parafredos.
2450 4635 2582 4704 Equi
2630 4635 2696 4690 ad
2742 4639 3080 4706 equitaudnm
3137 4638 3397 4693 ministris

1813 4704 2043 4777 publicis
2095 4703 2361 4777 exitiberi_
2390 4703 2650 4777 consueti.
2699 4703 2929 4774 Capitol.
2961 4707 3136 4759 Caroli
3196 4707 3398 4777 Magni,

1815 4775 1910 4827 lib.
1945 4789 2001 4835 ll,
2030 4787 2080 4828 c.
2125 4773 2231 4826 16:
2272 4792 2290 4825 ι
2327 4774 2427 4838 Qui
2476 4773 2872 4841 legationes’ad
2923 4790 3018 4828 nos
3064 4773 3304 4830 directas
3342 4777 3396 4831 iu

1814 4845 1928 4896 suis
1947 4842 2316 4914 mansionibus
2343 4853 2432 4895 aut
2461 4847 2597 4896 male
2625 4845 2907 4914 recipiunt,
2934 4854 3026 4898 aut
3053 4847 3396 4900 coiisﬁtutam

1815 4927 1842 4964 a
1871 4911 2026 5032 tiobits
2056 4913 2332 4979 pecuniam
2373 4928 2479 4966 non
2524 4911 2783 4982 tribuunt,
2827 4926 2917 4969 aut
2947 4919 3237 4984 paravreJa
3268 4918 3402 4970 date

1816 4997 1883 5032 llO
1911 4997 1976 5032 llll
2009 5018 2024 5032 .
2063 4999 2081 5032 ι

1816 4989 2024 5034 uolunt.
2063 4999 2081 5032 ι

1887 5046 1914 5086 Ιι
1947 5047 2156 5106 Franci.
2192 5051 2302 5104 Hoc
2344 5052 2462 5106 loco
2511 5052 2782 5118 Francus,
2833 5054 2907 5107 uti
2952 5068 3094 5121 saepe
3136 5053 3265 5107 alias
3299 5068 3402 5120 pro

1818 5120 2244 5193 hominelibero
2267 5131 2322 5175 et
2368 5125 2586 5193 ingenua
2631 5127 2772 5192 apud
2811 5120 3042 5193 veteres,
3089 5133 3394 5193 usurpatur.

1820 5189 2194 5262 Vidalﬂckbart
2221 5192 2343 5245 Rer.
2373 5189 2632 5258 Francia,
2663 5189 2755 5249 lib.
2780 5210 2912 5260 χιιι,
2940 5209 2994 5249 n.
3025 5192 3078 5258 9,
3113 5208 3167 5262 p.
3196 5191 3320 5245 577.

1896 5269 1908 5296 ι
1935 5260 2311 5332 Ηίετίὺαηηιιηι,
2332 5265 2410 5315 vel
2433 5263 2799 5318 bannnm.V0x
2817 5260 3202 5332 cutupositajex
3219 5262 3395 5332 illeer,

1819 5331 2119 5401 exercitus,
2147 5341 2201 5385 et
2246 5332 2488 5398 bonnnm,
2537 5335 2676 5401 quod
2724 5345 2807 5388 est
2851 5331 3052 5396 citatio,
3096 5331 3267 5401 jussio
3297 5346 3396 5386 seu

1818 5399 2053 5454 iudielio.
2082 5399 2372 5469 Usurpatur
2392 5399 2567 5456 autem
2588 5419 2685 5458 vox
2709 5403 3062 5458 Heribuimum
3084 5399 3178 5469 pro
3200 5403 3400 5456 mttlcta

1818 5485 1936 5541 qua:
1962 5470 2012 5523 iu
2041 5471 2331 5524 exercitum
2365 5485 2606 5540 pergere,
2634 5481 2754 5541 post
2783 5475 3011 5528 bannum
3036 5481 3091 5526 et
3118 5471 3398 5525 submoui-

1821 5537 2039 5614 tiottem,
2072 5537 2430 5614 contemnenti
2459 5537 2808 5614 indicebatur.

1899 5607 1913 5657 i
1953 5607 2348 5663 Conﬁrmaruut
2392 5613 2503 5667 haec
2547 5613 2740 5671 deinde
2783 5627 2922 5668 anno
2949 5610 3056 5667 216
3088 5611 3400 5668 Ludovicus

1820 5687 1874 5732 et
1904 5677 2184 5734 Lotharius
2214 5681 2356 5749 itnpp
