3964 6344
610 323 748 386 1055

1523 328 1582 385 ιι.
1623 328 1870 384 cauom
1909 327 2116 384 MAGNI
2155 323 2303 390 ore.
2338 328 2515 386 mas
2553 331 2591 398 ι,
2631 307 2868 390 SECTlO
2907 333 2969 388 ιι.

3733 350 3849 405 ίῦὅέῖ

606 452 760 502 quam
781 435 991 502 futuris,
1017 446 1197 494 notum
1221 439 1311 505 sit,
1335 439 1561 509 qualiter
1582 440 1848 501 dominus,
1878 450 1930 496 et
1959 441 2165 509 genitor
2200 442 2247 497 Α
2276 441 2427 495 nibus
2452 441 2736 512 episcopis,
2767 445 3071 515 abbatibUS,
3095 449 3399 520 comitibu8,
3433 457 3750 526 vestrisque
3776 464 3843 528 ju-

613 539 796 581 Imster
837 530 986 582 bona:
1037 532 1308 586 memoria:
1342 531 1596 600 Pippinus
1636 533 1898 600 quondam
1943 546 2032 586 rex
2065 547 2176 585 mo-

604 619 914 683 nasterium,
947 620 1088 687 quod
1122 629 1341 684 Vocatur
1380 620 1612 683 Prumia,
1644 622 1694 674 in
1753 621 1958 675 honore
2006 620 2176 675 sancti

602 704 894 770 Saivatoris
916 724 944 760 a
977 724 1115 763 novo
1143 709 1449 763 ﬁtndamino
1475 711 1617 764 visus
1631 710 1996 777 sittcdiﬁcare,
2015 722 2066 765 et
2087 726 2173 766 res

608 796 807 850 ﬁscalis
830 813 891 850 ac
913 799 1252 866 prOprietatis
1279 800 1343 852 ad
1378 801 1548 866 ipsum
1575 811 1813 856 sanctum
1839 802 2010 859 locum
2033 802 2178 856 visus

603 887 697 940 fuit
728 888 1002 958 delegasse
1027 901 1078 944 et
1101 889 1152 943 in
1185 892 1429 956 omnibus
1453 891 1820 958 conﬁrmasse,
1846 893 1931 946 ubi
1958 909 2178 948 venera-

598 976 760 1031 bilem
797 979 967 1033 virum
1008 981 1294 1045 Assuerum
1325 982 1568 1042 abbatem
1601 999 1702 1037 una
1733 999 1851 1038 eum
1896 986 2177 1038 monacho-

599 1083 716 1121 rum
743 1078 934 1138 tortna,
961 1080 1223 1138 rectorem
1249 1088 1476 1141 prteesse
1496 1073 1790 1142 constituit,
1807 1086 1860 1130 et
1885 1076 2174 1128 secundum

601 1155 841 1227 ordinem
890 1169 1133 1222 sanctum
1186 1161 1315 1216 illud
1350 1163 1522 1216 locum
1577 1164 1872 1232 gubernare
1905 1165 2173 1233 praecepit,

598 1249 740 1308 unde
785 1251 1068 1319 praedictus
1098 1254 1254 1318 abba,
1285 1264 1337 1308 et
1366 1255 1613 1309 monachi
1661 1257 1712 1310 in
1764 1257 1881 1325 ipso
1932 1257 2176 1310 emnobio

599 1339 984 1410 consistentes,
1042 1343 1339 1397 clementia:
1384 1344 1527 1412 regni
1579 1346 1744 1398 nostri
1794 1345 2079 1412 petierunt,
2122 1355 2178 1399 ut

598 1427 699 1496 ipsi
727 1429 990 1496 homines,
1015 1448 1172 1502 quem
1203 1433 1475 1498 dominus,
1505 1446 1556 1488 et
1583 1437 1793 1504 genitor
1823 1443 2002 1490 noster
2026 1448 2176 1490 bona:

601 1520 876 1572 memoria:
909 1521 1162 1590 Pippinus
1188 1524 1458 1590 quondam
1489 1539 1583 1582 rex
1612 1525 1677 1579 ad
1707 1525 1876 1592 ipsum
1911 1536 2176 1580 monaste-

597 1607 736 1662 rium
769 1613 1056 1679 concessit,
1083 1611 1162 1666 vel
1193 1612 1481 1681 delegavit,
1514 1616 1566 1670 in
1598 1615 1713 1685 ipsa
1748 1627 1950 1680 tenore,
1972 1627 2025 1672 et
2049 1631 2177 1672 con-

595 1701 897 1780 suetudine,
924 1701 1059 1756 sicut
1103 1715 1258 1761 antea
1306 1704 1534 1771 fuerunt,
1588 1717 1642 1761 ct
1683 1709 1862 1762 exteri
1893 1715 1919 1743 ⁸
1947 1707 2175 1762 ﬁscalini

597 1801 722 1865 sunt
755 1794 943 1862 nostri,
988 1795 1188 1862 absque
1231 1796 1452 1866 alicujus
1495 1799 1915 1856 c0ntradictione
1961 1801 2025 1854 ad
2064 1800 2173 1870 jam

597 1882 741 1936 dicto
773 1884 888 1936 loco
917 1884 1148 1955 debeant
1178 1902 1510 1955 permanere,
1538 1900 1643 1942 tam
1675 1891 1743 1944 de
1769 1905 1957 1946 causas
1985 1906 2170 1956 eorum

597 1975 652 2028 iu
682 1978 978 2047 responsis,
1011 1995 1272 2048 quamque
1296 1981 1477 2047 aliam,
1520 1983 1688 2049 legem
1720 1984 1803 2038 vel
1833 1984 2173 2046 consuetudi-

597 2079 741 2132 nem,
763 2067 899 2121 sicut
930 2069 1117 2138 reliqui
1150 2069 1282 2123 infra
1313 2086 1474 2140 regna
1513 2083 1689 2128 neStra
1716 2073 1990 2129 habuerint
2020 2075 2178 2129 lisca-'

604 2155 720 2225 lini,
756 2166 810 2210 et
831 2169 982 2229 antea
1013 2160 1065 2214 in
1095 2176 1520 2232 unumquemque
1550 2178 1684 2233 pago
1717 2163 2012 2230 habuerunt
2038 2180 2171 2224 con-

597 2250 960 2324 suetudinem.

663 2340 829 2410 Cujus
855 2359 952 2397 nos
978 2354 1194 2414 propter
1223 2362 1418 2402 nomen
1447 2348 1654 2402 Domini
1681 2356 1733 2403 et
1761 2347 2172 2413 animmnostra:

595 2435 918 2504 remedium,
952 2452 1133 2492 eorum
1157 2439 1501 2507 petitionibus
1527 2441 1858 2510 nequivimus
1888 2442 2170 2510 denegare,

591 2524 687 2578 sed
742 2525 793 2578 in
843 2527 1089 2582 omnibus
1130 2531 1460 2597 praestitisse,
1497 2541 1550 2586 et
1589 2532 1933 2586 conﬁrmasse
1976 2546 2170 2600 cogno-

595 2616 752 2670 scite.
786 2615 1166 2686 Prmcipientes
1192 2635 1317 2688 ergo
1336 2621 1777 2690 jubemus,atqtte
1810 2621 2167 2690 prwcipitnus,

591 2716 652 2779 ut
702 2707 876 2762 nullus
920 2709 1170 2779 quislibet
1224 2711 1291 2765 de
1345 2709 1589 2773 ﬁdelibus
1642 2711 1860 2776 nostris,
1909 2724 2078 2778 neque
2106 2710 2172 2765 de

592 2796 876 2867 judiciaria
909 2809 1194 2867 potestate,
1229 2800 1317 2870 qui
1335 2800 1446 2870 jam
1480 2800 1582 2853 tata
1612 2814 1733 2854 casa
1762 2799 1855 2855 Dei
1889 2800 1968 2855 vel
2000 2812 2169 2855 recto.

592 2903 679 2943 res
703 2888 836 2956 ejus,
868 2904 965 2944 nec
994 2889 1236 2946 homines
1283 2891 1348 2945 ad
1396 2892 1564 2960 ipsum
1595 2900 1837 2944 sanctum
1867 2889 2038 2943 locum
2071 2890 2166 2945 de-

591 2983 914 3048 servientes,
967 2981 1126 3053 quem
1185 2983 1444 3038 Dominus
1501 2999 1564 3037 ac
1619 2986 1825 3052 genitor
1870 2992 2052 3037 noster
2097 2983 2169 3039 ibi

591 3075 877 3140 concessit,
906 3073 973 3127 de
1001 3073 1099 3128 hac
1128 3089 1187 3129 re
1233 3074 1550 3143 inquietare,
1595 3089 1695 3128 nec
1729 3073 2046 3128 calumniam
2075 3089 2170 3145 gc-
2199 3081 2226 3145 ε

2197 3124 2244 3188 C

592 3178 782 3233 nerare
831 3163 1131 3228 nullatenus
1191 3164 1560 3234 prresumatis,
1614 3165 1749 3230 nisi,
1805 3175 1863 3220 ut
1913 3166 2166 3234 diximus,

593 3254 816 3317 nostris,
847 3263 901 3308 et
939 3254 1131 3309 futuris
1181 3255 1533 3322 temporibus,
1575 3255 1712 3311 sicut
1759 3264 2044 3325 antequam
2073 3256 2169 3309 do-

594 3344 772 3397 minus
803 3359 863 3397 ac
890 3346 1098 3414 genitor
1119 3354 1302 3402 noster
1326 3359 1419 3398 eos
1445 3344 1512 3398 ad
1535 3344 1895 3413 superscripta
1923 3359 2044 3399 casa
2075 3344 2168 3399 Dei

593 3435 913 3503 delegasset,
939 3436 1178 3504 partibus
1215 3437 1327 3490 suis
1355 3436 1750 3491 deservierunt.

664 3527 737 3579 lta
767 3527 926 3582 simili
958 3530 1116 3582 modo
1153 3526 1218 3581 ad
1264 3527 1494 3582 eundem
1537 3536 1779 3581 sanctum
1812 3526 1986 3581 locum
2029 3527 2080 3581 in
2107 3543 2169 3583 ea

594 3623 781 3669 tenore
808 3615 1082 3670 deservire
1111 3615 1359 3679 debeant,
1404 3624 1507 3668 tam
1553 3615 1604 3668 in
1654 3616 1926 3684 responsis
1968 3615 2168 3686 dando,

500 3759 506 3764 ,
594 3718 862 3772 quamque
913 3714 968 3778 et
1008 3705 1264 3774 reliquam
1314 3705 1517 3774 legem,
1570 3719 1632 3758 ac
1687 3704 2163 3774 consuetudinem,

590 3794 728 3858 sicut
757 3794 935 3848 czeteri
968 3793 1191 3849 ﬁscalini
1224 3794 1420 3849 habere
1441 3793 1705 3848 videntur.

664 3884 728 3938 Et
751 3895 806 3939 ut
837 3884 948 3938 haec
975 3885 1260 3953 praeceptio
1293 3884 1494 3938 ﬁrmior
1526 3884 1806 3946 habeatur,
1835 3875 2022 3955 ac'per
2044 3895 2170 3939 tem-

595 3989 729 4046 pora
759 3975 949 4030 melius
973 3965 1340 4043 conservetur,
1366 3989 1521 4026 manu
1553 3975 1760 4040 propria
1788 3974 1969 4028 subter
1993 3975 2169 4043 ﬁrma,-

590 4070 786 4134 vimus,
817 4078 871 4122 et
897 4067 1097 4121 annulo
1129 4076 1310 4121 nostro
1339 4064 1568 4134 sigillarc
1593 4064 1870 4134 iussimus.

659 4160 878 4227 Signum
906 4157 1080 4213 Caroli
1108 4155 1470 4226 gloriosissimi
1506 4159 1665 4222 regis.
2165 4230 2168 4232 Ι

661 4250 790 4319 Data
845 4264 1030 4304 mense
1084 4246 1399 4320 Novembris
1445 4244 1472 4284 δ
1528 4261 1668 4301 anno
1698 4254 1872 4322 vutct
1913 4262 1968 4306 vt
2021 4249 2167 4317 regni

590 4341 783 4400 nostri.

661 4433 849 4484 Actum
880 4429 1186 4484 Theodonis
1227 4431 1346 4482 villa
1377 4428 1602 4498 publice,
1637 4429 1688 4481 in
1722 4427 1815 4484 Dei
1848 4429 2062 4483 nomine
2093 4427 2166 4484 fe-

590 4520 785 4589 licitcr,
818 4535 997 4575 amen.
1338 4592 1403 4648 lx

591 4682 804 4749 Carolus
849 4682 1070 4754 Magnus
1102 4685 1404 4751 monasterio
1446 4681 1700 4750 Laureslt,
1729 4665 2070 4754 priuilegium
2105 4681 2169 4733 li-

662 4751 1135 4894 ἳειταιὶἓ-ξξόηεεαὶι
1177 4771 1280 4808 una
1329 4771 1446 4808 cum
1482 4754 1642 4810 libera
1684 4752 1879 4805 abbatis
1929 4751 2170 4806 electione

688 4840 821 4877 turno
894 4840 951 4876 to
982 4863 999 4881 .

796 4925 889 4987 (Ex
910 4926 1155 4989 Helvich.,
1181 4927 1504 4988 Antiquitates
1524 4923 2014 4983 Laureshamenses.)

659 5016 883 5072 Karolus
908 5018 1006 5081 Dei
1023 5018 1192 5088 gratia
1215 5033 1309 5073 rex
1340 5017 1664 5086 Francorum
1690 5017 1769 5074 vir
1801 5001 2028 5077 illuster,
2051 5012 2166 5068 om;

663 5159 688 5186 ο
720 5149 990 5204 Fisca’ini.
1023 5149 1277 5217 Homines
1302 5165 1394 5204 seu
1427 5149 1565 5204 servi
1593 5147 1812 5203 ﬁscalini
1843 5147 1896 5201 in
1926 5147 2163 5200 nonnul-

589 5220 656 5275 lis
679 5219 982 5288 benigniore
1000 5222 1118 5288 jure
1140 5221 1425 5276 utebantur
1445 5233 1602 5287 quam
1625 5217 1763 5272 servi
1781 5219 2154 5288 privatorum:

588 5304 783 5365 nempe
804 5285 1220 5365 admittebantur
1250 5292 1314 5365 ad
1347 5285 1985 5365 tcSti‘monii-dictionetn‘;
2020 5285 2162 5365 injur-

589 5362 684 5414 riae
718 5356 800 5413 eis
844 5360 1002 5414 illata:
1043 5361 1440 5415 vindicabantur
1485 5360 1760 5423 severius;
1807 5356 2034 5425 amplior
2083 5356 2162 5425 cis

589 5439 705 5504 erat
747 5438 976 5498 potestas
1026 5430 1092 5484 de
1122 5431 1299 5504 rebus
1320 5431 1430 5484 suis
1463 5431 1602 5504 inter
1635 5429 1793 5504 vivos
1821 5424 2159 5504 disponendi,

589 5497 660 5568 ita
693 5495 906 5565 taincn,
951 5508 1008 5553 ut
1046 5515 1148 5555 non
1200 5499 1300 5553 nisi
1349 5502 1509 5554 certis
1557 5497 1872 5568 quibusdam
1920 5495 2161 5568 ecclesiis

591 5563 730 5638 bona
784 5563 901 5622 sna
929 5570 1130 5625 donare
1173 5571 1253 5625 vel
1297 5573 1526 5626 vendere
1571 5563 1807 5638 possent,
1849 5574 1964 5638 etc:
2001 5564 2156 5619 Conf.

589 5634 916 5706 Pougicﬁer,
945 5639 1011 5693 de
1039 5642 1189 5696 Statu
1220 5657 1384 5706 θοι-γ..
1418 5641 1507 5694 lib.
1543 5634 1585 5705 ιζ
1611 5653 1728 5706 cap.
1761 5636 1815 5700 ll,
1848 5652 1901 5689 ιι.
1921 5635 1987 5706 γ’1.

663 5706 692 5745 b
736 5707 887 5781 Anno
911 5724 1000 5762 vnt
1033 5722 1077 5763 et
1110 5726 1160 5764 ιι
1189 5713 1330 5781 regni
1374 5705 1552 5764 nostri.
1596 5705 1766 5781 “cete
1790 5705 2156 5781 ltoc_loco_ob-

590 5786 806 5844 servant
835 5777 1062 5834 Martcne
1091 5791 1143 5834 et
1175 5776 1384 5836 Durand
1430 5795 1663 5836 errorem
1717 5777 1936 5843 librarii,
1969 5776 2056 5844 qui
2103 5791 2153 5828 vt

2276 533 2534 598 nioribus,
2565 543 2723 604 atque
2762 537 2938 592 missis
2965 540 3163 595 nostris
3189 540 3634 602 discurrentibus
3661 568 3673 601 :
3702 551 3845 618 Quic-

2274 625 2400 693 quid
2427 641 2520 692 pro
2559 628 2921 694 Oportunitate
2959 629 3314 688 Eeclesiarum
3358 637 3438 691 vel
3467 640 3666 706 quiete
3691 657 3847 696 servo-

2275 732 2392 770 rum
2425 717 2517 772 Dei
2548 721 2894 787 erexerimus,
2916 722 3018 777 hoc
3043 725 3196 786 nobis
3226 731 3408 796 procul
3436 731 3616 784 dubio
3642 732 3840 790 Domino

2275 806 2558 874 adjuvante
2586 809 2651 862 ad
2692 820 2946 866 aeternam
2986 813 3365 873 beatitudinem
3399 822 3681 888 proﬁcere
3706 829 3846 880 conﬁ-

2275 899 2469 953 dimus.
2499 900 2657 970 Igitur
2684 902 2809 956 dum
2841 915 3030 960 vestra:
3059 909 3294 964 solertiae
3334 923 3527 968 uotum
3565 927 3674 980 est,
3706 921 3847 988 quali-

2279 999 2358 1044 ter
2381 990 2532 1045 bonn
2561 995 2943 1050 recordationis
2968 997 3194 1052 domnus
3220 1000 3581 1074 Ruotgangtts
3603 1007 3846 1078 archiepi-

2276 1097 2469 1151 scopus
2534 1085 2853 1158 [episcopus]
2919 1089 2973 1143 in
3031 1083 3362 1149 monasterio
3425 1098 3583 1164 quod
3645 1112 3841 1157 vocatur

2277 1171 2621 1235 Lauresham,
2655 1175 2795 1244 quod
2819 1176 2867 1231 ei
2898 1193 2992 1245 per
3031 1180 3367 1237 traditionem
3392 1183 3776 1244 Williswinda
3802 1205 3844 1246 et

2275 1261 2522 1316 Cancrini
2546 1264 2852 1331 obvenerat,
2879 1271 3256 1326 monachorum
3273 1281 3523 1344 turmam,
3563 1293 3673 1332 non
3702 1281 3842 1336 modi-

2275 1366 2390 1404 cam
2418 1365 2634 1420 propter
2660 1357 2937 1412 servitium
2961 1361 3343 1432 omnipotentis
3368 1365 3465 1421 Dei
3511 1369 3837 1427 coadunavit:

2279 1444 2363 1495 nhi
2395 1445 2464 1498 ob
2491 1447 2745 1513 integram
2776 1447 3114 1524 devotionem
3148 1466 3394 1520 sanctum
3433 1475 3647 1527 corpus
3675 1464 3840 1517 beatis-

2277 1536 2394 1589 simi
2425 1535 2634 1591 Nazarii
2686 1543 3006 1609 recondidit,
3038 1560 3201 1614 supra
3249 1550 3392 1617 quod
3422 1555 3605 1608 etiam
3652 1557 3835 1610 Gunde-

2280 1629 2494 1700 landntn
2517 1633 2819 1691 monasterii
2841 1634 3085 1690 abbatem
3106 1650 3262 1705 atque
3291 1640 3577 1698 hrcredem
3608 1645 3659 1700 in
3682 1648 3835 1702 eodem

2280 1730 2463 1773 sancto
2497 1724 2611 1774 loco
2641 1732 2763 1791 post
2790 1737 2848 1778 se
2888 1725 3034 1780 visus
3063 1738 3146 1784 est
3192 1731 3501 1800 reliquisse.
3533 1737 3640 1790 Sed
3687 1739 3854 1806 postea'

2207 1787 2402 1864 Bdum
2451 1787 2696 1878 puerulus
2748 1815 3126 1875 Gundelandus
3172 1787 3337 1876 abbas
3383 1837 3646 1880 cerneret
3689 1787 3832 1897 ipsius

2277 1904 2445 1958 Sancti
2488 1904 2587 1960 loci
2637 1907 2916 1964 imminere
2960 1911 3246 1978 periculum
3275 1957 3288 1979 ,
3345 1924 3517 1983 atque
3567 1933 3828 1982 vereretur,

2278 2007 2344 2047 ne
2369 1993 2627 2048 desolatio
2668 2007 2883 2065 pmpter
2921 1999 3264 2057 intentionem
3313 2004 3628 2072 iniquorum
3686 2011 3826 2064 homi-

2276 2101 2400 2138 ntnn
2431 2096 2484 2141 et
2529 2087 2656 2155 ipsis
2695 2091 2972 2146 monachis
3003 2093 3173 2160 ﬁeret,
3216 2095 3282 2149 ad
3320 2108 3566 2163 nostram
3609 2103 3741 2158 visus
3766 2120 3829 2159 cst

2274 2177 2566 2231 accessisse
2590 2181 2947 2252 praesentiam,
2973 2185 3061 2252 qui
3086 2193 3139 2240 et
3169 2185 3344 2254 ipsum
3385 2196 3761 2250 monasterium
3787 2200 3826 2251 ia

2275 2281 2434 2320 manu
2478 2279 2656 2322 nostra
2688 2271 2926 2337 tradidit,
2978 2275 3138 2328 etiam
3170 2286 3221 2332 et
3253 2293 3435 2335 secum
3482 2299 3692 2341 omnem
3718 2304 3827 2344 con-

2272 2359 2636 2427 gregationcm
2683 2375 2830 2416 suam
2864 2364 2914 2416 in
2944 2366 3366 2424 mundebnrdem
3398 2382 3451 2426 et
3480 2373 3825 2434 defensionem

2277 2457 2512 2504 nostram
2564 2451 2770 2519 plenius
2810 2455 3260 2513 commendavit:
3313 2477 3464 2527 quem
3515 2481 3611 2520 nos
3662 2483 3826 2536 grato,-

2275 2539 2404 2595 lanti
2460 2543 2639 2596 animo
2695 2551 2801 2598 tam
2889 2553 3106 2614 propter
3178 2550 3435 2606 mercedis
3492 2569 3820 2624 augmentum

2273 2645 2430 2715 quam
2462 2641 2516 2687 et
2548 2647 2644 2702 pro
2673 2633 2861 2689 eodem
2904 2651 3062 2706 grege
3089 2639 3336 2695 saivando
3365 2643 3454 2696 visi
3485 2643 3671 2700 ruimus
3695 2664 3814 2716 per-

2272 2721 2498 2788 cepisse.
2544 2721 2703 2796 Petiit
2745 2724 2905 2779 etiam
2950 2739 3279 2785 memoratus
3307 2731 3455 2787 abbas
3498 2735 3689 2805 suique
3717 2753 3824 2791 tuo-

2273 2815 2426 2869 nachi
2455 2815 2614 2870 talem
2650 2829 2679 2883 a
2709 2817 2863 2879 nobis
2885 2817 3284 2888 auctoritatem,
3319 2831 3373 2876 nt
3413 2825 3822 2898 quatiescumque

2273 2905 2517 2962 abbatem
2545 2907 2653 2977 jam
2693 2907 2821 2964 dicti
2865 2913 3174 2968 monasterii
3207 2929 3274 2970 ex
3303 2915 3406 2971 hoc
3435 2919 3718 2989 contigerit
3753 2936 3817 2976 se-

2274 2998 2397 3052 culo
2426 2999 2656 3068 migrare
2702 3000 2766 3054 ad
2799 2999 3105 3071 Dominum,
3150 3005 3289 3059 inter
3335 3021 3397 3061 se
3441 3023 3604 3076 quem
3643 3012 3815 3079 dignum

2274 3090 2493 3146 honoris
2535 3091 2694 3161 hujus
2737 3092 3037 3150 invenerint
3091 3097 3418 3154 unanimiter
3445 3115 3517 3155 ex
3565 3104 3811 3172 semetipsis

2273 3182 2473 3249 eligere
2509 3181 2789 3238 deberent.
2834 3184 3070 3249 Quorum
3103 3187 3361 3256 petitione
3393 3189 3466 3244 ob
3500 3192 3805 3260 amorede

2273 3280 2328 3326 et
2359 3281 2556 3350 nostrae
2579 3272 2843 3328 mercedis
2866 3274 3138 3330 cumulum
3169 3278 3529 3345 nequivimus
3561 3281 3787 3350 denegare:

2271 3366 2364 3416 sed
2394 3362 2467 3416 ita
2507 3363 2821 3430 praestitisse
2868 3365 2952 3420 vel
3005 3365 3056 3420 in
3089 3366 3335 3422 omnibus
3377 3371 3787 3439 conﬁrmasses:

2270 3455 2530 3533 gnoscite.
2566 3453 2943 3524 Praecipientes
2967 3455 3106 3510 enim
3127 3457 3396 3526 jubemus,
3421 3462 3559 3530 quia
3587 3465 3797 3533 cognosti-

2272 3529 2390 3599 mus
2418 3544 2558 3614 quod
2586 3545 2699 3612 ipsa
2728 3545 3070 3619 congregatio
3109 3538 3208 3602 sub
3258 3558 3407 3604 recto
3436 3529 3811 3624 ordine'vivcre,

2270 3643 2324 3689 et
2353 3635 2402 3687 in
2445 3634 2628 3704 regula
2659 3634 2718 3690 S.
2770 3635 3049 3707 Benedicti
3095 3641 3403 3695 conversari
3457 3641 3740 3708 desiderat,
3776 3652 3817 3696 ιιι

2272 3737 2455 3782 nostro
2486 3728 2695 3794 quidem
2721 3728 2983 3797 permisso
3001 3744 3211 3799 semper
3231 3746 3395 3800 super
3409 3749 3474 3789 se
3503 3750 3574 3790 ex
3599 3737 3703 3806 ipsa
3726 3750 3817 3790 cett-

2271 3819 2600 3900 gregatione,
2636 3818 2725 3887 qui
2768 3817 2879 3874 Deo
2909 3819 3248 3889 acceptabilis
3289 3820 3378 3885 sit,
3413 3823 3629 3893 eligere
3657 3825 3827 3879 valeant

2270 3910 2538 3975 abbatem,
2579 3919 2843 3977 quatenus
2888 3911 3027 3966 inter
3059 3911 3230 3981 ipsum
3275 3927 3525 3982 gregem,
3569 3918 3692 3986 quia
3732 3916 3825 3970 bni

2271 3999 2465 4056 ibidem
2495 4003 2800 4072 congregati
2830 4003 2882 4056 in
2911 4018 3074 4072 unum
3109 4013 3386 4071 prtestare,
3420 4021 3494 4062 ne
3517 4011 3645 4076 quis
3671 4023 3727 4063 ex
3755 4009 3824 4060 ad—

2271 4105 2430 4146 verso
2473 4107 2595 4148 eum
2635 4091 2996 4162 diripiendum
3060 4094 3330 4162 adveniat,
3384 4097 3479 4150 sed
3529 4097 3602 4152 de
3655 4099 3832 4168 proprio

2271 4197 2483 4252 semper
2510 4183 2744 4252 gaudere
2794 4193 3018 4254 patrono
3051 4186 3303 4239 valeant:
3336 4187 3462 4254 quia
3510 4189 3760 4241 nolumus
3786 4197 3827 4238 ιιι

2272 4289 2370 4343 per
2391 4274 2620 4343 aliquam
2650 4275 2989 4329 occasionem
3031 4275 3133 4342 ipsi
3159 4275 3429 4344 monachi,
3461 4290 3609 4345 quos
3638 4277 3830 4331 domnus

2271 4366 2631 4437 Ruodgangns
2686 4367 2844 4420 etiam
2901 4374 2956 4421 et
3014 4365 3396 4421 Gundelandus
3449 4366 3522 4420 ad
3575 4384 3716 4438 opus
3761 4366 3830 4419 Dei

2198 4475 2249 4535 ι)
2273 4459 2631 4514 exercendum
2663 4465 3149 4527 congregaverunt,
3189 4456 3297 4511 ullo
3326 4470 3563 4525 unquam
3612 4469 3833 4526 tempore

2271 4548 2467 4605 exinde
2496 4548 2710 4604 alienati
2739 4557 2830 4601 aut
2852 4547 3101 4618 dispersi,
3133 4560 3229 4602 nec
3258 4545 3355 4616 ipsi
3385 4561 3486 4602 nec
3508 4563 3834 4604 successores

2270 4658 2453 4698 eorum
2491 4655 2612 4696 esse
2640 4641 2907 4696 debeant:
2949 4641 3043 4695 sed
3094 4641 3230 4696 sicut
3269 4639 3320 4693 in
3354 4650 3694 4706 testamento
3724 4643 3839 4696 illius

2270 4736 2593 4803 donationis,
2625 4750 2781 4804 quam
2817 4750 2924 4804 per
2964 4733 3372 4790 Williswindam
3421 4744 3476 4789 et
3527 4735 3838 4791 Cancrinnm

2271 4828 2446 4896 atlepti
2475 4837 2620 4894 sunt,
2662 4827 2989 4891 continetur,
3023 4827 3094 4880 ita
3142 4825 3194 4881 in
3218 4820 3473 4881 omnibus
3503 4829 3658 4882 circa
3695 4829 3843 4896 ipsam

2269 4921 2731 4988 Congregatiouem
2755 4918 2824 4985 sit
2851 4926 3244 4984 conservatum,
3277 4926 3332 4971 ut
3355 4917 3572 4973 valeant
3614 4921 3843 4987 regulam

2271 5014 2327 5070 S.
2370 5012 2640 5080 Benedicti
2672 5011 3049 5082 perpetualitcr
3088 5013 3228 5068 sicut
3249 5012 3382 5068 ordo
3404 5011 3628 5078 edocet,
3653 5023 3713 5070 et
3742 5027 3847 5067 cor-

2271 5161 2363 5213 pro
2388 5161 2422 5197 ιι
2452 5144 2934 5213 apposuit;quippe
2947 5144 3086 5214 quod
3109 5144 3592 5214 ita_distinguend:e
3620 5147 3737 5201 sint
3759 5160 3846 5199 ιιοο

2269 5227 2336 5269 tm
2364 5217 2632 5270 chronica:
2671 5215 2816 5286 regni
2856 5215 3031 5269 Caroli
3075 5216 3245 5284 Magni
3287 5226 3343 5268 nt
3373 5216 3578 5269 initium
3618 5219 3778 5286 regni
3805 5217 3850 5269 in

2267 5285 2487 5353 Francia
2515 5301 2610 5353 sex
2641 5285 2796 5345 annis
2825 5293 3132 5339 antevertat
3163 5286 3366 5338 initiutn
3401 5287 3549 5352 regni
3592 5285 3846 5340 sui’Lon-

2264 5351 2558 5426 gobardici‘.
2582 5385 2654 5397 -
2671 5356 2837 5426 ίΑιιιιο
2864 5354 2968 5426 776
3001 5354 3337 5426 consignatur
3361 5351 3537 5426 obitus
3563 5354 3848 5426 Weomadi

2265 5423 2620 5489 nictrtipolilm
2665 5425 3046 5487 Trevirensis,
3102 5423 3237 5478 leSte
3291 5424 3598 5478 Mabiiimtio
3655 5423 3844 5478 Annal.

2265 5495 2560 5562 lienedict.,
2586 5505 2713 5550 tom.
2740 5495 2805 5562 ll,
2827 5495 2916 5560 lib,
2945 5509 3090 5558 xxxv,
3124 5509 3177 5559 tt.
3207 5493 3295 5547 67.
3318 5494 3441 5547 l‘ost
3471 5510 3592 5557 eunt
3626 5495 3850 5552 ltichbo-

2262 5567 2360 5620 dus
2387 5567 2660 5621 ordinatur
2688 5569 2999 5634 episcopus,
3044 5565 3140 5634 uti
3170 5565 3224 5626 in
3262 5563 3442 5624 Cestis
3472 5564 3846 5624 Trevirorum,

2260 5652 2378 5701 cap.
2404 5635 2474 5689 40
2506 5633 2735 5704 legitur:
2761 5636 2899 5690 nuila
2918 5634 3018 5694 alia
3039 5633 3234 5697 ibidem
3266 5635 3849 5703 ipsiuseotnntcmpra-

2263 5711 2404 5763 tione
2433 5709 2589 5763 facta.
