3964 6344
141 275 170 327 ί
185 273 294 329 οὔτ

441 267 672 327 CODEX
713 264 1810 324 DIPLOM.\TICUS.—PRlVILElilA.—
1837 264 1925 320 Ill.
1971 263 2211 321 PRIVIL.
2257 264 2390 320 PER
2432 263 2697 323 PARTES
2735 263 3134 322 GERMANUE.

3285 253 3422 327 4038

132 392 302 465 p‘oris
339 388 598 458 lragilitas
641 385 922 457 permittit,
967 386 1258 448 custodire,
1307 394 1360 440 et
1401 387 1500 441 sub
1543 391 1724 440 nostra
1753 353 2155 449 Aaquarumve
2195 378 2530 446 decursibus,
2581 380 2870 436 mobilibus
2923 390 2974 435 et
3026 381 3423 444 immobilibus;

135 486 236 554 (υι
287 475 548 543 diximus)
613 474 982 530 mundeburde
1028 474 1113 529 vel
1165 473 1473 529 defensione
1514 476 1565 530 in
1617 475 1734 544 ipso
1833 471 2106 541 omniaet
2132 484 2199 526 ex
2241 472 2488 528 omnibus
2525 472 2593 526 ad
2640 473 2916 543 praefatum
2947 486 3189 530 sanctum
3241 478 3419 533 locum

132 573 484 628 monasterio
539 569 717 638 quiete
758 569 943 622 vivere
995 569 1078 621 vel
1139 568 1391 622 residere.
1447 568 1735 637 Propterea

133 665 293 721 lianc
321 659 733 732 praeceptionem
761 668 998 712 nostram
1028 659 1106 713 eis
1145 658 1390 713 dedimus
1436 673 1530 727 per
1559 673 1728 724 quam

135 754 376 810 omnino
399 752 676 823 iubemus,
699 756 758 803 ut
787 749 964 803 nullus
985 749 1238 818 quislibet
1263 749 1332 804 de
1359 750 1733 819 episcoporum

134 847 428 918 personis,
463 845 517 898 in
546 843 700 910 cujus
729 841 977 911 parochia
1011 843 1180 903 ipsum
1212 842 1591 896 monasterium
1619 841 1740 896 l'un-

137 938 342 992 datum
369 949 490 990 esse
513 935 772 998 cernitur,
803 940 896 986 aut
933 929 1002 986 de
1030 933 1242 987 caeteris
1282 931 1587 987 hominibus
1621 933 1739 1002 quis

136 1026 269 1097 jam
295 1025 496 1079 dictum
526 1021 934 1078 Gundelandum
956 1021 1202 1076 abbatem
1235 1020 1318 1075 vel
1345 1021 1638 1076 monachus
1671 1037 1738 1077 ex

142 1117 284 1185 ipso
335 1113 662 1170 monasterio
715 1121 770 1167 et
818 1111 1081 1176 homines,
1120 1111 1210 1182 qui
1265 1110 1331 1165 ad
1369 1126 1461 1167 eos
1505 1112 1647 1182 juste
1688 1120 1742 1167 et

142 1207 555 1262 rationabiliter
590 1215 834 1274 spectare
857 1204 1128 1269 videntur,
1171 1203 1468 1274 inquietare
1494 1216 1584 1259 aut
1616 1221 1745 1259 con-

143 1300 390 1369 tingere,
420 1298 505 1354 vel
542 1307 732 1352 contra
781 1296 1000 1352 rationis
1029 1295 1272 1351 ordinem
1323 1296 1496 1353 facere
1545 1314 1746 1368 praesu-

146 1398 298 1456 mat,
331 1390 427 1445 sed
463 1399 676 1458 semper
706 1389 920 1443 valeant
946 1387 1048 1442 sub
1075 1396 1255 1443 nostra
1281 1387 1616 1456 defensione,
1647 1405 1742 1446 seu

147 1483 265 1536 sub
307 1480 596 1536 heredibus
645 1481 843 1534 nostris
873 1478 1020 1532 omni
1068 1488 1307 1547 tempore
1357 1479 1441 1548 (ut
1489 1479 1744 1550 diximus)

151 1572 336 1644 quieti
365 1570 622 1635 residere,
647 1578 702 1624 et
720 1583 784 1624 ea
806 1583 926 1638 qua:
954 1568 1059 1622 illis
1075 1576 1290 1637 propter
1313 1582 1508 1623 nomen
1535 1569 1755 1623 Domini

153 1662 557 1725 concessimus,
608 1661 748 1716 bene
819 1673 1033 1726 semper
1085 1659 1138 1712 in
1196 1659 1444 1712 omnibus
1493 1659 1742 1728 perfrui:

1838 557 2154 612 tradidimus
2186 560 2570 628 perpetualiter
2594 561 2661 614 ad
2706 562 3105 629 possidendum,
3135 576 3420 634 propterea

1838 645 1980 700 hanc
2031 654 2443 716 praeceptionem
2473 651 2808 706 auctoritatis
2839 661 3037 708 nostra:
3078 657 3425 712 conscribere

1835 738 2113 806 iussimus,
2162 749 2216 793 ut
2251 739 2318 793 ab
2363 740 2462 794 hac
2499 740 2586 795 die
2641 748 2747 795 tam
2795 753 3123 799 memoratus
3183 745 3425 803 Sturmio

1839 830 2023 895 abbas,
2054 836 2320 900 quamque
2347 831 2430 886 sui
2471 835 2800 888 successoris
2840 835 2930 905 qui
2971 833 3168 891 fuerint
3199 840 3427 897 rectoris

1841 923 2078 992 ejusdem
2100 923 2268 977 sancti
2289 924 2411 992 loci,
2448 925 2713 994 praedictis
2744 927 2904 983 rebus
2930 929 2996 983 ad
3025 945 3159 999 opus
3185 932 3295 1000 jam
3329 934 3414 988 di-

1841 1024 1943 1069 ctae
1988 1015 2230 1070 ecclesia:
2273 1017 2501 1071 habeant
2543 1028 2759 1074 teneant
2823 1029 2984 1091 atque
3025 1024 3334 1091 possideant
3369 1035 3426 1080 et

1841 1105 2088 1175 quicquid
2127 1106 2322 1160 exinde
2350 1108 2413 1160 ad
2445 1109 2741 1176 profectum
2766 1112 2937 1180 ipsius
2966 1116 3138 1168 sancti
3187 1115 3289 1170 luci
3347 1119 3427 1173 l‘a-

1842 1210 1962 1250 cere
2004 1197 2266 1266 elegerint
2321 1198 2546 1254 liberum
2620 1203 2965 1269 perfruantur
3011 1205 3318 1273 arbitrium,
3375 1215 3431 1263 et

1844 1286 2017 1341 nullus
2041 1287 2292 1358 quislibet
2317 1289 2384 1344 de
2409 1289 2688 1358 jndiciarla
2748 1303 3010 1362 potestate
3054 1306 3146 1352 aut
3186 1299 3427 1368 qualibet

1847 1391 2071 1446 persona
2103 1380 2359 1445 praedicto
2387 1381 2684 1436 Sturinioni
2702 1384 2900 1450 abbati,
2925 1401 3096 1456 neque
3120 1391 3431 1446 auctoribus

1845 1478 1938 1522 aut
1985 1471 2494 1541 successoribusque
2540 1473 2650 1528 suis
2687 1473 2753 1529 de
2801 1480 3112 1532 memoratis
3161 1481 3322 1536 rebus
3353 1483 3434 1536 in--

1847 1559 2169 1627 quietionem
2217 1563 2299 1616 vel
2341 1563 2663 1618 calumniam
2713 1579 2971 1632 generare
3026 1585 3236 1640 quoque
3293 1583 3430 1627 tem-

1849 1664 1981 1718 pore
2025 1665 2128 1704 non
2163 1663 2453 1720 presumat,
2501 1655 2598 1709 sed
2657 1666 2750 1724 per
2795 1665 3041 1712 nostrum
3097 1672 3434 1730 preceptum,

157 1765 433 1827 quatenus
481 1751 713 1806 delectet
765 1749 1014 1804 abbatem
1065 1749 1148 1804 vel
1189 1750 1481 1803 monachos
1509 1765 1576 1803 ex
1630 1749 1748 1818 ipso
1782 1731 1968 1809 Bjme
1999 1741 2100 1796 hoc
2136 1744 2348 1798 valeant
2395 1745 2674 1812 possidere
2730 1748 3119 1817 ﬁrmissimum,
3167 1762 3431 1820 quatenus

157 1845 500 1904 monasterio
530 1857 626 1912 pro
655 1841 814 1896 nobis
855 1851 910 1896 et
941 1850 1123 1896 nostra
1163 1840 1523 1909 subsequente
1554 1850 1756 1910 proge—

161 1939 263 1994 nie
290 1951 383 1991 seu
405 1945 564 2006 gente
595 1933 945 1997 Francorum,
980 1931 1188 1986 Domini
1220 1932 1644 1987 misericordiam
1675 1941 1756 1987 at-

160 2029 371 2085 tentius
401 2026 699 2094 deprecari.
730 2023 794 2077 Et
838 2033 894 2077 ut
926 2024 1042 2079 huic
1083 2023 1375 2078 auctoritas
1407 2023 1612 2078 ﬁrmior
1654 2024 1752 2077 ha-

165 2121 382 2179 beatur.
414 2116 496 2171 vel
529 2130 621 2183 per
651 2123 892 2180 tempora
923 2113 1116 2166 melius
1146 2123 1411 2176 servetur,
1440 2127 1599 2167 manu
1633 2119 1753 2181 pro-

165 2210 287 2280 pria
327 2208 510 2261 subter
553 2204 897 2268 ﬁrmavimus,
929 2211 984 2257 et
1029 2203 1099 2257 de
1137 2203 1334 2258 annulo
1381 2201 1566 2259 nostro
1611 2204 1756 2274 sigil-

166 2301 267 2355 lari
313 2295 592 2367 jussimus.

242 2390 468 2458 Signum
498 2384 675 2440 Karoli
723 2385 1091 2453 gloriosissimi
1133 2384 1293 2455 regis.

249 2478 533 2546 Witigowo
564 2473 876 2543 recognovi.

911 2604 1003 2680 .xu

191 2722 504 2785 Prteceptum
529 2717 696 2770 Caroli
724 2713 925 2784 Magni,
957 2730 1056 2779 quo
1096 2716 1322 2770 ecclesia:
1374 2747 1388 2760 κ
1408 2715 1612 2771 “(deum
1645 2717 1761 2771 Ηα.

312 2790 628 2842 maluiitourc
659 2788 766 2838 crint
793 2786 1076 2839 alliuentiis
1095 2786 1248 2838 donat
1278 2790 1436 2857 (anno
1469 2789 1623 2856 777).

534 2901 622 2964 (Ex
648 2899 924 2959 Schannat.,
951 2897 1079 2949 llist.
1103 2898 1400 2963 Fuldensis.)

261 3009 484 3064 Carolus
513 3011 676 3080 gratia
701 3013 790 3068 Dei
823 3027 914 3066 rex
949 3010 1277 3064 Francorum
1305 3017 1360 3062 et
1381 3007 1760 3077 Longobardo-

194 3115 309 3154 rum
356 3113 416 3153 ac
462 3102 716 3168 patricius
763 3101 1151 3164 Romanorum,
1203 3099 1454 3167 quicquid
1502 3099 1644 3153 enim
1693 3081 1836 3153 obC

192 3205 374 3244 amore
403 3191 609 3246 Domini
653 3201 706 3247 et
737 3192 1095 3262 oportunitate
1140 3187 1416 3244 servorum
1468 3190 1584 3252 Dei,
1629 3188 1763 3243 locis

186 3282 580 3339 venerabilibus
607 3285 972 3350 concedimus,
1002 3283 1103 3337 hoc
1133 3281 1284 3336 nobis
1297 3283 1361 3335 ad
1389 3280 1649 3336 mercedis
1665 3294 1763 3333 au-
1839 3291 1843 3295 '

181 3383 454 3445 gmentum
469 3377 551 3430 vel
579 3376 922 3430 stabilitatem
947 3377 1094 3445 regni
1118 3375 1283 3429 nostri
1309 3373 1573 3443 pertinere
1595 3373 1765 3426 conﬁe’

181 3467 360 3520 dimus
388 3481 404 3521 :
448 3475 774 3535 quapropter
809 3475 1122 3535 conpertum
1156 3467 1227 3519 sit
1261 3465 1498 3519 omnium
1530 3464 1764 3518 ﬁdelium

183 3567 490 3612 nosuorum
531 3557 905 3627 magnitudini,
940 3558 1168 3624 qualiter
1201 3558 1463 3612 donamus
1491 3557 1558 3610 ad
1589 3571 1768 3611 mona-

183 3648 411 3703 srerium
434 3647 608 3712 Fulta,
638 3647 781 3716 quod
805 3657 888 3701 est
910 3646 963 3701 in
989 3647 1192 3700 honore
1219 3647 1496 3702 beatorum
1532 3647 1674 3702 Petri
1708 3655 1766 3700 et

189 3737 344 3792 Pauli
381 3739 432 3791 in
481 3738 623 3808 Pago
647 3737 890 3806 Graplett
919 3747 1310 3803 consuuctum,
1340 3738 1429 3792 ubi
1464 3737 1767 3808 prcciosum

181 3845 383 3899 corpus
416 3830 660 3884 Bonifatii
713 3831 964 3902 martyris
1016 3830 1324 3898 requiescit,
1369 3846 1526 3900 quam
1567 3831 1648 3884 vir
1680 3846 1770 3884 ve-

181 3923 444 3977 iterabilis
473 3922 711 3978 Sturmio
733 3923 868 3978 abba
912 3924 962 3977 in
1015 3925 1270 3992 regimine
1309 3923 1508 3978 habere
1539 3922 1768 3989 videtur,

181 4013 244 4068 id
277 4021 402 4066 sunt
428 4028 515 4068 res
547 4013 886 4083 proprietatis
916 4025 1112 4068 nostra:
1159 4014 1578 4070 llamalumberc
1605 4013 1766 4070 situm

179 4106 243 4160 in
277 4119 410 4175 pago
435 4105 744 4176 Salecgavio
783 4115 944 4175 super
983 4104 1143 4158 ﬂuvio
1169 4106 1313 4170 Sala,
1346 4119 1466 4160 cum
1499 4120 1660 4160 omne
1687 4106 1767 4158 in-

185 4201 440 4269 tegritate
465 4202 547 4256 vel
570 4201 890 4272 adjecencys
913 4215 1005 4280 seu
1033 4199 1357 4270 appendicys
1379 4199 1490 4253 suis
1523 4199 1772 4268 Achyne-

183 4291 350 4358 bach,
381 4293 802 4360 Thinpersbach,
843 4292 1064 4358 ltarital,
1099 4294 1198 4346 hoc
1229 4301 1314 4346 est
1354 4302 1772 4362 quantumcum-

181 4401 298 4455 que
328 4387 380 4439 in
407 4387 651 4454 superius
677 4388 947 4441 nominata
989 4385 1103 4440 loca
1148 4385 1346 4439 habere
1390 4382 1662 4449 videmini,
1716 4381 1766 4436 id

181 4485 280 4532 est
325 4487 432 4530 tam
485 4478 664 4542 terris,
715 4477 982 4543 domibus,
1024 4475 1284 4543 ardiﬁciis,
1314 4476 1586 4541 acolabus,
1616 4489 1770 4528 man-

178 4567 369 4636 cipiis,
401 4567 592 4632 vineis,
624 4567 796 4631 silvis,
826 4568 1050 4637 campis,
1084 4568 1273 4637 pratis,
1327 4568 1564 4636 pascuis,
1619 4565 1797 4636 aquis'

268 4737 295 4765 ι
336 4725 615 4792 Rudolfus,
650 4723 932 4780 Fuldensis
979 4723 1269 4778 monachus
1311 4722 1678 4790 percelebris,,
1718 4723 1776 4780 in

190 4799 316 4852 Vita
352 4798 549 4851 Babani
593 4796 730 4865 apud
781 4796 1016 4849 Brower.
1049 4795 1229 4862 Antiq.
1275 4793 1607 4865 Fuldtpag.
1640 4791 1769 4865 230,

191 4868 384 4922 neScio
416 4881 520 4934 quo
542 4863 794 4920 seductus
813 4868 1016 4929 errore,
1062 4865 1242 4918 villam
1271 4863 1614 4934 llamﬁalhurg,
1646 4864 1771 4916 olim

188 4942 384 4994 [iscum
415 4933 640 5002 regium,
673 4950 812 4988 nunc
837 4935 1112 5002 oppidum,
1165 4949 1231 4989 ex
1281 4933 1525 4999 largitate
1568 4933 1774 5000 l’ip‘pini

191 5008 340 5074 regis
375 5004 707 5074 Francorum
742 5005 977 5072 partibus
1006 5005 1062 5060 S.
1107 5003 1360 5058 Bunil'acii
1392 5005 1640 5071 martyris
1663 5003 1775 5074 col-

194 5072 360 5132 latam
396 5075 560 5129 luisse
589 5073 812 5128 scribit:
857 5074 978 5128 hinc
1021 5075 1158 5127 forte
1200 5075 1368 5126 visum
1400 5079 1485 5127 est
1529 5072 1776 5138 imperito

197 5147 435 5210 cuidam,
483 5144 585 5198 hoc
611 5145 828 5212 elegans
871 5159 931 5197 ac
965 5145 1166 5212 optime
1194 5152 1565 5198 conservatum
1597 5142 1776 5196 Caroli

202 5214 375 5282 Magni
413 5215 647 5284 diploma
687 5218 1067 5284 autographam
1111 5215 1387 5268 Continere
1431 5212 1775 5284 donationem

203 5285 341 5336 villae
384 5282 634 5352 [lamelen
666 5286 716 5352 in
749 5282 992 5338 Sithonia
1035 5284 1294 5352 partibus,
1335 5297 1438 5337 non
1494 5292 1670 5352 autem
1714 5282 1778 5352 il-

199 5353 306 5407 lam
355 5354 490 5408 villae
521 5349 968 5408 Hamalumburc:
1008 5349 1172 5408 erasit
1220 5352 1398 5419 itaque
1437 5351 1595 5420 hujus
1630 5350 1776 5405 vocis

199 5423 440 5476 ultimam
463 5426 719 5493 syllabam
745 5426 869 5494 burg
898 5424 1044 5493 quasi
1086 5424 1428 5490 superﬂuam,
1458 5437 1614 5490 quam
1641 5430 1779 5486 pom-

198 5494 416 5546 modum
445 5495 600 5557 alius,
649 5510 752 5548 non
799 5498 973 5549 minus
1000 5505 1220 5558 temere,
1252 5494 1519 5555 restituit;
1557 5501 1778 5556 uterque

199 5563 496 5635 consultius
533 5564 800 5635 tacturus,
834 5564 876 5617 si
928 5565 1330 5635 membranam,
1359 5570 1600 5635 intateet
1634 5560 1778 5635 prin-

201 5632 334 5754 citas
363 5633 843 5690 muniﬁcentissimi
885 5635 1036 5704 signo
1067 5631 1446 5697 venerabilem,
1474 5630 1779 5700 reliquisset

204 5715 254 5754 ru
284 5713 474 5754 'ctam.

204 5713 474 5757 mtuetam.

1855 1834 2044 1887 me'ius
2071 1832 2300 1888 delectet
2353 1835 2467 1904 ipsa
2522 1838 2990 1906 congregationem
3031 1857 3124 1910 pro
3173 1843 3327 1897 nobis
3350 1845 3435 1901 vel

1853 1922 2141 1976 stabilitate
2170 1924 2317 1992 regni
2347 1926 2515 1980 nostri
2573 1929 2732 1982 etiam
2759 1936 2923 1985 uxore
2949 1939 3004 1986 et
3031 1933 3196 2001 prolis
3231 1933 3438 1990 Domini

1859 2012 2282 2067 miscricordiam
2305 2015 2502 2086 jugiter
2526 2031 2776 2083 exorare,
2818 2029 2872 2074 et
2905 2033 2959 2075 ut
3003 2022 3116 2076 haec
3142 2025 3436 2080 auctoritas

1855 2103 2055 2160 ﬁrmior
2083 2107 2153 2159 sit
2183 2122 2370 2161 manus
2403 2117 2599 2164 nostra;
2633 2111 2922 2181 signaculis
2961 2114 3147 2170 subter
3186 2131 3304 2170 eam
3343 2119 3438 2173 de-‘
3529 2125 3531 2128 ‘

1853 2195 2120 2251 erevimus
2151 2198 2407 2254 roborare
2423 2209 2476 2254 et
2501 2199 2569 2256 de
2591 2203 2749 2257 ariolo
2780 2206 2964 2259 nostro
2989 2205 3246 2274 iussimus
3271 2209 3426 2278 Sigil-

1855 2287 1987 2341 lare.

1935 2376 2157 2445 Signum
2185 2377 2365 2433 Caroli
2393 2380 2766 2450 gloriosisSimi
2796 2383 2957 2452 regis.

1928 2464 2257 2535 Vuigbaldus
2289 2469 2354 2521 ad
2387 2471 2558 2524 vicem
2594 2470 2848 2527 Badonis.

1931 2555 2056 2609 Data
2087 2558 2316 2624 septimo
2336 2557 2460 2612 ldus
2477 2559 2722 2627 lanuar.,
2750 2577 2890 2616 anno
2919 2579 3058 2618 nono
3080 2576 3133 2620 et
3161 2567 3316 2623 tertio
3347 2569 3439 2624 rei

1857 2650 1967 2718 gni.
2000 2651 2191 2703 Actum
2220 2649 2521 2707 llaristallio
2544 2653 2738 2722 palatio
2761 2655 2990 2724 publico,
3020 2657 3074 2712 in
3099 2658 3192 2714 Dei
3228 2663 3441 2717 nomine

1861 2744 2092 2798 lchcucr
2147 2751 2198 2797 ιε
2429 2726 2443 2739 '
2832 2750 2842 2760 ο

2607 2815 2706 2869 XI;

1863 2921 1887 2958 ι)
1917 2923 2144 2978 Tradita
2171 2924 2344 2978 (ΣαῩοιὶ
2376 2924 2556 2998 Magni
2584 2927 2645 2980 de
2679 2926 2925 2982 Lisiduna
2956 2919 3295 2998 Ultrajecliiio
3336 2935 3442 2987 md-

2350 2997 2571 3048 nasterio
2623 2997 2780 3065 (anno
2811 3000 2955 3066 727).

2192 3103 2284 3166 (Ex
2306 3102 2466 3166 Heda,
2491 3103 2613 3154 Hist.
2641 3107 2854 3167 episc0p.
2880 3107 3118 3172 Traject.)

1938 3205 2163 3261 Karolus
2190 3207 2280 3260 Dei
2309 3200 2476 3277 gratia
2507 3223 2598 3262 rex
2634 3203 2955 3264 Francorum
2989 3217 3036 3265 et
3069 3211 3446 3282 Longobardo-

1870 3311 2010 3360 rum,
2049 3310 2121 3350 ac
2149 3298 2405 3365 patricius
2439 3297 2822 3352 Romanorum.
2869 3301 2926 3355 Si
2955 3301 3095 3356 enim
3121 3317 3186 3357 ex
3219 3303 3300 3358 his
3329 3315 3448 3372 qua:

1869 3387 2043 3440 divina
2066 3387 2232 3455 pietas
2260 3387 2411 3442 nobis
2435 3387 2610 3458 largiri
2636 3389 2833 3458 dignita
2849 3399 2950 3454 est,
2970 3391 3098 3446 locis
3125 3394 3447 3451 venerabilié

1872 3477 1968 3531 bus
1988 3476 2330 3531 concedimus
2355 3493 2369 3531 :
2397 3477 2496 3532 hoc
2520 3478 2670 3533 nobis
2685 3478 2750 3532 ad
2787 3487 3036 3535 azternam
3061 3482 3446 3540 beatitudinem

1872 3568 2053 3636 procul
2079 3559 2244 3621 dubio
2276 3563 2546 3635 pertinere
2571 3557 2909 3624 conﬁdimus.
2964 3569 3085 3626 Ideo
3114 3583 3448 3641 compertum

1871 3659 1941 3711 sit
1984 3660 2130 3711 omni
2181 3657 2414 3712 ﬁdelium
2462 3670 2763 3739 nostrorum
2816 3662 3197 3731 magnitudini,
3227 3665 3454 3733 qualiter

1879 3743 2144 3800 donamus
2166 3747 2229 3799 ad
2255 3745 2526 3801 basilicam
2552 3748 2607 3803 S.
2634 3747 2866 3814 Martini,
2891 3766 3009 3818 qua:
3037 3761 3118 3806 est
3147 3764 3452 3809 constructa

1878 3835 1930 3889 in
1961 3837 2216 3904 'l‘rajecto
2243 3839 2407 3892 veteri
2434 3839 2622 3893 subtus
2657 3839 2971 3906 Dorestado,
3014 3842 3100 3895 ubi
3130 3846 3453 3899 venerabilis

1879 3927 1962 3980 vir
1993 3927 2237 3982 Albricus
2274 3929 2553 4000 presbyter
2581 3938 2737 3998 atque
2773 3931 2972 3986 electus
3004 3943 3180 3987 rector
3220 3950 3454 4003 praeesse

1875 4018 2107 4085 videtur,
2156 4019 2257 4074 hoc
2287 4030 2369 4076 est
2393 4061 2409 4085 ,
2449 4021 2626 4075 villam
2673 4031 2908 4075 nostram
2947 4030 3282 4090 nuncupante
3311 4026 3451 4080 Lisi-‘

1873 4107 2012 4161 duna
2037 4145 2056 4175 ,
2099 4109 2149 4162 in
2195 4123 2327 4178 pago
2368 4111 2457 4178 qui
2506 4120 2726 4164 vocatur
2768 4109 2990 4174 Flehite,
3039 4127 3200 4182 super
3242 4115 3453 4171 alveum

1877 4197 2060 4265 llemi,
2093 4213 2213 4252 cum
2249 4199 2391 4252 omni
2443 4199 2744 4269 integritate
2774 4200 2856 4254 vel
2895 4200 3202 4269 adjacentiis
3235 4219 3328 4258 seu
3355 4219 3447 4275 ap-

1875 4288 2124 4357 penditiis
2157 4289 2266 4342 suis
2287 4329 2301 4352 ,
2331 4289 2380 4342 id
2411 4301 2522 4355 est,
2553 4305 2670 4344 cum
2706 4290 2862 4345 terris
2883 4333 2897 4358 ,
2929 4294 3152 4362 mansis,
3183 4294 3451 4364 domibus,

1873 4379 2134 4445 aediﬁciis,
2166 4378 2462 4450 mancipiis,
2493 4381 2678 4450 sylvis,
2709 4382 2940 4450 campis,
2978 4385 3142 4452 pratis
3163 4429 3176 4452 ,
3221 4387 3451 4454 pascuis,

1872 4469 2027 4540 aquis
2061 4468 2390 4540 aquarumve
2419 4472 2733 4529 decursibus
2753 4511 2768 4537 ,
2818 4469 3100 4529 mobilibus
3130 4475 3457 4554 et'immobi-

1872 4567 2028 4638 libus,
2054 4567 2229 4626 omnia
2245 4577 2298 4622 et
2320 4583 2384 4623 ex
2411 4567 2655 4622 omnibus
2670 4577 3154 4637 quantumcumque
3177 4567 3456 4637 Wiggcrus

1945 4729 1973 4768 δ
2013 4729 2250 4784 Traditio
2297 4727 2471 4782 Caroli
2508 4725 2572 4780 de
2619 4725 2887 4779 Lisiduna.
2934 4724 3155 4778 Donatio
3195 4724 3306 4778 hare
3335 4732 3458 4779 con-‘

1877 4800 2009 4854 tinet
2063 4815 2275 4854 omnem
2326 4807 2548 4850 tractum
2599 4799 2736 4850 circa
2789 4795 3012 4849 llctnum
3072 4794 3320 4860 ﬂuvium,
3367 4796 3457 4850 ubi

1879 4870 2198 4928 Emerslurt.
2236 4867 2475 4921 Leusden
2515 4881 2684 4934 usque
2721 4867 2786 4918 ad
2823 4864 3196 4929 Dorestadum,
3229 4865 3455 4919 lorestas

1875 4955 2006 5010 quas
2029 4939 2401 5010 Milderuissen
2435 4946 2487 4990 et
2505 4937 2694 5010 Denen
2716 4945 2936 5010 vocant,
2963 4950 3081 5010 qtae
3107 4949 3269 5003 prope
3289 4939 3456 5010 _An|e-

1877 5004 2095 5078 fungen,
2130 5009 2262 5072 Elst,
2298 5005 2681 5078 wageniugen,
2714 5006 2878 5071 Ecde,
2917 5006 3090 5058 adhuc
3105 5004 3456 5078 .conspiciun"

1877 5074 2002 5145 turi
2024 5080 2280 5146 inquibus
2303 5074 2538 5146 episcopi
2559 5074 2812 5146 'l‘rajcct..
2838 5083 2929 5129 aut
2955 5074 3452 5146 eorumdonatione

1878 5142 2192 5218 praepositus
2236 5142 2405 5218 sancti
2437 5142 2669 5218 Joannis
2707 5146 2936 5218 maxime
2976 5147 3027 5218 i_u
3063 5144 3202 5198 Ecde
3259 5142 3451 5218 Wage-

1878 5213 2070 5288 ningen
2117 5227 2170 5271 et
2223 5214 2839 5288 Weelchmourhoutius,
2888 5214 3140 5288 decimas,
3201 5223 3312 5271 etc.
3361 5213 3458 5267 ha-‘

1878 5285 2023 5343 beu't.
2065 5289 2144 5342 Ad
2179 5289 2280 5341 hoc
2323 5287 2555 5354 diploma
2607 5300 2779 5354 nuper
2821 5285 3034 5354 quidam
3078 5285 3355 5353 itnpostor,
3399 5291 3459 5337 ut

1880 5373 2071 5429 magno
2097 5358 2254 5412 alieni
2305 5359 2419 5429 viro
2470 5356 2820 5429 blandiretur,
2869 5369 3214 5429 corrumpere
3253 5363 3307 5429 et
3337 5364 3458 5429 peré

1879 5423 2091 5482 veriere
2136 5444 2239 5480 non
2290 5427 2585 5491 dubitavit;
2622 5436 2677 5480 et
2721 5441 2817 5493 pro
2860 5423 3109 5477 Lisiduna
3150 5425 3458 5479 Lindinium

1880 5512 2158 5565 reponere,
2190 5497 2277 5566 qui
2312 5496 2456 5550 locus
2491 5507 2576 5551 est
2614 5496 2666 5549 in
2711 5497 2873 5549 lletna
2911 5494 3256 5566 qualesisane
3286 5494 3458 5548 hornis

1882 5581 1977 5621 nes
2004 5578 2180 5632 pestes
2210 5565 2334 5620 sunt
2365 5567 2415 5619 in
2446 5567 2667 5635 antiqua
2700 5565 2940 5625 historia.
2969 5573 3025 5618 et
3057 5565 3182 5621 odio
3205 5567 3457 5622 omnibus

1884 5638 2126 5692 veritatis
2153 5639 2386 5707 antiqua:
2417 5636 2748 5692 amatoribus
2777 5650 2898 5691 esse
2925 5637 3141 5690 debent;
