3964 6344
579 365 728 425 1059

1473 365 1532 421 Β.
1571 364 1816 423 CAROLI
1858 365 2069 422 MAGNI
2110 368 2255 424 OPP.
2300 367 2474 428 PARS
2517 373 2555 426 Ι.
2597 372 2835 430 SECTIO
2874 375 2938 430 ll.

3715 391 3837 448 1060

577 498 760 539 comes
784 480 975 536 ibidem
1024 495 1118 550 per
1157 489 1396 537 nostrum
1427 481 1741 538 benelicium
1788 484 1959 538 tenuit
1983 483 2143 538 etiam
2176 487 2222 544 Α
2262 484 2402 576 quod
2434 501 2529 540 nos
2551 487 2616 542 ad
2645 493 3024 547 monasterium
3057 495 3199 563 quod
3227 496 3433 566 ,dicitnr
3474 495 3833 576 Lauresham,

579 581 634 628 et
666 573 890 627 forestas
920 570 1036 625 illas
1059 615 1076 640 ,
1127 585 1355 640 quarum
1402 572 1664 626 vocabula
1707 583 1850 638 sunt,
1882 573 2149 641 ﬂengest-

577 662 780 727 achate,
810 661 1108 728 Tornhese,
1160 660 1461 728 Moltorotb,
1505 661 1759 727 Widock,
1781 678 1902 731 quae
1932 673 2056 717 sunt
2081 663 2150 718 de

573 754 830 810 ambabus
870 756 1107 824 partibus
1150 755 1320 810 Hemi.
1375 754 1630 810 Similiter
1672 755 1934 810 donamus
1962 756 2027 809 ad
2056 757 2149 810 ba-

574 842 779 901 silicam
809 844 868 900 S.
894 845 1107 900 Martini
1137 843 1420 901 ecclesiam
1446 859 1563 914 qua:
1599 853 1680 898 est
1700 859 1860 914 super
1887 844 2144 899 Dorestnd

573 945 901 1003 constructa,
927 945 983 992 et
1006 944 1225 991 vocatur
1269 948 1295 976 α
1327 935 1598 1000 Ubkirica,
1628 935 1697 989 de
1726 935 1972 1004 omnique
1999 943 2147 1002 parte

551 1035 786 1082 centum
837 1028 1068 1096 perticas
1121 1035 1295 1093 teme,
1343 1037 1402 1081 nt
1447 1027 1860 1094 omnitempore
1889 1025 2144 1094 praedicta

572 1113 790 1167 basilica
837 1115 1076 1182 spacium
1119 1122 1276 1169 terra:
1316 1121 1527 1168 centum
1569 1112 1795 1180 perticas
1824 1110 2022 1167 habere
2052 1111 2146 1165 de-

571 1202 727 1270 beat,
765 1213 820 1257 et
866 1218 990 1258 cum
1040 1218 1102 1259 ea
1138 1203 1164 1242 δ
1190 1205 1463 1273 ripaticum
1505 1203 1648 1258 illum
1697 1217 1856 1270 super
1882 1202 2138 1258 Loekiam

569 1303 624 1348 et
655 1305 676 1332 ο
709 1295 934 1350 insulam
963 1295 1106 1350 illam
1138 1310 1302 1364 prope
1333 1296 1502 1363 ipsam
1538 1294 1818 1349 ecclesiam
1842 1295 1906 1348 ad
1939 1303 2142 1364 partem

569 1385 880 1440 orientalem
911 1384 1070 1441 'inter
1116 1386 1363 1440 Rhenum
1409 1392 1464 1439 et
1512 1383 1786 1439 Loekiam;
1847 1383 1968 1438 Haec
2013 1398 2144 1439 vero

568 1476 746 1530 omnia
808 1476 1065 1531 tradimus
1137 1490 1168 1528 a
1222 1476 1310 1529 die
1355 1476 1600 1544 praesenti
1653 1474 1718 1528 ad
1767 1474 1877 1543 jam
1926 1474 2143 1542 praefata

568 1580 750 1623 sancta
778 1569 894 1622 loca
927 1568 1310 1636 perpetualiter
1343 1566 1736 1634 possidendum.
1778 1565 1806 1606 ἀ
1855 1565 1978 1620 Ideo
2010 1566 2144 1621 hanc

567 1657 983 1725 praeceptionem
1010 1655 1351 1710 authoritatis
1373 1664 1572 1709 nostrte
1592 1653 1826 1710 scribere
1849 1653 2140 1724 iussimus,

568 1756 626 1800 ut
670 1748 738 1802 ab
786 1749 882 1801 hac
923 1746 1014 1802 die
1057 1746 1167 1816 jam
1216 1757 1540 1801 memoratus
1580 1746 1827 1800 Albricns
1865 1744 2143 1816 presbyter

2249 574 2389 643 quod
2414 588 2493 630 est
2525 588 2884 635 constructum
2913 582 2966 637 in
2994 583 3200 641 honore
3244 588 3535 646 beatorum
3572 574 3837 662 apostolo-

2251 679 2372 718 rum
2403 665 2543 722 Petri
2568 678 2624 722 et
2644 669 2794 725 Pauli
2824 671 2910 728 vel
2938 683 3251 732 caeterorum
3291 690 3614 737 sanctorum
3635 728 3652 753 ,
3679 695 3734 740 et
3755 688 3831 742 ubi

2249 756 2511 823 pretiosus
2537 758 2774 816 domnus
2820 771 2875 817 et
2911 776 3129 820 sanctus
3160 771 3446 836 praclarus
3490 782 3716 844 martyr
3735 776 3832 831 Na-

2245 848 2423 903 zarius
2453 850 2504 903 in
2535 864 2762 918 corpore
2782 855 3091 922 requiescit,
3115 868 3170 913 et
3197 860 3247 912 in
3272 861 3471 916 virtute
3497 863 3769 933 fulgascit,
3788 875 3834 921 et

2245 939 2560 994 venerabilis
2584 941 2664 995 vir
2684 941 3064 1001 Gundelandus
3083 948 3217 1003 abba
3233 965 3335 1004 una
3357 966 3485 1006 cum
3513 968 3712 1007 norma
3732 971 3828 1010 mo-

2247 1027 2536 1084 nachorum
2564 1046 2792 1099 praeesse
2817 1035 3045 1102 videtur,
3076 1038 3208 1094 intra
3237 1056 3428 1112 pagum
3465 1041 3828 1111 Rhenensem,

2243 1135 2404 1188 super
2424 1119 2641 1176 ﬂuvium
2685 1122 2925 1195 Wisgoz,
2969 1130 3229 1200 integram
3275 1133 3690 1190 immunitatem
3726 1137 3827 1206 ejus

2243 1211 2432 1266 merito
2461 1213 2815 1282 compellente
2837 1217 2988 1284 plena
3009 1229 3064 1274 et
3084 1222 3285 1292 integra
3307 1225 3486 1293 gratia
3509 1240 3617 1295 pro
3637 1241 3826 1284 merce-

2242 1302 2323 1356 dis
2348 1311 2547 1359 nostrze
2575 1317 2880 1376 augmento,
2895 1310 2976 1364 vel
2997 1325 3092 1379 pro
3106 1313 3221 1382 ejus
3237 1317 3416 1384 quiete
3435 1327 3545 1371 aut
3570 1332 3823 1376 successo-

2244 1409 2357 1448 rum
2390 1394 2487 1450 visi
2543 1395 2741 1453 fuimus
2781 1403 3136 1459 concessisse.
3191 1405 3546 1477 Quapropter
3579 1411 3684 1464 hoc
3705 1426 3823 1480 pra:-

2242 1495 2458 1555 ceptum
2508 1488 2834 1557 specialibus
2879 1490 3218 1551 decernimus
3261 1499 3672 1567 ordinandum,
3702 1502 3822 1570 quod

2243 1574 2296 1628 in
2331 1585 2651 1645 perpetuum
2697 1580 2947 1636 volumus
2994 1597 3114 1639 csse
3155 1601 3502 1655 mansurum,
3560 1599 3623 1644 ut
3669 1607 3820 1661 neque

2245 1678 2367 1730 vos,
2402 1680 2574 1736 neque
2597 1668 2837 1734 juniores
2861 1685 2955 1726 seu
2983 1688 3326 1733 successores
3355 1688 3533 1734 vestrt
3562 1696 3666 1736 nec
3688 1684 3816 1752 quis-

2246 1755 2375 1811 libet
2402 1758 2470 1813 de
2492 1757 2778 1827 judiciaria
2805 1771 3068 1831 potestate
3090 1769 3399 1836 accinctus,
3439 1772 3502 1826 in
3556 1773 3723 1828 curtis
3744 1776 3815 1828 vel

570 1838 685 1891 sive
711 1852 1074 1898 successores.
1101 1837 1188 1906 qui
1214 1838 1409 1893 fuerint
1431 1847 1668 1893 rectores
1695 1839 1936 1909 ejusdem
1967 1837 2138 1895 sancti
2169 1845 2213 1902 Β
2244 1847 2386 1902 villis
2411 1849 2576 1917 ipsius
2610 1856 2924 1909 monasterii
2967 1865 3061 1911 aut
3089 1859 3332 1916 ecclesiae
3363 1876 3482 1917 suae
3510 1865 3812 1934 aspicientes

570 1927 694 1993 ioci,
728 1927 978 1996 prtedicta
1021 1928 1136 1982 loca
1183 1929 1248 1982 ad
1295 1943 1428 1996 opus
1462 1930 1570 1997 jam
1600 1929 1754 1983 dictae
1785 1929 2016 1985 basilicae
2046 1929 2140 1983 ba-

569 2016 750 2084 beant,
782 2025 1019 2083 teneant,
1049 2017 1370 2085 guberncnt,
1395 2027 1601 2087 regant,
1633 2029 1792 2087 atque
1825 2017 2136 2088 disponant,

563 2117 617 2163 et
644 2108 892 2178 quicquid
923 2107 1116 2162 exinde
1165 2107 1230 2162 ad
1284 2108 1576 2176 profectum
1625 2107 1804 2177 ipsius'
1833 2110 2003 2164 sancti
2034 2109 2136 2164 loci

566 2199 743 2255 facere
792 2200 1092 2269 elegerint,
1149 2199 1321 2253 libero
1365 2199 1706 2268 perfruantur
1751 2201 1996 2256 arbitrio.
2070 2201 2138 2254 Ει

567 2290 742 2345 nullus
769 2290 1021 2360 quislibet
1048 2289 1114 2344 de
1135 2289 1412 2358 judiciaria
1441 2299 1700 2358 potestate
1719 2335 1734 2360 ,
1765 2300 1859 2345 aut
1884 2291 2136 2360 quaelibet

566 2392 792 2447 persona
819 2379 1070 2448 przedicto
1107 2379 1320 2433 Albrico
1350 2379 1678 2448 presbytero,
1713 2395 1886 2448 neque
1913 2393 2131 2434 succes-

558 2468 770 2522 soribus
799 2469 914 2522 suis
944 2467 1009 2521 de
1032 2463 1140 2535 jam
1172 2468 1331 2522 dictis
1362 2469 1520 2524 rebus
1552 2470 1842 2536 inquietare
1873 2479 1964 2522 aut
1997 2483 2132 2523 con-

563 2570 648 2613 tra
677 2559 896 2612 rationis
927 2558 1200 2625 ordinem,
1235 2559 1320 2613 vel
1361 2561 1681 2613 calumniam
1709 2574 1969 2629 generare
1999 2576 2135 2630 quo-

561 2666 668 2719 quo
694 2659 934 2717 tempore
965 2660 1320 2719 praesumant,
1351 2652 1443 2706 sed
1486 2667 1578 2721 per
1606 2662 1842 2707 nostrum
1875 2654 2132 2724 largitatis

563 2751 887 2808 prmceptum
939 2740 1191 2807 prmdicta
1237 2740 1452 2794 basilica
1512 2740 1632 2809 ju're
1676 2743 1851 2796 valeat
1888 2743 2132 2800 obtinere

551 2828 887 2882 ﬁrmissimo.
953 2829 1019 2882 Et
1058 2837 1115 2882 ut
1148 2828 1258 2882 haec
1287 2831 1582 2884 authoritas
1615 2834 1818 2886 lirtnior
1850 2833 2127 2899 habeatur,

553 2917 639 2973 vel
664 2918 928 2971 diuturnis
953 2919 1282 2985 temporibus
1311 2929 1674 2986 conservetur,
1725 2937 1884 2976 manu
1917 2927 2129 2993 pr0pria

552 3010 742 3062 subter
762 3023 877 3062 eam
908 3008 1239 3063 decrevimus
1269 3011 1546 3076 roborare,
1589 3020 1644 3066 et
1672 3011 1738 3066 de
1781 3015 1980 3068 annulo
2027 3031 2127 3069 no-

554 3108 666 3153 stro
686 3100 945 3168 jussimus
973 3100 1215 3169 sigillari.

623 3209 842 3279 Signum
863 3211 1042 3265 Karoli
1068 3211 1442 3280 gloriosissimi
1470 3214 1633 3284 regis.

622 3323 750 3376 Data
773 3337 844 3376 vtt
876 3324 993 3378 idus
1021 3323 1186 3390 Junii,
1218 3340 1357 3379 anno
1393 3339 1535 3381 nono
1569 3325 1805 3395 ejusdem
1847 3327 2125 3397 gloriosis-

554 3413 680 3468 simi
708 3415 869 3484 regis.

565 3535 567 3538 ‘
621 3527 808 3579 Actum
849 3525 1084 3596 Numaga
1136 3527 1332 3596 palatio
1387 3526 1628 3596 publico,
1682 3529 1735 3584 in
1779 3529 1873 3586 Dei
1907 3530 2126 3585 nomine

545 3613 795 3668 feliciter.
1609 3633 1614 3640 λ

1270 3725 1386 3782 XII.

544 3834 725 3893 Caroli
750 3835 1296 3908 Hagnirprivilegium
1332 3855 1424 3906 pro
1462 3840 1780 3896 immunitate
1824 3845 2119 3899 monasterii

932 3907 1384 3963 Laurcshnmemis
1412 3913 1566 3964 (anno
1599 3912 1745 3981 779).

698 4041 796 4104 (Ex
821 4043 1067 4106 Helvieh.,
1097 4045 1426 4107 Antiquitates
1449 4045 1932 4112 Laureshamenses.)

613 4168 837 4224 Carolus
885 4169 978 4224 Dei
1029 4171 1196 4240 gratia
1237 4185 1328 4226 rex
1379 4173 1738 4239 Francorum,
1773 4177 1851 4229 vir
1881 4176 2110 4242 illuster,

541 4259 792 4313 omnibus
817 4259 1062 4314 ﬁdelibus
1090 4261 1287 4315 nostris
1319 4272 1424 4316 tam
1467 4266 1819 4330 praesentibus
1861 4282 2020 4334 quam
2061 4278 2114 4322 et

540 4347 750 4401 futuris.
781 4348 912 4402 Cum
942 4359 1086 4403 recta
1118 4351 1301 4417 petitio
1337 4352 1671 4408 sacerdotum
1705 4373 1798 4424 pro
1827 4359 2109 4426 oportuni-

540 4435 738 4490 tatibus
769 4435 1012 4490 locorum
1049 4447 1356 4492 sanctorum
1397 4442 1671 4508 pertinens
1709 4445 1774 4498 ad
1811 4460 1970 4500 aures
1997 4447 2108 4503 cle-

539 4525 754 4581 mentia)
801 4536 997 4580 nostra:
1048 4530 1397 4595 processerit,
1461 4532 1624 4586 talem
1674 4533 1828 4589 decet
1875 4550 1994 4592 esse
2039 4538 2108 4593 ob
2138 4535 2190 4596 D

537 4614 770 4670 auditam
802 4615 887 4671 vel
918 4615 1111 4672 eB‘ectu
1141 4617 1193 4672 in
1227 4617 1319 4672 Dei
1353 4621 1568 4674 nomine
1594 4627 1940 4693 mancipatam
1961 4669 1974 4692 ,
2009 4644 2108 4683 un-

532 4703 605 4758 de
631 4705 821 4759 aeterni
853 4707 1188 4762 retributoris
1219 4706 1427 4762 veniam
1459 4725 1757 4766 mereamur
1784 4715 2028 4783 adipisci,
2056 4728 2109 4774 et

531 4809 631 4852 eos
659 4796 898 4856 delectet
925 4812 1020 4866 pro
1048 4799 1339 4854 stabilitate
1381 4803 1530 4872 regni
1566 4804 1736 4858 nostri
1763 4805 1957 4875 jngiter
2005 4822 2105 4862 ex-

531 4901 708 4952 orare,
733 4888 817 4942 vel
848 4888 901 4942 in
931 4890 1074 4942 omni
1107 4902 1253 4958 parte
1289 4907 1412 4961 erga
1441 4903 1679 4949 nostrum
1722 4898 1948 4952 lideliter
1973 4900 2106 4954 assi-

530 4987 695 5035 stere.
737 4979 902 5049 Igitur
921 4992 1209 5050 cognoscat
1242 4984 1552 5055 magnitudo
1580 5002 1677 5044 seu
1703 4990 1902 5044 utilitas
1926 4999 2100 5046 vestra

1107 5159 1479 5240 estrsuperior
1500 5162 1728 5240 ecclesia
1774 5179 1891 5240 quae
1919 5181 2098 5240 supra

532 5219 885 5310 Dorestatum.
927 5232 1074 5310 erat,
1126 5219 1454 5310 quem'vero
1500 5231 1646 5288 hisce
1695 5219 1885 5290 verbis,
1918 5219 2096 5293 locum

536 5291 750 5371 PmPrit?
775 5290 1036 5374 designet,
1068 5295 1312 5363 equidem
1342 5298 1546 5366 ignoro,
1945 5290 1958 5292 -
1981 5290 2095 5293 _--__

607 5357 634 5398 b
659 5359 970 5442 _Rtpattcum
992 5364 1598 5442 illumsuper‘Leckittm.
1648 5371 1941 5442 Ripalicnm
1975 5393 2095 5435 esse

708 5429 802 5515 pro
837 5434 1202 5515 conservanda
1227 5429 1330 5491 'vel
1386 5441 1672 5497 munienda
1719 5429 1844 5515 ripa,
1874 5429 2102 5505 ἀεὶ)ὲῖὗῖ

2244 1937 2296 1991 in
2321 1939 2646 2008 quibuslibet
2675 1946 2820 2013 pagis
2857 1955 3020 2017 atque
3061 1947 3345 2008 t'erritoriis
3374 1963 3488 2009 tam
3521 1959 3667 2026 quod
3698 1975 3813 2027 prte-

2242 2027 2380 2081 senti
2428 2037 2667 2114 tempore
2720 2035 2928 2090 videtur
2973 2039 3248 2105 possidere
3307 2043 3396 2098 vel
3462 2045 3804 2115 dominicare,

2238 2131 2392 2185 quam
2419 2121 2558 2188 quod
2582 2121 2753 2178 adhuc
2773 2139 2835 2179 ex
2869 2140 3090 2183 munere
3127 2145 3312 2200 regum
3343 2148 3441 2188 seu
3493 2151 3803 2207 reginarum,

2245 2220 2340 2260 seu
2369 2209 2511 2276 quod
2544 2225 2638 2278 pro
2677 2213 2869 2268 collata
2901 2216 3078 2286 populi
3103 2257 3120 2284 ,
3151 2220 3238 2274 vel
3278 2221 3347 2275 de
3372 2236 3702 2292 comparato,
3731 2229 3803 2282 vel

2240 2295 2307 2349 de
2339 2298 2575 2365 quolibet
2614 2310 2840 2357 attractu
2869 2315 3214 2374 augmentare
3244 2311 3327 2365 vel
3355 2312 3696 2374 iumeliorare
3718 2333 3805 2374 seu

2243 2388 2516 2442 attrahere
2544 2391 2834 2458 potuerint.
2867 2395 2932 2448 ad
2962 2409 3155 2450 causas
3184 2401 3532 2470 audiendum,
3562 2411 3643 2461 vel
3663 2406 3796 2462 {reda

2237 2477 2472 2546 undique
2516 2478 2909 2549 e'sactandum,
2962 2500 3064 2540 nec
3110 2487 3450 2557 ﬁdeiussores
3494 2495 3792 2563 tollendum,

2237 2583 2335 2621 nec
2359 2571 2666 2624 mansiones
2695 2584 2789 2627 aut
2818 2584 3031 2642 paratas
3083 2576 3377 2634 faciendum
3400 2625 3413 2646 ,
3456 2600 3552 2639 nec
3585 2587 3654 2639 ad
3678 2587 3786 2641 ho-

2236 2661 2403 2713 mines
2431 2676 2558 2716 suos
2586 2673 2691 2718 tam
2717 2665 2974 2735 ingenuos
3005 2684 3167 2738 quam
3215 2675 3487 2731 servientes
3515 2691 3610 2732 seu
3636 2692 3789 2734 acco-

2237 2749 2313 2802 las
2335 2749 2501 2818 ipsius
2534 2754 2844 2808 monasterii
2875 2755 3305 2828 distringentum,
3333 2779 3429 2819 nec
3455 2766 3594 2820 ullas
3620 2769 3793 2823 redhi-

2233 2840 2458 2895 bitiones
2488 2841 2724 2909 publicas
2753 2846 3130 2914 requirendum
3163 2865 3264 2907 nec
3297 2856 3645 2911 exactandum
3665 2860 3791 2928 quod

2233 2930 2303 2982 ad
2355 2939 2558 2998 partem
2611 2932 2725 2987 ﬁsci
2775 2937 2943 2989 nostri
2990 2938 3184 2994 exinde
3232 2942 3575 3011 redhibetur,
3610 2949 3790 3016 penitus

2235 3019 2440 3088 ingredi
2479 3019 2762 3088 judiciaria
2809 3033 3082 3094 potestas,
3111 3038 3202 3082 aut
3233 3032 3384 3087 missi
3417 3038 3592 3089 nostri
3616 3037 3788 3092 discur-

2233 3119 2415 3165 rentes
2459 3127 2566 3166 non
2614 3123 2960 3181 praesumant.
3021 3117 3124 3173 Sed
3154 3134 3341 3177 omnes
3376 3123 3544 3180 villas
3574 3141 3689 3181 suas
3711 3127 3784 3182 sub

2151 3188 2198 3248 C
2232 3199 2585 3258 immunitatis
2626 3206 2844 3260 nomine
2891 3222 3010 3262 cum
3037 3212 3285 3267 omnibus
3317 3216 3494 3270 lredis
3528 3232 3626 3274 aut
3644 3221 3774 3286 conia

2230 3302 2344 3346 clas
2387 3307 2482 3348 seu
2538 3295 2780 3363 publicas
2825 3298 3207 3356 redltibitinnes
3251 3319 3596 3374 concessas,
3647 3311 3758 3363 casu

2230 3386 2391 3455 (sicut
2420 3388 2666 3456 superius
2714 3393 3160 3461 comprehensum
3198 3399 3302 3469 est)
3351 3411 3466 3455 tam
3516 3403 3766 3474 ipsealslns

2229 3491 2388 3543 quam
2421 3487 2473 3530 et
2499 3493 2838 3536 successores
2864 3486 2948 3538 sui
2989 3485 3042 3538 in
3079 3485 3172 3542 Dei
3205 3492 3424 3545 nomine
3446 3495 3669 3549 valeant
3692 3510 3781 3564 pos-

2226 3565 2402 3620 sidere
2431 3567 2514 3622 vel
2540 3568 2802 3626 dominari
2831 3590 2843 3624 :
2889 3583 2943 3628 ut
2988 3577 3160 3632 nullus
3181 3579 3437 3646 quislibet
3463 3585 3545 3638 de.
3574 3587 3782 3640 fidelibus

2227 3660 2426 3711 nostris
2457 3666 2562 3713 tam
2604 3662 2956 3728 praesentibus
2982 3680 3139 3736 quam
3184 3677 3236 3723 et
3278 3671 3511 3740 futuris,
3543 3677 3646 3730 hoc
3670 3676 3786 3744 quod

2227 3762 2324 3802 nos
2348 3762 2448 3817 pro
2474 3759 2659 3805 nostra
2688 3755 2937 3811 mercede
2965 3758 3050 3812 vel
3098 3774 3193 3828 pro
3224 3762 3524 3819 stabilitate
3561 3768 3692 3821 (Deo
3712 3768 3787 3821 atl-

2217 3838 2466 3908 juvante)
2507 3844 2654 3910 regni
2700 3844 3031 3901 Francorum
3072 3849 3138 3902 ad
3176 3849 3344 3918 ipsam
3382 3866 3576 3909 casam
3611 3856 3789 3912 Delin-

2221 3928 2482 3983 dulsimus
2513 3931 2620 3986 ullo
2651 3948 2880 4004 utiquam
2907 3943 3170 4008 tempore,
3203 3942 3283 3995 vel
3325 3944 3577 4010 quolibet
3599 3949 3788 4016 ingenio

2225 4021 2530 4092 irrumpere
2558 4026 2822 4095 videatur,
2855 4031 2947 4085 sed
2981 4035 3398 4104 (sicutsuperius
3431 4040 3790 4108 meminimus)

2220 4115 2417 4168 nostris
2461 4125 2514 4170 et
2543 4116 2732 4174 futuris
2771 4121 3099 4190 temporibus
3135 4125 3335 4194 absque
3365 4128 3468 4182 ulla
3502 4135 3794 4187 contrarie-

2219 4209 2327 4257 tate
2356 4204 2594 4272 partibus
2615 4209 2850 4274 praedicti
2882 4215 3188 4270 monasterii
3213 4217 3452 4271 volumus
3483 4220 3539 4274 in
3562 4223 3794 4276 omnibus

2219 4304 2339 4346 esse
2367 4307 2743 4352 conservatum
2790 4309 2946 4370 atque
2977 4304 3254 4361 indultum.
3281 4308 3345 4362 Et
3374 4319 3432 4364 ut
3462 4309 3587 4367 haec
3627 4323 3792 4368 aucto-

2217 4384 2347 4437 ritas
2379 4384 2581 4442 lirmior
2611 4387 2888 4458 habeatur,
2937 4395 3003 4447 ad
3031 4410 3126 4464 per
3157 4406 3394 4466 tempora
3445 4403 3657 4459 melius
3681 4419 3793 4459 cou-

2216 4485 2480 4544 servetur,
2519 4493 2678 4534 manu
2709 4483 2916 4550 pr0pria
2939 4488 3122 4540 subter
3157 4487 3494 4547 decrevimus
3520 4494 3794 4561 roborata.

2213 4575 2266 4622 et
2288 4565 2356 4622 de
2385 4570 2583 4623 annulo
2609 4581 2792 4627 nostro
2817 4575 3037 4643 sigillari
3070 4580 3437 4648 praecepimus.

2284 4660 2508 4729 Signum
2539 4662 2717 4718 Caroli
2750 4665 3121 4735 gloriosissimi
3152 4672 3312 4740 regis.
3339 4672 3490 4728 Rado
3523 4674 3595 4730 ad
3629 4677 3795 4734 vicem

2212 4751 2472 4808 lliulberti
2499 4758 2804 4825 recognovi.

2285 4843 2472 4898 Datum
2503 4845 2554 4898 in
2591 4861 2780 4902 mense
2807 4847 2943 4904 Maio
2970 4863 3109 4904 anno
3137 4862 3326 4919 quarto
3371 4855 3524 4923 regni
3548 4857 3749 4913 nostri.

2281 4935 2471 4991 Actum
2494 4937 2795 4996 Theodone
2823 4940 2966 5008 villa,
2999 4943 3194 5014 palatio
3226 4945 3439 5014 publico
3466 4945 3730 5005 feliciter.

2210 5191 2294 5239 ne,
2329 5177 2659 5248 Wereunde,
2686 5181 2948 5258 _Odi_ke_et_
2973 5185 3170 5258 Veclite
3197 5185 3436 5258 ﬂuxerit,
3461 5189 3640 5247 Leeca
3669 5206 3796 5249 vero

2209 5261 2372 5315 parvo
2415 5260 2617 5305 tantum
2657 5254 2828 5309 rivulo
2867 5254 3002 5309 infra
3051 5255 3388 5312 Dorstadium
3421 5254 3496 5314 ad
3533 5275 3794 5317 occasum

2208 5322 2537 5398 perrexerit,
2587 5331 2843 5398 tanquam
2881 5326 2946 5398 ~in
2997 5326 3164 5380 insula
3207 5342 3394 5384 omnes
3421 5329 3715 5398 praedictas
3743 5341 3799 5391 ei

2208 5387 2529 5463 adjacentes;
2548 5387 2718 5446 villas'
2739 5396 3045 5463 complexus
3073 5406 3174 5451 est.

2280 5457 2306 5495 ἀ
2351 5457 2479 5513 Ideo
2508 5459 2643 5514 hanc
2668 5457 3078 5530 praceptionem.
3120 5466 3212 5520 Sic
3240 5476 3388 5535 post.
3418 5477 3659 5523 nostrum
3688 5471 3794 5523 Iar-

2245 5529 2378 5582 itatis
2408 5543 2715 5588 prwccptum
2739 5545 2791 5587 et
2812 5534 2863 5588 in
2888 5528 3152 5588 Formulis
3174 5536 3428 5588 Marculli.
3455 5538 3548 5588 lib-
3574 5555 3636 5588 ll-
3661 5556 3794 5588 nnt-

2203 5536 2378 5598 gitau‘s
2408 5543 2715 5599 prwceptum
2739 5545 2791 5587 et
2812 5536 2863 5588 in
2888 5536 3152 5588 Furmulis
3174 5536 3428 5599 Marculli,
3455 5538 3548 5594 lib.
3573 5555 3636 5598 tt.
3660 5556 3798 5607 prur-

2205 5611 2407 5676 ceptum
2449 5600 2747 5676 denariale,
2777 5611 2900 5676 etc:
2926 5603 3084 5676 Grgg.
3115 5603 3342 5670 anon.,
3377 5607 3470 5660 lib.
3507 5624 3560 5662 ιι
3601 5609 3745 5663 Hist.
3776 5625 3792 5676 ;

2203 5669 2443 5756 Annum,
2477 5670 2573 5756 lib.
2599 5687 2652 5754 v,
2685 5686 2804 5756 cap.
2836 5672 2940 5725 36:
2997 5669 3313 5756 Prwceptunt
3330 5669 3397 5756 Vde
3427 5669 3798 5748 conﬁrmatio;

2205 5754 2265 5792 ne
2295 5741 2448 5796 totius
2474 5741 2690 5798 abbatia:
2719 5743 2780 5797 de
2807 5758 2944 5798 more
2971 5741 3256 5814 principum
3285 5745 3426 5814 fecit.

534 5501 755 5567 vectigal
787 5512 987 5567 putant.

609 5571 902 5652 timidam
950 5573 1118 5652 illam.
1160 5573 1446 5652 Signanlur
1492 5581 1577 5637 hic
1622 5585 1740 5652 pagi
1791 5585 2004 5651 Doorne
2041 5600 2095 5646 et

528 5637 892 5723 llotlie_n._qui
939 5651 1063 5696 sunt.
1085 5637 1245 5723 “inter
1287 5648 1493 5723 alveum
1535 5637 1812 5723 antiquum
1839 5637 2009 5713 illiciti

759 5707 1301 5800 senescamus
1339 5719 1465 5774 οιίηι
1496 5737 1524 5776 a
1552 5707 2096 5800 parsoiteaaiifba:

533 5777 639 5845 nidi
662 5777 728 5833 de
759 5777 979 5834 Dorstad
1012 5781 1313 5853 Trajectum
1345 5803 1530 5849 versus
1553 5777 1700 5850 inter
1732 5777 2093 5858 villa—stilici-
