  <div class='ocr_page' id='page_1' title='image "/cluster/home/n/w/nwhite01/storage/ocr_20150623/97/hvd.32044015466766/555.png"; bbox 0 0 3964 6344; ppageno 0'>
   <div class='ocr_carea' id='block_1_1' title="bbox 557 275 698 356">
    <p class='ocr_par' dir='ltr' id='par_1_1' title="bbox 557 275 698 356">
     <span class='ocr_line' id='line_1_1' title="bbox 557 275 698 356; baseline -0.028 0"><span class='ocrx_word' id='word_1_1' title='bbox 557 275 698 356; x_wconf 76' lang='lat' dir='ltr'><strong>i005</strong></span> 
     </span>
    </p>
   </div>
   <div class='ocr_carea' id='block_1_2' title="bbox 1441 235 2923 350">
    <p class='ocr_par' dir='ltr' id='par_1_2' title="bbox 1441 235 2923 350">
     <span class='ocr_line' id='line_1_2' title="bbox 1441 235 2923 350; baseline -0.003 -2"><span class='ocrx_word' id='word_1_2' title='bbox 1441 291 1502 348; x_wconf 74' lang='grc' dir='ltr'><strong>Β.</strong></span> <span class='ocrx_word' id='word_1_3' title='bbox 1542 287 1793 350; x_wconf 67' lang='lat' dir='ltr'><strong>cauom</strong></span> <span class='ocrx_word' id='word_1_4' title='bbox 1833 285 2045 349; x_wconf 75' lang='lat' dir='ltr'><strong>MAGNI</strong></span> <span class='ocrx_word' id='word_1_5' title='bbox 2081 275 2234 346; x_wconf 64' lang='lat' dir='ltr'><strong>opp.</strong></span> <span class='ocrx_word' id='word_1_6' title='bbox 2276 273 2455 346; x_wconf 70' lang='lat' dir='ltr'><strong>PARS</strong></span> <span class='ocrx_word' id='word_1_7' title='bbox 2495 235 2820 346; x_wconf 29' lang='lat' dir='ltr'><strong>LLSECTIO</strong></span> <span class='ocrx_word' id='word_1_8' title='bbox 2857 289 2923 344; x_wconf 92' lang='lat' dir='ltr'><strong>ll.</strong></span> 
     </span>
    </p>
   </div>
   <div class='ocr_carea' id='block_1_3' title="bbox 3711 269 3831 359">
    <p class='ocr_par' dir='ltr' id='par_1_3' title="bbox 3711 269 3831 359">
     <span class='ocr_line' id='line_1_3' title="bbox 3711 269 3831 359; baseline 0.033 -4"><span class='ocrx_word' id='word_1_9' title='bbox 3711 269 3831 359; x_wconf 58' lang='grc' dir='ltr'><strong>ἡδὲ</strong></span> 
     </span>
    </p>
   </div>
   <div class='ocr_carea' id='block_1_4' title="bbox 572 395 3833 483">
    <p class='ocr_par' dir='ltr' id='par_1_4' title="bbox 572 395 3833 483">
     <span class='ocr_line' id='line_1_4' title="bbox 572 395 3833 483; baseline 0 -15"><span class='ocrx_word' id='word_1_10' title='bbox 572 411 873 483; x_wconf 77' lang='lat' dir='ltr'><strong>profectum</strong></span> <span class='ocrx_word' id='word_1_11' title='bbox 896 409 1089 466; x_wconf 61' lang='lat' dir='ltr'><strong>animae</strong></span> <span class='ocrx_word' id='word_1_12' title='bbox 1119 417 1277 480; x_wconf 87' lang='lat' dir='ltr'><strong>atque</strong></span> <span class='ocrx_word' id='word_1_13' title='bbox 1299 408 1372 464; x_wconf 84' lang='lat' dir='ltr'><strong>ad</strong></span> <span class='ocrx_word' id='word_1_14' title='bbox 1397 410 1756 482; x_wconf 76' lang='lat' dir='ltr'><strong>_&#39;stabilitatem</strong></span> <span class='ocrx_word' id='word_1_15' title='bbox 1796 409 1945 478; x_wconf 86' lang='lat' dir='ltr'><strong>regni</strong></span> <span class='ocrx_word' id='word_1_16' title='bbox 1975 407 2141 463; x_wconf 87' lang='lat' dir='ltr'><strong>nostri</strong></span> <span class='ocrx_word' id='word_1_17' title='bbox 2175 411 2220 468; x_wconf 80' lang='grc' dir='ltr'>Α</span> <span class='ocrx_word' id='word_1_18' title='bbox 2249 405 2506 461; x_wconf 82' lang='lat' dir='ltr'><strong>Bonifacii</strong></span> <span class='ocrx_word' id='word_1_19' title='bbox 2533 405 2761 475; x_wconf 81' lang='lat' dir='ltr'><strong>quiescit</strong></span> <span class='ocrx_word' id='word_1_20' title='bbox 2787 406 3062 460; x_wconf 76' lang='lat' dir='ltr'><strong>humatum</strong></span> <span class='ocrx_word' id='word_1_21' title='bbox 3099 395 3158 462; x_wconf 70' lang='lat' dir='ltr'><strong>et</strong></span> <span class='ocrx_word' id='word_1_22' title='bbox 3186 407 3266 463; x_wconf 86' lang='lat' dir='ltr'><strong>vir</strong></span> <span class='ocrx_word' id='word_1_23' title='bbox 3291 397 3640 469; x_wconf 72' lang='lat' dir='ltr'><strong>venerabilis</strong></span> <span class='ocrx_word' id='word_1_24' title='bbox 3680 414 3833 473; x_wconf 69' lang='lat' dir='ltr'><strong>Bson.</strong></span> 
     </span>
    </p>
   </div>
   <div class='ocr_carea' id='block_1_5' title="bbox 557 494 2137 573">
    <p class='ocr_par' dir='ltr' id='par_1_5' title="bbox 557 494 2137 573">
     <span class='ocr_line' id='line_1_5' title="bbox 557 494 2137 573; baseline -0.004 -15"><span class='ocrx_word' id='word_1_25' title='bbox 557 494 830 573; x_wconf 80' lang='lat' dir='ltr'><strong>pertinere</strong></span> <span class='ocrx_word' id='word_1_26' title='bbox 853 501 1193 568; x_wconf 84' lang='lat' dir='ltr'><strong>conﬁdimus,</strong></span> <span class='ocrx_word' id='word_1_27' title='bbox 1220 503 1379 572; x_wconf 89' lang='lat' dir='ltr'><strong>igitur</strong></span> <span class='ocrx_word' id='word_1_28' title='bbox 1404 511 1589 556; x_wconf 91' lang='lat' dir='ltr'><strong>notum</strong></span> <span class='ocrx_word' id='word_1_29' title='bbox 1627 502 1694 555; x_wconf 87' lang='lat' dir='ltr'><strong>sit</strong></span> <span class='ocrx_word' id='word_1_30' title='bbox 1724 501 1960 554; x_wconf 87' lang='lat' dir='ltr'><strong>omnium</strong></span> <span class='ocrx_word' id='word_1_31' title='bbox 2004 498 2137 552; x_wconf 89' lang='lat' dir='ltr'><strong>ﬁde-</strong></span> 
     </span>
    </p>
   </div>
   <div class='ocr_carea' id='block_1_6' title="bbox 561 588 2139 662">
    <p class='ocr_par' dir='ltr' id='par_1_6' title="bbox 561 588 2139 662">
     <span class='ocr_line' id='line_1_6' title="bbox 561 588 2139 662; baseline -0.003 -15"><span class='ocrx_word' id='word_1_32' title='bbox 561 593 688 647; x_wconf 90' lang='lat' dir='ltr'><strong>lium</strong></span> <span class='ocrx_word' id='word_1_33' title='bbox 737 593 1043 647; x_wconf 78' lang='lat' dir='ltr'><strong>uestrorum</strong></span> <span class='ocrx_word' id='word_1_34' title='bbox 1093 593 1444 662; x_wconf 87' lang='lat' dir='ltr'><strong>magnitudini</strong></span> <span class='ocrx_word' id='word_1_35' title='bbox 1463 607 1488 658; x_wconf 84' lang='lat'><strong>&#39;,</strong></span> <span class='ocrx_word' id='word_1_36' title='bbox 1535 588 1766 662; x_wconf 87' lang='lat' dir='ltr'><strong>qualiter</strong></span> <span class='ocrx_word' id='word_1_37' title='bbox 1793 604 1888 644; x_wconf 89' lang='lat' dir='ltr'><strong>nos</strong></span> <span class='ocrx_word' id='word_1_38' title='bbox 1921 598 2139 658; x_wconf 78' lang='lat' dir='ltr'><strong>propter</strong></span> 
     </span>
    </p>
   </div>
   <div class='ocr_carea' id='block_1_7' title="bbox 558 677 2136 754">
    <p class='ocr_par' dir='ltr' id='par_1_7' title="bbox 558 677 2136 754">
     <span class='ocr_line' id='line_1_7' title="bbox 558 677 2136 754; baseline -0.004 -15"><span class='ocrx_word' id='word_1_39' title='bbox 558 697 752 739; x_wconf 86' lang='lat' dir='ltr'><strong>nomen</strong></span> <span class='ocrx_word' id='word_1_40' title='bbox 799 683 1008 754; x_wconf 87' lang='lat' dir='ltr'><strong>Domini</strong></span> <span class='ocrx_word' id='word_1_41' title='bbox 1055 691 1109 738; x_wconf 92' lang='lat' dir='ltr'><strong>et</strong></span> <span class='ocrx_word' id='word_1_42' title='bbox 1155 683 1344 737; x_wconf 64' lang='lat' dir='ltr'><strong>animat</strong></span> <span class='ocrx_word' id='word_1_43' title='bbox 1392 691 1588 738; x_wconf 70' lang='lat' dir='ltr'><strong>nostra:</strong></span> <span class='ocrx_word' id='word_1_44' title='bbox 1617 677 2136 737; x_wconf 57' lang='lat' dir='ltr'><strong>salutem&#39;donamus</strong></span> 
     </span>
    </p>
   </div>
   <div class='ocr_carea' id='block_1_8' title="bbox 557 771 2137 842">
    <p class='ocr_par' dir='ltr' id='par_1_8' title="bbox 557 771 2137 842">
     <span class='ocr_line' id='line_1_8' title="bbox 557 771 2137 842; baseline -0.002 -14"><span class='ocrx_word' id='word_1_45' title='bbox 557 784 721 842; x_wconf 90' lang='lat' dir='ltr'><strong>atque</strong></span> <span class='ocrx_word' id='word_1_46' title='bbox 761 773 1128 828; x_wconf 79' lang='lat' dir='ltr'><strong>conti-adimus</strong></span> <span class='ocrx_word' id='word_1_47' title='bbox 1185 773 1253 827; x_wconf 87' lang='lat' dir='ltr'><strong>ad</strong></span> <span class='ocrx_word' id='word_1_48' title='bbox 1313 772 1566 829; x_wconf 85' lang='lat' dir='ltr'><strong>Fultense</strong></span> <span class='ocrx_word' id='word_1_49' title='bbox 1613 773 1996 827; x_wconf 80' lang='lat' dir='ltr'><strong>monasterium</strong></span> <span class='ocrx_word' id='word_1_50' title='bbox 2046 771 2137 825; x_wconf 90' lang='lat' dir='ltr'><strong>ubi</strong></span> 
     </span>
    </p>
   </div>
   <div class='ocr_carea' id='block_1_9' title="bbox 558 862 2140 936">
    <p class='ocr_par' dir='ltr' id='par_1_9' title="bbox 558 862 2140 936">
     <span class='ocr_line' id='line_1_9' title="bbox 558 862 2140 936; baseline -0.001 -18"><span class='ocrx_word' id='word_1_51' title='bbox 558 863 996 933; x_wconf 66' lang='lat' dir='ltr'><strong>praetiosissimus</strong></span> <span class='ocrx_word' id='word_1_52' title='bbox 1035 862 1236 918; x_wconf 83' lang='lat' dir='ltr'><strong>Christi</strong></span> <span class='ocrx_word' id='word_1_53' title='bbox 1285 875 1484 936; x_wconf 86' lang='lat' dir='ltr'><strong>martyr</strong></span> <span class='ocrx_word' id='word_1_54' title='bbox 1523 864 1824 919; x_wconf 82' lang='lat' dir='ltr'><strong>Bonifacius</strong></span> <span class='ocrx_word' id='word_1_55' title='bbox 1853 863 2140 932; x_wconf 85' lang='lat' dir='ltr'><strong>corporali-</strong></span> 
     </span>
    </p>
   </div>
   <div class='ocr_carea' id='block_1_10' title="bbox 560 957 2137 1026">
    <p class='ocr_par' dir='ltr' id='par_1_10' title="bbox 560 957 2137 1026">
     <span class='ocr_line' id='line_1_10' title="bbox 560 957 2137 1026; baseline -0.003 -15"><span class='ocrx_word' id='word_1_56' title='bbox 560 966 642 1012; x_wconf 88' lang='lat' dir='ltr'><strong>ter</strong></span> <span class='ocrx_word' id='word_1_57' title='bbox 672 957 962 1026; x_wconf 86' lang='lat' dir='ltr'><strong>requiescit</strong></span> <span class='ocrx_word' id='word_1_58' title='bbox 992 965 1044 1012; x_wconf 89' lang='lat' dir='ltr'><strong>et</strong></span> <span class='ocrx_word' id='word_1_59' title='bbox 1073 958 1153 1011; x_wconf 87' lang='lat' dir='ltr'><strong>vir</strong></span> <span class='ocrx_word' id='word_1_60' title='bbox 1184 957 1504 1011; x_wconf 83' lang='lat' dir='ltr'><strong>venerabilis</strong></span> <span class='ocrx_word' id='word_1_61' title='bbox 1536 957 1751 1012; x_wconf 87' lang='lat' dir='ltr'><strong>Surmio</strong></span> <span class='ocrx_word' id='word_1_62' title='bbox 1780 957 1915 1010; x_wconf 88' lang='lat' dir='ltr'><strong>abba</strong></span> <span class='ocrx_word' id='word_1_63' title='bbox 1948 964 2137 1008; x_wconf 82' lang='lat' dir='ltr'><strong>turmae</strong></span> 
     </span>
    </p>
   </div>
   <div class='ocr_carea' id='block_1_11' title="bbox 559 1047 2138 1117">
    <p class='ocr_par' dir='ltr' id='par_1_11' title="bbox 559 1047 2138 1117">
     <span class='ocr_line' id='line_1_11' title="bbox 559 1047 2138 1117; baseline -0.001 -16"><span class='ocrx_word' id='word_1_64' title='bbox 559 1048 948 1103; x_wconf 84' lang='lat' dir='ltr'><strong>monachorum</strong></span> <span class='ocrx_word' id='word_1_65' title='bbox 999 1061 1233 1116; x_wconf 67' lang='lat' dir='ltr'><strong>praeesse</strong></span> <span class='ocrx_word' id='word_1_66' title='bbox 1265 1047 1474 1102; x_wconf 90' lang='lat' dir='ltr'><strong>videtur</strong></span> <span class='ocrx_word' id='word_1_67' title='bbox 1515 1048 1879 1117; x_wconf 87' lang='lat' dir='ltr'><strong>donatumque</strong></span> <span class='ocrx_word' id='word_1_68' title='bbox 1917 1047 1968 1101; x_wconf 92' lang='lat' dir='ltr'><strong>in</strong></span> <span class='ocrx_word' id='word_1_69' title='bbox 2017 1061 2138 1115; x_wconf 89' lang='lat' dir='ltr'><strong>per-</strong></span> 
     </span>
    </p>
   </div>
   <div class='ocr_carea' id='block_1_12' title="bbox 558 1135 2137 1206">
    <p class='ocr_par' dir='ltr' id='par_1_12' title="bbox 558 1135 2137 1206">
     <span class='ocr_line' id='line_1_12' title="bbox 558 1135 2137 1206; baseline -0.001 -14"><span class='ocrx_word' id='word_1_70' title='bbox 558 1146 774 1206; x_wconf 89' lang='lat' dir='ltr'><strong>petuum</strong></span> <span class='ocrx_word' id='word_1_71' title='bbox 821 1151 943 1193; x_wconf 89' lang='lat' dir='ltr'><strong>esse</strong></span> <span class='ocrx_word' id='word_1_72' title='bbox 987 1137 1235 1192; x_wconf 90' lang='lat' dir='ltr'><strong>volumus</strong></span> <span class='ocrx_word' id='word_1_73' title='bbox 1265 1136 1520 1205; x_wconf 89' lang='lat' dir='ltr'><strong>quasdam</strong></span> <span class='ocrx_word' id='word_1_74' title='bbox 1553 1151 1638 1190; x_wconf 89' lang='lat' dir='ltr'><strong>res</strong></span> <span class='ocrx_word' id='word_1_75' title='bbox 1671 1135 2013 1205; x_wconf 82' lang='lat' dir='ltr'><strong>pmprietatis</strong></span> <span class='ocrx_word' id='word_1_76' title='bbox 2039 1141 2137 1190; x_wconf 84' lang='lat' dir='ltr'><strong>no-</strong></span> 
     </span>
    </p>
   </div>
   <div class='ocr_carea' id='block_1_13' title="bbox 555 1225 2136 1297">
    <p class='ocr_par' dir='ltr' id='par_1_13' title="bbox 555 1225 2136 1297">
     <span class='ocr_line' id='line_1_13' title="bbox 555 1225 2136 1297; baseline -0.001 -15"><span class='ocrx_word' id='word_1_77' title='bbox 555 1239 702 1297; x_wconf 75' lang='lat' dir='ltr'><strong>strze,</strong></span> <span class='ocrx_word' id='word_1_78' title='bbox 733 1229 833 1282; x_wconf 90' lang='lat' dir='ltr'><strong>hoc</strong></span> <span class='ocrx_word' id='word_1_79' title='bbox 860 1236 941 1282; x_wconf 92' lang='lat' dir='ltr'><strong>est</strong></span> <span class='ocrx_word' id='word_1_80' title='bbox 969 1227 1021 1282; x_wconf 89' lang='lat' dir='ltr'><strong>in</strong></span> <span class='ocrx_word' id='word_1_81' title='bbox 1067 1243 1198 1297; x_wconf 91' lang='lat' dir='ltr'><strong>pago</strong></span> <span class='ocrx_word' id='word_1_82' title='bbox 1227 1225 1641 1293; x_wconf 82' lang='lat' dir='ltr'><strong>Wormaccttse,</strong></span> <span class='ocrx_word' id='word_1_83' title='bbox 1674 1227 1926 1296; x_wconf 76' lang='lat' dir='ltr'><strong>quidquid</strong></span> <span class='ocrx_word' id='word_1_84' title='bbox 1958 1226 2136 1282; x_wconf 87' lang='lat' dir='ltr'><strong>ﬁdelis</strong></span> 
     </span>
    </p>
   </div>
   <div class='ocr_carea' id='block_1_14' title="bbox 557 1318 2138 1388">
    <p class='ocr_par' dir='ltr' id='par_1_14' title="bbox 557 1318 2138 1388">
     <span class='ocr_line' id='line_1_14' title="bbox 557 1318 2138 1388; baseline 0 -16"><span class='ocrx_word' id='word_1_85' title='bbox 557 1329 737 1374; x_wconf 90' lang='lat' dir='ltr'><strong>noster</strong></span> <span class='ocrx_word' id='word_1_86' title='bbox 778 1319 1030 1375; x_wconf 89' lang='lat' dir='ltr'><strong>Otkarius</strong></span> <span class='ocrx_word' id='word_1_87' title='bbox 1070 1334 1168 1388; x_wconf 87' lang='lat' dir='ltr'><strong>per</strong></span> <span class='ocrx_word' id='word_1_88' title='bbox 1219 1325 1464 1372; x_wconf 82' lang='lat' dir='ltr'><strong>nostrum</strong></span> <span class='ocrx_word' id='word_1_89' title='bbox 1510 1318 1825 1372; x_wconf 86' lang='lat' dir='ltr'><strong>beneﬁcium</strong></span> <span class='ocrx_word' id='word_1_90' title='bbox 1878 1318 2021 1370; x_wconf 87' lang='lat' dir='ltr'><strong>visus</strong></span> <span class='ocrx_word' id='word_1_91' title='bbox 2053 1327 2138 1372; x_wconf 85' lang='lat' dir='ltr'><strong>est</strong></span> 
     </span>
    </p>
   </div>
   <div class='ocr_carea' id='block_1_15' title="bbox 556 1409 2134 1481">
    <p class='ocr_par' dir='ltr' id='par_1_15' title="bbox 556 1409 2134 1481">
     <span class='ocr_line' id='line_1_15' title="bbox 556 1409 2134 1481; baseline -0.001 -17"><span class='ocrx_word' id='word_1_92' title='bbox 556 1409 809 1466; x_wconf 86' lang='lat' dir='ltr'><strong>habuisse</strong></span> <span class='ocrx_word' id='word_1_93' title='bbox 835 1437 852 1479; x_wconf 89' lang='lat'><strong>-,</strong></span> <span class='ocrx_word' id='word_1_94' title='bbox 904 1413 1005 1466; x_wconf 91' lang='lat' dir='ltr'><strong>hoc</strong></span> <span class='ocrx_word' id='word_1_95' title='bbox 1035 1421 1114 1466; x_wconf 90' lang='lat' dir='ltr'><strong>est</strong></span> <span class='ocrx_word' id='word_1_96' title='bbox 1137 1412 1188 1466; x_wconf 92' lang='lat' dir='ltr'><strong>in</strong></span> <span class='ocrx_word' id='word_1_97' title='bbox 1216 1411 1480 1481; x_wconf 80' lang='lat' dir='ltr'><strong>Mogontia</strong></span> <span class='ocrx_word' id='word_1_98' title='bbox 1510 1410 1725 1466; x_wconf 80' lang='lat' dir='ltr'><strong>civitate</strong></span> <span class='ocrx_word' id='word_1_99' title='bbox 1757 1427 1974 1466; x_wconf 85' lang='lat' dir='ltr'><strong>mansos</strong></span> <span class='ocrx_word' id='word_1_100' title='bbox 2007 1420 2134 1476; x_wconf 67' lang='lat' dir='ltr'><strong>axv,</strong></span> 
     </span>
    </p>
   </div>
   <div class='ocr_carea' id='block_1_16' title="bbox 555 1500 2137 1571">
    <p class='ocr_par' dir='ltr' id='par_1_16' title="bbox 555 1500 2137 1571">
     <span class='ocr_line' id='line_1_16' title="bbox 555 1500 2137 1571; baseline 0.001 -17"><span class='ocrx_word' id='word_1_101' title='bbox 555 1508 612 1554; x_wconf 89' lang='lat' dir='ltr'><strong>et</strong></span> <span class='ocrx_word' id='word_1_102' title='bbox 643 1500 908 1571; x_wconf 90' lang='lat' dir='ltr'><strong>mancipia</strong></span> <span class='ocrx_word' id='word_1_103' title='bbox 944 1515 1069 1555; x_wconf 73' lang='lat' dir='ltr'><strong>LXVI</strong></span> <span class='ocrx_word' id='word_1_104' title='bbox 1112 1509 1166 1555; x_wconf 88' lang='lat' dir='ltr'><strong>et</strong></span> <span class='ocrx_word' id='word_1_105' title='bbox 1197 1515 1312 1566; x_wconf 76' lang='lat' dir='ltr'><strong>xvr,</strong></span> <span class='ocrx_word' id='word_1_106' title='bbox 1349 1500 1484 1556; x_wconf 85' lang='lat' dir='ltr'><strong>Iidos</strong></span> <span class='ocrx_word' id='word_1_107' title='bbox 1514 1512 1568 1556; x_wconf 89' lang='lat' dir='ltr'><strong>et</strong></span> <span class='ocrx_word' id='word_1_108' title='bbox 1599 1502 1780 1556; x_wconf 87' lang='lat' dir='ltr'><strong>vineas</strong></span> <span class='ocrx_word' id='word_1_109' title='bbox 1803 1502 1869 1556; x_wconf 83' lang='lat' dir='ltr'><strong>ad</strong></span> <span class='ocrx_word' id='word_1_110' title='bbox 1899 1501 2014 1571; x_wconf 90' lang='lat' dir='ltr'><strong>ipsa</strong></span> <span class='ocrx_word' id='word_1_111' title='bbox 2045 1502 2137 1556; x_wconf 89' lang='lat' dir='ltr'><strong>be-</strong></span> 
     </span>
    </p>
   </div>
   <div class='ocr_carea' id='block_1_17' title="bbox 555 1589 2138 1660">
    <p class='ocr_par' dir='ltr' id='par_1_17' title="bbox 555 1589 2138 1660">
     <span class='ocr_line' id='line_1_17' title="bbox 555 1589 2138 1660; baseline 0.003 -16"><span class='ocrx_word' id='word_1_112' title='bbox 555 1589 745 1646; x_wconf 88' lang='lat' dir='ltr'><strong>neﬁcia</strong></span> <span class='ocrx_word' id='word_1_113' title='bbox 793 1592 1120 1660; x_wconf 85' lang='lat' dir='ltr'><strong>pertinentes</strong></span> <span class='ocrx_word' id='word_1_114' title='bbox 1168 1591 1414 1648; x_wconf 83' lang='lat' dir='ltr'><strong>similiter</strong></span> <span class='ocrx_word' id='word_1_115' title='bbox 1455 1608 1582 1648; x_wconf 89' lang='lat' dir='ltr'><strong>vero</strong></span> <span class='ocrx_word' id='word_1_116' title='bbox 1611 1593 1662 1647; x_wconf 92' lang='lat' dir='ltr'><strong>in</strong></span> <span class='ocrx_word' id='word_1_117' title='bbox 1693 1594 1801 1648; x_wconf 88' lang='lat' dir='ltr'><strong>alio</strong></span> <span class='ocrx_word' id='word_1_118' title='bbox 1847 1595 1963 1650; x_wconf 85' lang='lat' dir='ltr'><strong>loco</strong></span> <span class='ocrx_word' id='word_1_119' title='bbox 2003 1593 2138 1648; x_wconf 79' lang='lat' dir='ltr'><strong>infra</strong></span> 
     </span>
    </p>
   </div>
   <div class='ocr_carea' id='block_1_18' title="bbox 556 1679 2206 1756">
    <p class='ocr_par' dir='ltr' id='par_1_18' title="bbox 556 1679 2206 1756">
     <span class='ocr_line' id='line_1_18' title="bbox 556 1679 2206 1756; baseline 0.004 -22"><span class='ocrx_word' id='word_1_120' title='bbox 556 1679 764 1736; x_wconf 81' lang='lat' dir='ltr'><strong>Renum</strong></span> <span class='ocrx_word' id='word_1_121' title='bbox 813 1685 864 1737; x_wconf 95' lang='lat' dir='ltr'><strong>in</strong></span> <span class='ocrx_word' id='word_1_122' title='bbox 913 1683 1032 1738; x_wconf 82' lang='lat' dir='ltr'><strong>loco</strong></span> <span class='ocrx_word' id='word_1_123' title='bbox 1077 1684 1165 1753; x_wconf 91' lang='lat' dir='ltr'><strong>qui</strong></span> <span class='ocrx_word' id='word_1_124' title='bbox 1209 1683 1406 1739; x_wconf 87' lang='lat' dir='ltr'><strong>dicitur</strong></span> <span class='ocrx_word' id='word_1_125' title='bbox 1455 1685 1848 1756; x_wconf 85' lang='lat' dir='ltr'><strong>Lub&#39;ringouva,</strong></span> <span class='ocrx_word' id='word_1_126' title='bbox 1899 1687 1952 1741; x_wconf 92' lang='lat' dir='ltr'><strong>in</strong></span> <span class='ocrx_word' id='word_1_127' title='bbox 1982 1687 2139 1742; x_wconf 91' lang='lat' dir='ltr'><strong>tertio</strong></span> <span class='ocrx_word' id='word_1_128' title='bbox 2204 1751 2206 1756; x_wconf 90' lang='lat'><em>_</em></span> 
     </span>
    </p>
   </div>
   <div class='ocr_carea' id='block_1_19' title="bbox 2236 496 3827 576">
    <p class='ocr_par' dir='ltr' id='par_1_19' title="bbox 2236 496 3827 576">
     <span class='ocr_line' id='line_1_19' title="bbox 2236 496 3827 576; baseline 0.009 -26"><span class='ocrx_word' id='word_1_129' title='bbox 2236 496 2412 550; x_wconf 87' lang='lat' dir='ltr'><strong>vutt‘ns</strong></span> <span class='ocrx_word' id='word_1_130' title='bbox 2439 497 2492 550; x_wconf 91' lang='lat' dir='ltr'><strong>in</strong></span> <span class='ocrx_word' id='word_1_131' title='bbox 2523 498 2782 566; x_wconf 87' lang='lat' dir='ltr'><strong>regimine</strong></span> <span class='ocrx_word' id='word_1_132' title='bbox 2815 499 3013 554; x_wconf 89' lang='lat' dir='ltr'><strong>habere</strong></span> <span class='ocrx_word' id='word_1_133' title='bbox 3041 500 3274 556; x_wconf 87' lang='lat' dir='ltr'><strong>videtur.</strong></span> <span class='ocrx_word' id='word_1_134' title='bbox 3313 503 3539 574; x_wconf 84' lang='lat' dir='ltr'><strong>Campo</strong></span> <span class='ocrx_word' id='word_1_135' title='bbox 3582 508 3680 576; x_wconf 87' lang='lat' dir='ltr'><strong>qui</strong></span> <span class='ocrx_word' id='word_1_136' title='bbox 3709 509 3827 566; x_wconf 84' lang='lat' dir='ltr'><strong>dici-</strong></span> 
     </span>
    </p>
   </div>
   <div class='ocr_carea' id='block_1_20' title="bbox 2239 582 3832 663">
    <p class='ocr_par' dir='ltr' id='par_1_20' title="bbox 2239 582 3832 663">
     <span class='ocr_line' id='line_1_20' title="bbox 2239 582 3832 663; baseline 0.009 -26"><span class='ocrx_word' id='word_1_137' title='bbox 2239 593 2325 638; x_wconf 90' lang='lat' dir='ltr'><strong>tur</strong></span> <span class='ocrx_word' id='word_1_138' title='bbox 2373 582 2600 639; x_wconf 81' lang='lat' dir='ltr'><strong>Unoield</strong></span> <span class='ocrx_word' id='word_1_139' title='bbox 2651 601 2773 641; x_wconf 90' lang='lat' dir='ltr'><strong>cum</strong></span> <span class='ocrx_word' id='word_1_140' title='bbox 2805 587 2954 642; x_wconf 83' lang='lat' dir='ltr'><strong>silvis</strong></span> <span class='ocrx_word' id='word_1_141' title='bbox 2995 589 3109 642; x_wconf 86' lang='lat' dir='ltr'><strong>suis</strong></span> <span class='ocrx_word' id='word_1_142' title='bbox 3145 592 3404 647; x_wconf 87' lang='lat' dir='ltr'><strong>tradimus</strong></span> <span class='ocrx_word' id='word_1_143' title='bbox 3454 598 3832 663; x_wconf 85' lang='lat' dir='ltr'><strong>perpetuatiter</strong></span> 
     </span>
    </p>
   </div>
   <div class='ocr_carea' id='block_1_21' title="bbox 2238 676 3826 748">
    <p class='ocr_par' dir='ltr' id='par_1_21' title="bbox 2238 676 3826 748">
     <span class='ocr_line' id='line_1_21' title="bbox 2238 676 3826 748; baseline 0.008 -18"><span class='ocrx_word' id='word_1_144' title='bbox 2238 677 2304 730; x_wconf 89' lang='lat' dir='ltr'><strong>ad</strong></span> <span class='ocrx_word' id='word_1_145' title='bbox 2337 676 2782 745; x_wconf 60' lang='lat' dir='ltr'><strong>possedcndum&#39;:</strong></span> <span class='ocrx_word' id='word_1_146' title='bbox 2817 678 3101 748; x_wconf 84' lang='lat' dir='ltr'><strong>propterea</strong></span> <span class='ocrx_word' id='word_1_147' title='bbox 3133 684 3268 736; x_wconf 85' lang='lat' dir='ltr'><strong>hanc</strong></span> <span class='ocrx_word' id='word_1_148' title='bbox 3309 684 3711 742; x_wconf 84' lang='lat' dir='ltr'><strong>auctoritatem</strong></span> <span class='ocrx_word' id='word_1_149' title='bbox 3750 705 3826 743; x_wconf 85' lang='lat' dir='ltr'><strong>no-</strong></span> 
     </span>
    </p>
   </div>
   <div class='ocr_carea' id='block_1_22' title="bbox 2239 770 3829 845">
    <p class='ocr_par' dir='ltr' id='par_1_22' title="bbox 2239 770 3829 845">
     <span class='ocr_line' id='line_1_22' title="bbox 2239 770 3829 845; baseline 0.008 -24"><span class='ocrx_word' id='word_1_150' title='bbox 2239 777 2403 822; x_wconf 85' lang='lat' dir='ltr'><strong>stram</strong></span> <span class='ocrx_word' id='word_1_151' title='bbox 2455 770 2798 825; x_wconf 78' lang='lat' dir='ltr'><strong>conscribere</strong></span> <span class='ocrx_word' id='word_1_152' title='bbox 2844 771 3141 841; x_wconf 81' lang='lat' dir='ltr'><strong>iussimus,</strong></span> <span class='ocrx_word' id='word_1_153' title='bbox 3192 789 3285 842; x_wconf 84' lang='lat' dir='ltr'><strong>per</strong></span> <span class='ocrx_word' id='word_1_154' title='bbox 3330 790 3505 845; x_wconf 91' lang='lat' dir='ltr'><strong>quam</strong></span> <span class='ocrx_word' id='word_1_155' title='bbox 3536 779 3829 844; x_wconf 82' lang='lat' dir='ltr'><strong>Specialiter</strong></span> 
     </span>
    </p>
   </div>
   <div class='ocr_carea' id='block_1_23' title="bbox 2237 859 3828 934">
    <p class='ocr_par' dir='ltr' id='par_1_23' title="bbox 2237 859 3828 934">
     <span class='ocr_line' id='line_1_23' title="bbox 2237 859 3828 934; baseline 0.007 -21"><span class='ocrx_word' id='word_1_156' title='bbox 2237 859 2580 914; x_wconf 84' lang='lat' dir='ltr'><strong>decernimus</strong></span> <span class='ocrx_word' id='word_1_157' title='bbox 2613 861 2968 916; x_wconf 84' lang='lat' dir='ltr'><strong>ordinandum</strong></span> <span class='ocrx_word' id='word_1_158' title='bbox 3017 871 3076 916; x_wconf 89' lang='lat' dir='ltr'><strong>ut</strong></span> <span class='ocrx_word' id='word_1_159' title='bbox 3107 864 3282 917; x_wconf 89' lang='lat' dir='ltr'><strong>nullus</strong></span> <span class='ocrx_word' id='word_1_160' title='bbox 3311 865 3589 934; x_wconf 85' lang='lat' dir='ltr'><strong>quislibet</strong></span> <span class='ocrx_word' id='word_1_161' title='bbox 3617 865 3688 920; x_wconf 89' lang='lat' dir='ltr'><strong>de</strong></span> <span class='ocrx_word' id='word_1_162' title='bbox 3717 865 3828 924; x_wconf 83' lang='lat' dir='ltr'><strong>ﬁde-</strong></span> 
     </span>
    </p>
   </div>
   <div class='ocr_carea' id='block_1_24' title="bbox 2241 951 3828 1022">
    <p class='ocr_par' dir='ltr' id='par_1_24' title="bbox 2241 951 3828 1022">
     <span class='ocr_line' id='line_1_24' title="bbox 2241 951 3828 1022; baseline 0.006 -19"><span class='ocrx_word' id='word_1_163' title='bbox 2241 951 2378 1006; x_wconf 91' lang='lat' dir='ltr'><strong>libus</strong></span> <span class='ocrx_word' id='word_1_164' title='bbox 2419 959 2512 1005; x_wconf 89' lang='lat' dir='ltr'><strong>aut</strong></span> <span class='ocrx_word' id='word_1_165' title='bbox 2578 952 2978 1006; x_wconf 83' lang='lat' dir='ltr'><strong>successoribus</strong></span> <span class='ocrx_word' id='word_1_166' title='bbox 3023 953 3225 1008; x_wconf 82' lang='lat' dir='ltr'><strong>nostris</strong></span> <span class='ocrx_word' id='word_1_167' title='bbox 3274 953 3537 1022; x_wconf 83' lang='lat' dir='ltr'><strong>predicto</strong></span> <span class='ocrx_word' id='word_1_168' title='bbox 3595 954 3828 1011; x_wconf 84' lang='lat' dir='ltr'><strong>Baovulio</strong></span> 
     </span>
    </p>
   </div>
   <div class='ocr_carea' id='block_1_25' title="bbox 2238 1041 3831 1114">
    <p class='ocr_par' dir='ltr' id='par_1_25' title="bbox 2238 1041 3831 1114">
     <span class='ocr_line' id='line_1_25' title="bbox 2238 1041 3831 1114; baseline 0.006 -20"><span class='ocrx_word' id='word_1_169' title='bbox 2238 1042 2434 1096; x_wconf 84' lang='lat' dir='ltr'><strong>abbate</strong></span> <span class='ocrx_word' id='word_1_170' title='bbox 2472 1041 2553 1096; x_wconf 86' lang='lat' dir='ltr'><strong>vel</strong></span> <span class='ocrx_word' id='word_1_171' title='bbox 2590 1043 2994 1099; x_wconf 79' lang='lat' dir='ltr'><strong>successoribus</strong></span> <span class='ocrx_word' id='word_1_172' title='bbox 3032 1045 3145 1098; x_wconf 84' lang='lat' dir='ltr'><strong>suis</strong></span> <span class='ocrx_word' id='word_1_173' title='bbox 3176 1044 3245 1099; x_wconf 89' lang='lat' dir='ltr'><strong>de</strong></span> <span class='ocrx_word' id='word_1_174' title='bbox 3275 1045 3385 1114; x_wconf 76' lang='lat' dir='ltr'><strong>jam</strong></span> <span class='ocrx_word' id='word_1_175' title='bbox 3421 1047 3588 1100; x_wconf 88' lang='lat' dir='ltr'><strong>dicto</strong></span> <span class='ocrx_word' id='word_1_176' title='bbox 3619 1047 3734 1102; x_wconf 83' lang='lat' dir='ltr'><strong>loco</strong></span> <span class='ocrx_word' id='word_1_177' title='bbox 3758 1049 3831 1104; x_wconf 87' lang='lat' dir='ltr'><strong>in-</strong></span> 
     </span>
    </p>
   </div>
   <div class='ocr_carea' id='block_1_26' title="bbox 2239 1133 3823 1202">
    <p class='ocr_par' dir='ltr' id='par_1_26' title="bbox 2239 1133 3823 1202">
     <span class='ocr_line' id='line_1_26' title="bbox 2239 1133 3823 1202; baseline 0.006 -16"><span class='ocrx_word' id='word_1_178' title='bbox 2239 1135 2498 1202; x_wconf 88' lang='lat' dir='ltr'><strong>quietare,</strong></span> <span class='ocrx_word' id='word_1_179' title='bbox 2525 1142 2615 1186; x_wconf 87' lang='lat' dir='ltr'><strong>aut</strong></span> <span class='ocrx_word' id='word_1_180' title='bbox 2641 1144 2827 1188; x_wconf 87' lang='lat' dir='ltr'><strong>contra</strong></span> <span class='ocrx_word' id='word_1_181' title='bbox 2851 1136 3088 1190; x_wconf 81' lang='lat' dir='ltr'><strong>rationes</strong></span> <span class='ocrx_word' id='word_1_182' title='bbox 3118 1136 3372 1191; x_wconf 80' lang='lat' dir='ltr'><strong>ordinare</strong></span> <span class='ocrx_word' id='word_1_183' title='bbox 3392 1137 3494 1192; x_wconf 78' lang='lat' dir='ltr'><strong>vel</strong></span> <span class='ocrx_word' id='word_1_184' title='bbox 3525 1133 3823 1196; x_wconf 78' lang='lat' dir='ltr'><strong>calomniatn</strong></span> 
     </span>
    </p>
   </div>
   <div class='ocr_carea' id='block_1_27' title="bbox 2238 1226 3822 1300">
    <p class='ocr_par' dir='ltr' id='par_1_27' title="bbox 2238 1226 3822 1300">
     <span class='ocr_line' id='line_1_27' title="bbox 2238 1226 3822 1300; baseline 0.004 -22"><span class='ocrx_word' id='word_1_185' title='bbox 2238 1232 2501 1294; x_wconf 82' lang='lat' dir='ltr'><strong>generare</strong></span> <span class='ocrx_word' id='word_1_186' title='bbox 2548 1238 2652 1277; x_wconf 92' lang='lat' dir='ltr'><strong>non</strong></span> <span class='ocrx_word' id='word_1_187' title='bbox 2685 1233 2991 1293; x_wconf 86' lang='lat' dir='ltr'><strong>presumat,</strong></span> <span class='ocrx_word' id='word_1_188' title='bbox 3043 1226 3137 1281; x_wconf 88' lang='lat' dir='ltr'><strong>sed</strong></span> <span class='ocrx_word' id='word_1_189' title='bbox 3168 1228 3369 1281; x_wconf 89' lang='lat' dir='ltr'><strong>nostris</strong></span> <span class='ocrx_word' id='word_1_190' title='bbox 3401 1228 3621 1284; x_wconf 75' lang='lat' dir='ltr'><strong>futuris</strong></span> <span class='ocrx_word' id='word_1_191' title='bbox 3650 1236 3822 1300; x_wconf 65' lang='lat' dir='ltr'><strong>tempe</strong></span> 
     </span>
    </p>
   </div>
   <div class='ocr_carea' id='block_1_28' title="bbox 2241 1321 3822 1392">
    <p class='ocr_par' dir='ltr' id='par_1_28' title="bbox 2241 1321 3822 1392">
     <span class='ocr_line' id='line_1_28' title="bbox 2241 1321 3822 1392; baseline 0.001 -17"><span class='ocrx_word' id='word_1_192' title='bbox 2241 1322 2388 1376; x_wconf 85' lang='lat' dir='ltr'><strong>ribus</strong></span> <span class='ocrx_word' id='word_1_193' title='bbox 2445 1321 2509 1376; x_wconf 88' lang='lat' dir='ltr'><strong>ad</strong></span> <span class='ocrx_word' id='word_1_194' title='bbox 2564 1323 2680 1392; x_wconf 82' lang='lat' dir='ltr'><strong>ipsa</strong></span> <span class='ocrx_word' id='word_1_195' title='bbox 2733 1337 2853 1378; x_wconf 84' lang='lat' dir='ltr'><strong>casa</strong></span> <span class='ocrx_word' id='word_1_196' title='bbox 2902 1322 2996 1377; x_wconf 81' lang='lat' dir='ltr'><strong>Dei</strong></span> <span class='ocrx_word' id='word_1_197' title='bbox 3049 1322 3446 1392; x_wconf 85' lang='lat' dir='ltr'><strong>perpetualiter</strong></span> <span class='ocrx_word' id='word_1_198' title='bbox 3505 1322 3747 1391; x_wconf 85' lang='lat' dir='ltr'><strong>proﬁciat</strong></span> <span class='ocrx_word' id='word_1_199' title='bbox 3782 1323 3822 1377; x_wconf 88' lang='lat' dir='ltr'><strong>in</strong></span> 
     </span>
    </p>
   </div>
   <div class='ocr_carea' id='block_1_29' title="bbox 2243 1413 3823 1479">
    <p class='ocr_par' dir='ltr' id='par_1_29' title="bbox 2243 1413 3823 1479">
     <span class='ocr_line' id='line_1_29' title="bbox 2243 1413 3823 1479; baseline 0.001 -14"><span class='ocrx_word' id='word_1_200' title='bbox 2243 1413 2567 1479; x_wconf 77' lang='lat' dir='ltr'><strong>attgtnentis,</strong></span> <span class='ocrx_word' id='word_1_201' title='bbox 2598 1423 2653 1467; x_wconf 92' lang='lat' dir='ltr'><strong>et</strong></span> <span class='ocrx_word' id='word_1_202' title='bbox 2693 1421 2752 1466; x_wconf 90' lang='lat' dir='ltr'><strong>ut</strong></span> <span class='ocrx_word' id='word_1_203' title='bbox 2773 1413 2873 1467; x_wconf 84' lang='lat' dir='ltr'><strong>hac</strong></span> <span class='ocrx_word' id='word_1_204' title='bbox 2905 1413 3197 1466; x_wconf 89' lang='lat' dir='ltr'><strong>auctoritas</strong></span> <span class='ocrx_word' id='word_1_205' title='bbox 3227 1413 3443 1467; x_wconf 79' lang='lat' dir='ltr'><strong>ﬁrmior</strong></span> <span class='ocrx_word' id='word_1_206' title='bbox 3475 1413 3553 1466; x_wconf 83' lang='lat' dir='ltr'><strong>sit</strong></span> <span class='ocrx_word' id='word_1_207' title='bbox 3568 1426 3723 1466; x_wconf 87' lang='lat' dir='ltr'><strong>manu</strong></span> <span class='ocrx_word' id='word_1_208' title='bbox 3745 1419 3823 1466; x_wconf 80' lang='lat' dir='ltr'><strong>ns-</strong></span> 
     </span>
    </p>
   </div>
   <div class='ocr_carea' id='block_1_30' title="bbox 2243 1502 3823 1574">
    <p class='ocr_par' dir='ltr' id='par_1_30' title="bbox 2243 1502 3823 1574">
     <span class='ocr_line' id='line_1_30' title="bbox 2243 1502 3823 1574; baseline 0.003 -19"><span class='ocrx_word' id='word_1_209' title='bbox 2243 1511 2354 1555; x_wconf 89' lang='lat' dir='ltr'><strong>stra</strong></span> <span class='ocrx_word' id='word_1_210' title='bbox 2387 1503 2577 1557; x_wconf 85' lang='lat' dir='ltr'><strong>subter</strong></span> <span class='ocrx_word' id='word_1_211' title='bbox 2605 1502 2936 1558; x_wconf 86' lang='lat' dir='ltr'><strong>ﬁrmavimus</strong></span> <span class='ocrx_word' id='word_1_212' title='bbox 2963 1511 3018 1558; x_wconf 87' lang='lat' dir='ltr'><strong>et</strong></span> <span class='ocrx_word' id='word_1_213' title='bbox 3045 1503 3113 1559; x_wconf 90' lang='lat' dir='ltr'><strong>de</strong></span> <span class='ocrx_word' id='word_1_214' title='bbox 3161 1505 3322 1558; x_wconf 81' lang='lat' dir='ltr'><strong>anulo</strong></span> <span class='ocrx_word' id='word_1_215' title='bbox 3369 1512 3579 1558; x_wconf 86' lang='lat' dir='ltr'><strong>nostro</strong></span> <span class='ocrx_word' id='word_1_216' title='bbox 3620 1503 3823 1574; x_wconf 85' lang='lat' dir='ltr'><strong>sigillare</strong></span> 
     </span>
    </p>
   </div>
   <div class='ocr_carea' id='block_1_31' title="bbox 2235 1606 2506 1662">
    <p class='ocr_par' dir='ltr' id='par_1_31' title="bbox 2235 1606 2506 1662">
     <span class='ocr_line' id='line_1_31' title="bbox 2235 1606 2506 1662; baseline 0.004 -16"><span class='ocrx_word' id='word_1_217' title='bbox 2235 1606 2506 1662; x_wconf 72' lang='lat' dir='ltr'><strong>JUSSIIIIIIS</strong></span> 
     </span>
    </p>
   </div>
   <div class='ocr_carea' id='block_1_32' title="bbox 2314 1684 3818 1758">
    <p class='ocr_par' dir='ltr' id='par_1_32' title="bbox 2314 1684 3818 1758">
     <span class='ocr_line' id='line_1_32' title="bbox 2314 1684 3818 1758; baseline 0 -18"><span class='ocrx_word' id='word_1_218' title='bbox 2314 1692 2343 1732; x_wconf 87' lang='lat' dir='ltr'><strong>b</strong></span> <span class='ocrx_word' id='word_1_219' title='bbox 2370 1684 2589 1755; x_wconf 89' lang='lat' dir='ltr'><strong>Signum</strong></span> <span class='ocrx_word' id='word_1_220' title='bbox 2620 1686 2796 1741; x_wconf 85' lang='lat' dir='ltr'><strong>Caroli</strong></span> <span class='ocrx_word' id='word_1_221' title='bbox 2837 1687 3205 1758; x_wconf 84' lang='lat' dir='ltr'><strong>gtoriosissimi</strong></span> <span class='ocrx_word' id='word_1_222' title='bbox 3235 1687 3398 1757; x_wconf 83' lang='lat' dir='ltr'><strong>regis.</strong></span> <span class='ocrx_word' id='word_1_223' title='bbox 3422 1687 3752 1741; x_wconf 80' lang='lat' dir='ltr'><strong>Widolaicus</strong></span> <span class='ocrx_word' id='word_1_224' title='bbox 3769 1687 3818 1740; x_wconf 80' lang='lat' dir='ltr'><strong>ad</strong></span> 
     </span>
    </p>
   </div>
   <div class='ocr_carea' id='block_1_33' title="bbox 557 1772 3015 1850">
    <p class='ocr_par' dir='ltr' id='par_1_33' title="bbox 557 1772 3015 1850">
     <span class='ocr_line' id='line_1_33' title="bbox 557 1772 3015 1850; baseline 0.003 -24"><span class='ocrx_word' id='word_1_225' title='bbox 557 1785 686 1826; x_wconf 83' lang='lat' dir='ltr'><strong>vero</strong></span> <span class='ocrx_word' id='word_1_226' title='bbox 730 1772 850 1827; x_wconf 88' lang='lat' dir='ltr'><strong>loco</strong></span> <span class='ocrx_word' id='word_1_227' title='bbox 894 1775 984 1842; x_wconf 88' lang='lat' dir='ltr'><strong>qui</strong></span> <span class='ocrx_word' id='word_1_228' title='bbox 1032 1773 1226 1829; x_wconf 92' lang='lat' dir='ltr'><strong>dicitur</strong></span> <span class='ocrx_word' id='word_1_229' title='bbox 1263 1775 1596 1831; x_wconf 81' lang='lat' dir='ltr'><strong>Nuvenbeim</strong></span> <span class='ocrx_word' id='word_1_230' title='bbox 1640 1777 1893 1847; x_wconf 86' lang='lat' dir='ltr'><strong>quidquid</strong></span> <span class='ocrx_word' id='word_1_231' title='bbox 1939 1778 2138 1833; x_wconf 87' lang='lat' dir='ltr'><strong>ibidem</strong></span> <span class='ocrx_word' id='word_1_232' title='bbox 2174 1773 2218 1833; x_wconf 90' lang='lat' dir='ltr'><strong>B</strong></span> <span class='ocrx_word' id='word_1_233' title='bbox 2249 1777 2417 1833; x_wconf 86' lang='lat' dir='ltr'><strong>vicem</strong></span> <span class='ocrx_word' id='word_1_234' title='bbox 2446 1777 2680 1834; x_wconf 79' lang='lat' dir='ltr'><strong>Rationis</strong></span> <span class='ocrx_word' id='word_1_235' title='bbox 2709 1779 3015 1850; x_wconf 77' lang='lat' dir='ltr'><strong>recognovi.</strong></span> 
     </span>
    </p>
   </div>
   <div class='ocr_carea' id='block_1_34' title="bbox 558 1863 2140 1938">
    <p class='ocr_par' dir='ltr' id='par_1_34' title="bbox 558 1863 2140 1938">
     <span class='ocr_line' id='line_1_34' title="bbox 558 1863 2140 1938; baseline 0.006 -22"><span class='ocrx_word' id='word_1_236' title='bbox 558 1863 827 1932; x_wconf 89' lang='lat' dir='ltr'><strong>predictus</strong></span> <span class='ocrx_word' id='word_1_237' title='bbox 852 1863 1107 1920; x_wconf 80' lang='lat' dir='ltr'><strong>Dttokart</strong></span> <span class='ocrx_word' id='word_1_238' title='bbox 1137 1865 1325 1920; x_wconf 88' lang='lat' dir='ltr'><strong>habuit</strong></span> <span class='ocrx_word' id='word_1_239' title='bbox 1355 1877 1460 1920; x_wconf 91' lang='lat' dir='ltr'><strong>tam</strong></span> <span class='ocrx_word' id='word_1_240' title='bbox 1495 1869 1680 1934; x_wconf 87' lang='lat' dir='ltr'><strong>terris,</strong></span> <span class='ocrx_word' id='word_1_241' title='bbox 1712 1869 1852 1937; x_wconf 82' lang='lat' dir='ltr'><strong>agris</strong></span> <span class='ocrx_word' id='word_1_242' title='bbox 1872 1884 2028 1938; x_wconf 89' lang='lat' dir='ltr'><strong>quam</strong></span> <span class='ocrx_word' id='word_1_243' title='bbox 2061 1870 2140 1925; x_wconf 90' lang='lat' dir='ltr'><strong>vi-</strong></span> 
     </span>
    </p>
   </div>
   <div class='ocr_carea' id='block_1_35' title="bbox 561 1951 2138 2027">
    <p class='ocr_par' dir='ltr' id='par_1_35' title="bbox 561 1951 2138 2027">
     <span class='ocr_line' id='line_1_35' title="bbox 561 1951 2138 2027; baseline 0.006 -21"><span class='ocrx_word' id='word_1_244' title='bbox 561 1951 676 2007; x_wconf 91' lang='lat' dir='ltr'><strong>neis</strong></span> <span class='ocrx_word' id='word_1_245' title='bbox 707 1962 760 2007; x_wconf 88' lang='lat' dir='ltr'><strong>et</strong></span> <span class='ocrx_word' id='word_1_246' title='bbox 792 1954 962 2008; x_wconf 87' lang='lat' dir='ltr'><strong>hortis</strong></span> <span class='ocrx_word' id='word_1_247' title='bbox 1006 1956 1160 2008; x_wconf 87' lang='lat' dir='ltr'><strong>cultis</strong></span> <span class='ocrx_word' id='word_1_248' title='bbox 1189 1965 1242 2010; x_wconf 90' lang='lat' dir='ltr'><strong>et</strong></span> <span class='ocrx_word' id='word_1_249' title='bbox 1264 1957 1508 2021; x_wconf 89' lang='lat' dir='ltr'><strong>incultis;</strong></span> <span class='ocrx_word' id='word_1_250' title='bbox 1555 1959 1607 2011; x_wconf 90' lang='lat' dir='ltr'><strong>in</strong></span> <span class='ocrx_word' id='word_1_251' title='bbox 1650 1968 1842 2027; x_wconf 89' lang='lat' dir='ltr'><strong>quarto</strong></span> <span class='ocrx_word' id='word_1_252' title='bbox 1865 1973 1990 2012; x_wconf 82' lang='lat' dir='ltr'><strong>vero</strong></span> <span class='ocrx_word' id='word_1_253' title='bbox 2015 1958 2138 2015; x_wconf 91' lang='lat' dir='ltr'><strong>loco</strong></span> 
     </span>
    </p>
   </div>
   <div class='ocr_carea' id='block_1_36' title="bbox 562 2044 2142 2118">
    <p class='ocr_par' dir='ltr' id='par_1_36' title="bbox 562 2044 2142 2118">
     <span class='ocr_line' id='line_1_36' title="bbox 562 2044 2142 2118; baseline 0.003 -20"><span class='ocrx_word' id='word_1_254' title='bbox 562 2044 812 2100; x_wconf 88' lang='lat' dir='ltr'><strong>videlicet</strong></span> <span class='ocrx_word' id='word_1_255' title='bbox 853 2045 906 2099; x_wconf 85' lang='lat' dir='ltr'><strong>in</strong></span> <span class='ocrx_word' id='word_1_256' title='bbox 957 2044 1312 2102; x_wconf 88' lang='lat' dir='ltr'><strong>Gunzinheim</strong></span> <span class='ocrx_word' id='word_1_257' title='bbox 1352 2047 1493 2102; x_wconf 90' lang='lat' dir='ltr'><strong>sicut</strong></span> <span class='ocrx_word' id='word_1_258' title='bbox 1541 2048 1736 2103; x_wconf 88' lang='lat' dir='ltr'><strong>ibidem</strong></span> <span class='ocrx_word' id='word_1_259' title='bbox 1767 2049 2052 2118; x_wconf 75' lang='lat' dir='ltr'><strong>prtedictus</strong></span> <span class='ocrx_word' id='word_1_260' title='bbox 2081 2052 2142 2102; x_wconf 88' lang='lat' dir='ltr'><strong>tl-</strong></span> 
     </span>
    </p>
   </div>
   <div class='ocr_carea' id='block_1_37' title="bbox 560 2136 2142 2208">
    <p class='ocr_par' dir='ltr' id='par_1_37' title="bbox 560 2136 2142 2208">
     <span class='ocr_line' id='line_1_37' title="bbox 560 2136 2142 2208; baseline 0.003 -16"><span class='ocrx_word' id='word_1_261' title='bbox 560 2136 698 2192; x_wconf 85' lang='lat' dir='ltr'><strong>delis</strong></span> <span class='ocrx_word' id='word_1_262' title='bbox 727 2144 912 2192; x_wconf 91' lang='lat' dir='ltr'><strong>noster</strong></span> <span class='ocrx_word' id='word_1_263' title='bbox 937 2136 1081 2192; x_wconf 91' lang='lat' dir='ltr'><strong>visus</strong></span> <span class='ocrx_word' id='word_1_264' title='bbox 1111 2147 1192 2193; x_wconf 91' lang='lat' dir='ltr'><strong>est</strong></span> <span class='ocrx_word' id='word_1_265' title='bbox 1225 2138 1475 2194; x_wconf 88' lang='lat' dir='ltr'><strong>habuisse</strong></span> <span class='ocrx_word' id='word_1_266' title='bbox 1513 2147 1567 2195; x_wconf 90' lang='lat' dir='ltr'><strong>et</strong></span> <span class='ocrx_word' id='word_1_267' title='bbox 1597 2153 1758 2208; x_wconf 89' lang='lat' dir='ltr'><strong>super</strong></span> <span class='ocrx_word' id='word_1_268' title='bbox 1787 2141 2002 2195; x_wconf 79' lang='lat' dir='ltr'><strong>ﬂuvium</strong></span> <span class='ocrx_word' id='word_1_269' title='bbox 2037 2141 2142 2196; x_wconf 86' lang='lat' dir='ltr'><strong>No-</strong></span> 
     </span>
    </p>
   </div>
   <div class='ocr_carea' id='block_1_38' title="bbox 561 2227 2144 2300">
    <p class='ocr_par' dir='ltr' id='par_1_38' title="bbox 561 2227 2144 2300">
     <span class='ocr_line' id='line_1_38' title="bbox 561 2227 2144 2300; baseline 0.005 -18"><span class='ocrx_word' id='word_1_270' title='bbox 561 2227 690 2282; x_wconf 80' lang='lat' dir='ltr'><strong>raha</strong></span> <span class='ocrx_word' id='word_1_271' title='bbox 738 2233 944 2298; x_wconf 83' lang='lat' dir='ltr'><strong>pratum</strong></span> <span class='ocrx_word' id='word_1_272' title='bbox 991 2245 1180 2284; x_wconf 89' lang='lat' dir='ltr'><strong>unum.</strong></span> <span class='ocrx_word' id='word_1_273' title='bbox 1225 2227 1350 2287; x_wconf 64' lang='lat' dir='ltr'><strong>llaec</strong></span> <span class='ocrx_word' id='word_1_274' title='bbox 1379 2246 1507 2300; x_wconf 88' lang='lat' dir='ltr'><strong>ergo</strong></span> <span class='ocrx_word' id='word_1_275' title='bbox 1545 2233 1720 2287; x_wconf 87' lang='lat' dir='ltr'><strong>omnia</strong></span> <span class='ocrx_word' id='word_1_276' title='bbox 1753 2234 1912 2300; x_wconf 85' lang='lat' dir='ltr'><strong>supra</strong></span> <span class='ocrx_word' id='word_1_277' title='bbox 1939 2229 2144 2290; x_wconf 78' lang='lat' dir='ltr'><strong>memo-</strong></span> 
     </span>
    </p>
   </div>
   <div class='ocr_carea' id='block_1_39' title="bbox 561 2320 2140 2384">
    <p class='ocr_par' dir='ltr' id='par_1_39' title="bbox 561 2320 2140 2384">
     <span class='ocr_line' id='line_1_39' title="bbox 561 2320 2140 2384; baseline 0.006 -9"><span class='ocrx_word' id='word_1_278' title='bbox 561 2329 678 2375; x_wconf 89' lang='lat' dir='ltr'><strong>rata</strong></span> <span class='ocrx_word' id='word_1_279' title='bbox 709 2320 775 2375; x_wconf 90' lang='lat' dir='ltr'><strong>ad</strong></span> <span class='ocrx_word' id='word_1_280' title='bbox 806 2328 1048 2377; x_wconf 88' lang='lat' dir='ltr'><strong>sanctum</strong></span> <span class='ocrx_word' id='word_1_281' title='bbox 1100 2323 1354 2380; x_wconf 82' lang='lat' dir='ltr'><strong>Fultens’e</strong></span> <span class='ocrx_word' id='word_1_282' title='bbox 1395 2327 1777 2381; x_wconf 87' lang='lat' dir='ltr'><strong>monasterium</strong></span> <span class='ocrx_word' id='word_1_283' title='bbox 1830 2327 1882 2381; x_wconf 92' lang='lat' dir='ltr'><strong>in</strong></span> <span class='ocrx_word' id='word_1_284' title='bbox 1934 2327 2140 2384; x_wconf 87' lang='lat' dir='ltr'><strong>honore</strong></span> 
     </span>
    </p>
   </div>
   <div class='ocr_carea' id='block_1_40' title="bbox 568 2411 2144 2494">
    <p class='ocr_par' dir='ltr' id='par_1_40' title="bbox 568 2411 2144 2494">
     <span class='ocr_line' id='line_1_40' title="bbox 568 2411 2144 2494; baseline 0.006 -27"><span class='ocrx_word' id='word_1_285' title='bbox 568 2412 742 2468; x_wconf 86' lang='lat' dir='ltr'><strong>sancti</strong></span> <span class='ocrx_word' id='word_1_286' title='bbox 771 2411 1032 2469; x_wconf 84' lang='lat' dir='ltr'><strong>Donit‘acii</strong></span> <span class='ocrx_word' id='word_1_287' title='bbox 1054 2415 1290 2470; x_wconf 89' lang='lat' dir='ltr'><strong>martiris</strong></span> <span class='ocrx_word' id='word_1_288' title='bbox 1311 2416 1570 2471; x_wconf 84' lang='lat' dir='ltr'><strong>donamus</strong></span> <span class='ocrx_word' id='word_1_289' title='bbox 1588 2427 1758 2494; x_wconf 75' lang='lat' dir='ltr'><strong>atque</strong></span> <span class='ocrx_word' id='word_1_290' title='bbox 1780 2420 2144 2477; x_wconf 89' lang='lat' dir='ltr'><strong>contradimus</strong></span> 
     </span>
    </p>
   </div>
   <div class='ocr_carea' id='block_1_41' title="bbox 563 2501 2142 2573">
    <p class='ocr_par' dir='ltr' id='par_1_41' title="bbox 563 2501 2142 2573">
     <span class='ocr_line' id='line_1_41' title="bbox 563 2501 2142 2573; baseline 0.006 -15"><span class='ocrx_word' id='word_1_291' title='bbox 563 2512 619 2558; x_wconf 90' lang='lat' dir='ltr'><strong>et</strong></span> <span class='ocrx_word' id='word_1_292' title='bbox 647 2503 700 2558; x_wconf 93' lang='lat' dir='ltr'><strong>in</strong></span> <span class='ocrx_word' id='word_1_293' title='bbox 731 2514 1048 2573; x_wconf 89' lang='lat' dir='ltr'><strong>perpetuum</strong></span> <span class='ocrx_word' id='word_1_294' title='bbox 1086 2507 1347 2562; x_wconf 87' lang='lat' dir='ltr'><strong>indultum</strong></span> <span class='ocrx_word' id='word_1_295' title='bbox 1392 2513 1514 2564; x_wconf 82' lang='lat' dir='ltr'><strong>esse</strong></span> <span class='ocrx_word' id='word_1_296' title='bbox 1559 2501 1803 2564; x_wconf 89' lang='lat' dir='ltr'><strong>volumus</strong></span> <span class='ocrx_word' id='word_1_297' title='bbox 1844 2521 1899 2564; x_wconf 94' lang='lat' dir='ltr'><strong>ut</strong></span> <span class='ocrx_word' id='word_1_298' title='bbox 1947 2512 2142 2568; x_wconf 83' lang='lat' dir='ltr'><strong>ibidem</strong></span> 
     </span>
    </p>
   </div>
   <div class='ocr_carea' id='block_1_42' title="bbox 561 2591 2146 2672">
    <p class='ocr_par' dir='ltr' id='par_1_42' title="bbox 561 2591 2146 2672">
     <span class='ocr_line' id='line_1_42' title="bbox 561 2591 2146 2672; baseline 0.006 -23"><span class='ocrx_word' id='word_1_299' title='bbox 561 2591 790 2651; x_wconf 91' lang='lat' dir='ltr'><strong>Domino</strong></span> <span class='ocrx_word' id='word_1_300' title='bbox 816 2602 1087 2655; x_wconf 80' lang='lat' dir='ltr'><strong>annuente</strong></span> <span class='ocrx_word' id='word_1_301' title='bbox 1116 2602 1318 2656; x_wconf 85' lang='lat' dir='ltr'><strong>nostris</strong></span> <span class='ocrx_word' id='word_1_302' title='bbox 1359 2611 1412 2657; x_wconf 93' lang='lat' dir='ltr'><strong>et</strong></span> <span class='ocrx_word' id='word_1_303' title='bbox 1451 2603 1642 2658; x_wconf 83' lang='lat' dir='ltr'><strong>tuturis</strong></span> <span class='ocrx_word' id='word_1_304' title='bbox 1672 2604 2017 2672; x_wconf 87' lang='lat' dir='ltr'><strong>temporibus,</strong></span> <span class='ocrx_word' id='word_1_305' title='bbox 2046 2605 2146 2658; x_wconf 86' lang='lat' dir='ltr'><strong>ira-</strong></span> 
     </span>
    </p>
   </div>
   <div class='ocr_carea' id='block_1_43' title="bbox 563 2687 2142 2765">
    <p class='ocr_par' dir='ltr' id='par_1_43' title="bbox 563 2687 2142 2765">
     <span class='ocr_line' id='line_1_43' title="bbox 563 2687 2142 2765; baseline 0.006 -25"><span class='ocrx_word' id='word_1_306' title='bbox 563 2687 735 2743; x_wconf 84' lang='lat' dir='ltr'><strong>tribus</strong></span> <span class='ocrx_word' id='word_1_307' title='bbox 761 2689 873 2746; x_wconf 91' lang='lat' dir='ltr'><strong>Deo</strong></span> <span class='ocrx_word' id='word_1_308' title='bbox 896 2691 1259 2748; x_wconf 85' lang='lat' dir='ltr'><strong>servientibus</strong></span> <span class='ocrx_word' id='word_1_309' title='bbox 1287 2694 1531 2762; x_wconf 88' lang='lat' dir='ltr'><strong>proﬁciat</strong></span> <span class='ocrx_word' id='word_1_310' title='bbox 1559 2695 1610 2748; x_wconf 90' lang='lat' dir='ltr'><strong>in</strong></span> <span class='ocrx_word' id='word_1_311' title='bbox 1637 2695 1933 2750; x_wconf 89' lang='lat' dir='ltr'><strong>aucmentis</strong></span> <span class='ocrx_word' id='word_1_312' title='bbox 1961 2737 1975 2761; x_wconf 88' lang='lat'><strong>,</strong></span> <span class='ocrx_word' id='word_1_313' title='bbox 2010 2711 2142 2765; x_wconf 87' lang='lat' dir='ltr'><strong>qua-</strong></span> 
     </span>
    </p>
   </div>
   <div class='ocr_carea' id='block_1_44' title="bbox 564 2771 2138 2856">
    <p class='ocr_par' dir='ltr' id='par_1_44' title="bbox 564 2771 2138 2856">
     <span class='ocr_line' id='line_1_44' title="bbox 564 2771 2138 2856; baseline 0.006 -24"><span class='ocrx_word' id='word_1_314' title='bbox 564 2771 726 2832; x_wconf 83' lang='lat' dir='ltr'><strong>tenus</strong></span> <span class='ocrx_word' id='word_1_315' title='bbox 752 2779 984 2836; x_wconf 88' lang='lat' dir='ltr'><strong>delectet</strong></span> <span class='ocrx_word' id='word_1_316' title='bbox 1015 2783 1184 2850; x_wconf 87' lang='lat' dir='ltr'><strong>ipsam</strong></span> <span class='ocrx_word' id='word_1_317' title='bbox 1207 2783 1674 2855; x_wconf 79' lang='lat' dir='ltr'><strong>congregationem</strong></span> <span class='ocrx_word' id='word_1_318' title='bbox 1705 2801 1800 2856; x_wconf 77' lang='lat' dir='ltr'><strong>pro</strong></span> <span class='ocrx_word' id='word_1_319' title='bbox 1826 2787 1980 2841; x_wconf 86' lang='lat' dir='ltr'><strong>nobis</strong></span> <span class='ocrx_word' id='word_1_320' title='bbox 2004 2803 2138 2842; x_wconf 82' lang='lat' dir='ltr'><strong>uxo-</strong></span> 
     </span>
    </p>
   </div>
   <div class='ocr_carea' id='block_1_45' title="bbox 564 2873 2144 2943">
    <p class='ocr_par' dir='ltr' id='par_1_45' title="bbox 564 2873 2144 2943">
     <span class='ocr_line' id='line_1_45' title="bbox 564 2873 2144 2943; baseline 0.009 -23"><span class='ocrx_word' id='word_1_321' title='bbox 564 2873 730 2935; x_wconf 82' lang='lat' dir='ltr'><strong>reque</strong></span> <span class='ocrx_word' id='word_1_322' title='bbox 775 2881 958 2925; x_wconf 86' lang='lat' dir='ltr'><strong>nostra</strong></span> <span class='ocrx_word' id='word_1_323' title='bbox 1002 2887 1069 2927; x_wconf 85' lang='lat' dir='ltr'><strong>ac</strong></span> <span class='ocrx_word' id='word_1_324' title='bbox 1115 2875 1265 2943; x_wconf 88' lang='lat' dir='ltr'><strong>prole</strong></span> <span class='ocrx_word' id='word_1_325' title='bbox 1294 2875 1386 2931; x_wconf 87' lang='lat' dir='ltr'><strong>Dei</strong></span> <span class='ocrx_word' id='word_1_326' title='bbox 1426 2875 1848 2932; x_wconf 89' lang='lat' dir='ltr'><strong>misericordiam</strong></span> <span class='ocrx_word' id='word_1_327' title='bbox 1881 2880 2144 2934; x_wconf 88' lang='lat' dir='ltr'><strong>attentius</strong></span> 
     </span>
    </p>
   </div>
   <div class='ocr_carea' id='block_1_46' title="bbox 564 2960 2146 3041">
    <p class='ocr_par' dir='ltr' id='par_1_46' title="bbox 564 2960 2146 3041">
     <span class='ocr_line' id='line_1_46' title="bbox 564 2960 2146 3041; baseline 0.009 -29"><span class='ocrx_word' id='word_1_328' title='bbox 564 2972 812 3025; x_wconf 84' lang='lat' dir='ltr'><strong>exorare,</strong></span> <span class='ocrx_word' id='word_1_329' title='bbox 846 2971 900 3016; x_wconf 90' lang='lat' dir='ltr'><strong>et</strong></span> <span class='ocrx_word' id='word_1_330' title='bbox 930 2971 986 3016; x_wconf 92' lang='lat' dir='ltr'><strong>ut</strong></span> <span class='ocrx_word' id='word_1_331' title='bbox 1015 2963 1130 3018; x_wconf 65' lang='lat' dir='ltr'><strong>haec</strong></span> <span class='ocrx_word' id='word_1_332' title='bbox 1182 2965 1392 3020; x_wconf 89' lang='lat' dir='ltr'><strong>traditio</strong></span> <span class='ocrx_word' id='word_1_333' title='bbox 1433 2967 1635 3022; x_wconf 91' lang='lat' dir='ltr'><strong>ﬁrmior</strong></span> <span class='ocrx_word' id='word_1_334' title='bbox 1673 2968 1930 3026; x_wconf 89' lang='lat' dir='ltr'><strong>habeatur</strong></span> <span class='ocrx_word' id='word_1_335' title='bbox 1970 2980 2024 3026; x_wconf 89' lang='lat' dir='ltr'><strong>et</strong></span> <span class='ocrx_word' id='word_1_336' title='bbox 2047 2960 2146 3041; x_wconf 84' lang='lat' dir='ltr'><strong>per</strong></span> 
     </span>
    </p>
   </div>
   <div class='ocr_carea' id='block_1_47' title="bbox 561 3050 2144 3125">
    <p class='ocr_par' dir='ltr' id='par_1_47' title="bbox 561 3050 2144 3125">
     <span class='ocr_line' id='line_1_47' title="bbox 561 3050 2144 3125; baseline 0.008 -22"><span class='ocrx_word' id='word_1_337' title='bbox 561 3050 737 3105; x_wconf 77' lang='lat' dir='ltr'><strong>futura</strong></span> <span class='ocrx_word' id='word_1_338' title='bbox 794 3058 1036 3122; x_wconf 86' lang='lat' dir='ltr'><strong>tempora</strong></span> <span class='ocrx_word' id='word_1_339' title='bbox 1086 3054 1279 3110; x_wconf 87' lang='lat' dir='ltr'><strong>melius</strong></span> <span class='ocrx_word' id='word_1_340' title='bbox 1339 3065 1709 3125; x_wconf 81' lang='lat' dir='ltr'><strong>conservetbr&#39;,</strong></span> <span class='ocrx_word' id='word_1_341' title='bbox 1756 3061 1891 3115; x_wconf 88' lang='lat' dir='ltr'><strong>hanc</strong></span> <span class='ocrx_word' id='word_1_342' title='bbox 1946 3071 2144 3116; x_wconf 72' lang='lat' dir='ltr'><strong>nostra:</strong></span> 
     </span>
    </p>
   </div>
   <div class='ocr_carea' id='block_1_48' title="bbox 565 3112 2300 3212">
    <p class='ocr_par' dir='ltr' id='par_1_48' title="bbox 565 3112 2300 3212">
     <span class='ocr_line' id='line_1_48' title="bbox 565 3112 2300 3212; baseline 0.006 -17"><span class='ocrx_word' id='word_1_343' title='bbox 565 3143 941 3212; x_wconf 75' lang='lat' dir='ltr'><strong>praeceptionis</strong></span> <span class='ocrx_word' id='word_1_344' title='bbox 981 3155 1035 3201; x_wconf 89' lang='lat' dir='ltr'><strong>et</strong></span> <span class='ocrx_word' id='word_1_345' title='bbox 1088 3147 1424 3202; x_wconf 84' lang='lat' dir='ltr'><strong>auctoritatis</strong></span> <span class='ocrx_word' id='word_1_346' title='bbox 1469 3160 1668 3204; x_wconf 87' lang='lat' dir='ltr'><strong>cartam</strong></span> <span class='ocrx_word' id='word_1_347' title='bbox 1695 3112 1839 3205; x_wconf 49' lang='lat' dir='ltr'><strong>&#39;inde</strong></span> <span class='ocrx_word' id='word_1_348' title='bbox 1879 3150 2144 3207; x_wconf 88' lang='lat' dir='ltr'><strong>conscribi</strong></span> <span class='ocrx_word' id='word_1_349' title='bbox 2171 3128 2218 3192; x_wconf 70' lang='grc' dir='ltr'>(ἶ</span> <span class='ocrx_word' id='word_1_350' title='bbox 2256 3112 2300 3168; x_wconf 79' lang='lat' dir='ltr'><strong>D</strong></span> 
     </span>
    </p>
   </div>
   <div class='ocr_carea' id='block_1_49' title="bbox 561 3231 1949 3310">
    <p class='ocr_par' dir='ltr' id='par_1_49' title="bbox 561 3231 1949 3310">
     <span class='ocr_line' id='line_1_49' title="bbox 561 3231 1949 3310; baseline 0.006 -23"><span class='ocrx_word' id='word_1_351' title='bbox 561 3231 820 3303; x_wconf 73' lang='lat' dir='ltr'><strong>iussimus</strong></span> <span class='ocrx_word' id='word_1_352' title='bbox 844 3244 900 3290; x_wconf 90' lang='lat' dir='ltr'><strong>et</strong></span> <span class='ocrx_word' id='word_1_353' title='bbox 926 3237 1067 3292; x_wconf 91' lang='lat' dir='ltr'><strong>anuli</strong></span> <span class='ocrx_word' id='word_1_354' title='bbox 1093 3240 1258 3294; x_wconf 90' lang='lat' dir='ltr'><strong>nostri</strong></span> <span class='ocrx_word' id='word_1_355' title='bbox 1290 3235 1638 3307; x_wconf 86' lang='lat' dir='ltr'><strong>impressione</strong></span> <span class='ocrx_word' id='word_1_356' title='bbox 1669 3241 1949 3310; x_wconf 83' lang='lat' dir='ltr'><strong>insignari.</strong></span> 
     </span>
    </p>
   </div>
   <div class='ocr_carea' id='block_1_50' title="bbox 637 3319 2150 3405">
    <p class='ocr_par' dir='ltr' id='par_1_50' title="bbox 637 3319 2150 3405">
     <span class='ocr_line' id='line_1_50' title="bbox 637 3319 2150 3405; baseline 0.008 -25"><span class='ocrx_word' id='word_1_357' title='bbox 637 3326 858 3397; x_wconf 84' lang='lat' dir='ltr'><strong>Signum</strong></span> <span class='ocrx_word' id='word_1_358' title='bbox 907 3319 1083 3384; x_wconf 78' lang='lat' dir='ltr'><strong>Caroli</strong></span> <span class='ocrx_word' id='word_1_359' title='bbox 1130 3332 1501 3400; x_wconf 84' lang='lat' dir='ltr'><strong>gloriosissimi</strong></span> <span class='ocrx_word' id='word_1_360' title='bbox 1553 3334 1734 3404; x_wconf 62' lang='grc' dir='ltr'><strong>τρεῖς..</strong></span> <span class='ocrx_word' id='word_1_361' title='bbox 1771 3343 1796 3372; x_wconf 57' lang='lat' dir='ltr'><strong>ﬁ</strong></span> <span class='ocrx_word' id='word_1_362' title='bbox 1845 3334 2150 3405; x_wconf 82' lang='lat' dir='ltr'><strong>Egilbertus</strong></span> 
     </span>
    </p>
   </div>
   <div class='ocr_carea' id='block_1_51' title="bbox 565 3421 1264 3492">
    <p class='ocr_par' dir='ltr' id='par_1_51' title="bbox 565 3421 1264 3492">
     <span class='ocr_line' id='line_1_51' title="bbox 565 3421 1264 3492; baseline 0.003 -17"><span class='ocrx_word' id='word_1_363' title='bbox 565 3421 925 3475; x_wconf 82' lang='lat' dir='ltr'><strong>cattcellarius</strong></span> <span class='ocrx_word' id='word_1_364' title='bbox 956 3422 1264 3492; x_wconf 82' lang='lat' dir='ltr'><strong>recognovi.</strong></span> 
     </span>
    </p>
   </div>
   <div class='ocr_carea' id='block_1_52' title="bbox 636 3511 1168 3568">
    <p class='ocr_par' dir='ltr' id='par_1_52' title="bbox 636 3511 1168 3568">
     <span class='ocr_line' id='line_1_52' title="bbox 636 3511 1168 3568; baseline 0.008 -4"><span class='ocrx_word' id='word_1_365' title='bbox 636 3511 768 3566; x_wconf 85' lang='lat' dir='ltr'><strong>Data</strong></span> <span class='ocrx_word' id='word_1_366' title='bbox 792 3511 867 3568; x_wconf 92' lang='lat' dir='ltr'><strong>Id.</strong></span> <span class='ocrx_word' id='word_1_367' title='bbox 909 3512 1168 3568; x_wconf 79' lang='lat' dir='ltr'><strong>Novemb.</strong></span> 
     </span>
    </p>
   </div>
   <div class='ocr_carea' id='block_1_53' title="bbox 1287 3605 1401 3661">
    <p class='ocr_par' dir='ltr' id='par_1_53' title="bbox 1287 3605 1401 3661">
     <span class='ocr_line' id='line_1_53' title="bbox 1287 3605 1401 3661; baseline 0.009 -1"><span class='ocrx_word' id='word_1_368' title='bbox 1287 3605 1401 3661; x_wconf 81' lang='lat' dir='ltr'><strong>XV.</strong></span> 
     </span>
    </p>
   </div>
   <div class='ocr_carea' id='block_1_54' title="bbox 569 3707 2151 3796">
    <p class='ocr_par' dir='ltr' id='par_1_54' title="bbox 569 3707 2151 3796">
     <span class='ocr_line' id='line_1_54' title="bbox 569 3707 2151 3796; baseline 0.007 -28"><span class='ocrx_word' id='word_1_369' title='bbox 569 3711 886 3796; x_wconf 71' lang='lat' dir='ltr'><strong>Prazceptum</strong></span> <span class='ocrx_word' id='word_1_370' title='bbox 922 3715 1099 3772; x_wconf 84' lang='lat' dir='ltr'><strong>Caroli</strong></span> <span class='ocrx_word' id='word_1_371' title='bbox 1137 3718 1316 3796; x_wconf 62' lang='lat' dir='ltr'><strong>Magni</strong></span> <span class='ocrx_word' id='word_1_372' title='bbox 1353 3721 1489 3796; x_wconf 71' lang='lat' dir='ltr'><strong>regis</strong></span> <span class='ocrx_word' id='word_1_373' title='bbox 1518 3721 1620 3796; x_wconf 73' lang='lat' dir='ltr'><strong>quo</strong></span> <span class='ocrx_word' id='word_1_374' title='bbox 1634 3718 1868 3796; x_wconf 71' lang='lat' dir='ltr'><strong>ecclesia:</strong></span> <span class='ocrx_word' id='word_1_375' title='bbox 1899 3707 2151 3796; x_wconf 77' lang='lat' dir='ltr'><strong>nldenst</strong></span> 
     </span>
    </p>
   </div>
   <div class='ocr_carea' id='block_1_55' title="bbox 708 3789 2004 3863">
    <p class='ocr_par' dir='ltr' id='par_1_55' title="bbox 708 3789 2004 3863">
     <span class='ocr_line' id='line_1_55' title="bbox 708 3789 2004 3863; baseline 0.005 -23"><span class='ocrx_word' id='word_1_376' title='bbox 708 3789 865 3841; x_wconf 88' lang='lat' dir='ltr'><strong>donat</strong></span> <span class='ocrx_word' id='word_1_377' title='bbox 891 3797 1130 3858; x_wconf 81' lang='lat' dir='ltr'><strong>campum</strong></span> <span class='ocrx_word' id='word_1_378' title='bbox 1158 3791 1351 3844; x_wconf 71' lang='lat' dir='ltr'><strong>dicmn</strong></span> <span class='ocrx_word' id='word_1_379' title='bbox 1377 3789 1640 3862; x_wconf 58' lang='lat' dir='ltr'><strong>Ilutzeield</strong></span> <span class='ocrx_word' id='word_1_380' title='bbox 1665 3793 1822 3863; x_wconf 86' lang='lat' dir='ltr'><strong>(anno</strong></span> <span class='ocrx_word' id='word_1_381' title='bbox 1851 3793 2004 3863; x_wconf 80' lang='lat'><strong>761).</strong></span> 
     </span>
    </p>
   </div>
   <div class='ocr_carea' id='block_1_56' title="bbox 889 3901 1811 3966">
    <p class='ocr_par' dir='ltr' id='par_1_56' title="bbox 889 3901 1811 3966">
     <span class='ocr_line' id='line_1_56' title="bbox 889 3901 1811 3966; baseline 0.001 -15"><span class='ocrx_word' id='word_1_382' title='bbox 889 3901 983 3961; x_wconf 86' lang='lat' dir='ltr'><strong>(Ex</strong></span> <span class='ocrx_word' id='word_1_383' title='bbox 1008 3901 1291 3962; x_wconf 84' lang='lat' dir='ltr'><strong>Schannat.,</strong></span> <span class='ocrx_word' id='word_1_384' title='bbox 1318 3902 1446 3952; x_wconf 86' lang='lat' dir='ltr'><strong>Hist.</strong></span> <span class='ocrx_word' id='word_1_385' title='bbox 1474 3903 1628 3965; x_wconf 89' lang='lat' dir='ltr'><strong>episc.</strong></span> <span class='ocrx_word' id='word_1_386' title='bbox 1647 3903 1811 3966; x_wconf 78' lang='lat' dir='ltr'><strong>Fuid.)</strong></span> 
     </span>
    </p>
   </div>
   <div class='ocr_carea' id='block_1_57' title="bbox 644 3996 2155 4075">
    <p class='ocr_par' dir='ltr' id='par_1_57' title="bbox 644 3996 2155 4075">
     <span class='ocr_line' id='line_1_57' title="bbox 644 3996 2155 4075; baseline -0.001 -15"><span class='ocrx_word' id='word_1_387' title='bbox 644 4005 868 4060; x_wconf 88' lang='lat' dir='ltr'><strong>Carolus</strong></span> <span class='ocrx_word' id='word_1_388' title='bbox 915 4006 1084 4075; x_wconf 87' lang='lat' dir='ltr'><strong>gratia</strong></span> <span class='ocrx_word' id='word_1_389' title='bbox 1132 4006 1223 4060; x_wconf 90' lang='lat' dir='ltr'><strong>Dei</strong></span> <span class='ocrx_word' id='word_1_390' title='bbox 1271 4021 1365 4059; x_wconf 86' lang='lat' dir='ltr'><strong>rex</strong></span> <span class='ocrx_word' id='word_1_391' title='bbox 1407 4004 1728 4060; x_wconf 83' lang='lat' dir='ltr'><strong>Francorum</strong></span> <span class='ocrx_word' id='word_1_392' title='bbox 1773 4003 1827 4058; x_wconf 85' lang='lat' dir='ltr'><strong>et</strong></span> <span class='ocrx_word' id='word_1_393' title='bbox 1854 3996 2155 4074; x_wconf 85' lang='lat' dir='ltr'><strong>Langobar-</strong></span> 
     </span>
    </p>
   </div>
   <div class='ocr_carea' id='block_1_58' title="bbox 567 4097 2152 4166">
    <p class='ocr_par' dir='ltr' id='par_1_58' title="bbox 567 4097 2152 4166">
     <span class='ocr_line' id='line_1_58' title="bbox 567 4097 2152 4166; baseline -0.002 -14"><span class='ocrx_word' id='word_1_394' title='bbox 567 4097 758 4152; x_wconf 88' lang='lat' dir='ltr'><strong>dorum</strong></span> <span class='ocrx_word' id='word_1_395' title='bbox 804 4112 868 4152; x_wconf 67' lang='lat' dir='ltr'><strong>a1</strong></span> <span class='ocrx_word' id='word_1_396' title='bbox 919 4097 1171 4166; x_wconf 87' lang='lat' dir='ltr'><strong>patricius</strong></span> <span class='ocrx_word' id='word_1_397' title='bbox 1242 4097 1626 4152; x_wconf 80' lang='lat' dir='ltr'><strong>Romanorum.</strong></span> <span class='ocrx_word' id='word_1_398' title='bbox 1690 4097 1952 4165; x_wconf 83' lang='lat' dir='ltr'><strong>Quidquid</strong></span> <span class='ocrx_word' id='word_1_399' title='bbox 2009 4098 2152 4151; x_wconf 89' lang='lat' dir='ltr'><strong>enim</strong></span> 
     </span>
    </p>
   </div>
   <div class='ocr_carea' id='block_1_59' title="bbox 571 4172 2155 4256">
    <p class='ocr_par' dir='ltr' id='par_1_59' title="bbox 571 4172 2155 4256">
     <span class='ocr_line' id='line_1_59' title="bbox 571 4172 2155 4256; baseline 0 -14"><span class='ocrx_word' id='word_1_400' title='bbox 571 4189 703 4242; x_wconf 89' lang='lat' dir='ltr'><strong>locis</strong></span> <span class='ocrx_word' id='word_1_401' title='bbox 751 4172 1148 4244; x_wconf 86' lang='lat' dir='ltr'><strong>venerabilibus</strong></span> <span class='ocrx_word' id='word_1_402' title='bbox 1195 4188 1264 4242; x_wconf 93' lang='lat' dir='ltr'><strong>ob</strong></span> <span class='ocrx_word' id='word_1_403' title='bbox 1301 4203 1485 4242; x_wconf 86' lang='lat' dir='ltr'><strong>amore</strong></span> <span class='ocrx_word' id='word_1_404' title='bbox 1533 4188 1740 4242; x_wconf 90' lang='lat' dir='ltr'><strong>Domini</strong></span> <span class='ocrx_word' id='word_1_405' title='bbox 1768 4195 1819 4241; x_wconf 92' lang='lat' dir='ltr'><strong>et</strong></span> <span class='ocrx_word' id='word_1_406' title='bbox 1845 4188 2155 4256; x_wconf 85' lang='lat' dir='ltr'><strong>opportuni-</strong></span> 
     </span>
    </p>
   </div>
   <div class='ocr_carea' id='block_1_60' title="bbox 575 4278 2149 4334">
    <p class='ocr_par' dir='ltr' id='par_1_60' title="bbox 575 4278 2149 4334">
     <span class='ocr_line' id='line_1_60' title="bbox 575 4278 2149 4334; baseline 0.001 -3"><span class='ocrx_word' id='word_1_407' title='bbox 575 4287 685 4332; x_wconf 84' lang='lat' dir='ltr'><strong>tate</strong></span> <span class='ocrx_word' id='word_1_408' title='bbox 708 4286 986 4333; x_wconf 76' lang='lat' dir='ltr'><strong>servorum</strong></span> <span class='ocrx_word' id='word_1_409' title='bbox 1011 4279 1100 4334; x_wconf 88' lang='lat' dir='ltr'><strong>Dei</strong></span> <span class='ocrx_word' id='word_1_410' title='bbox 1126 4279 1368 4333; x_wconf 89' lang='lat' dir='ltr'><strong>benivola</strong></span> <span class='ocrx_word' id='word_1_411' title='bbox 1397 4278 1778 4333; x_wconf 84' lang='lat' dir='ltr'><strong>deliberatione</strong></span> <span class='ocrx_word' id='word_1_412' title='bbox 1800 4279 2149 4333; x_wconf 80' lang='lat' dir='ltr'><strong>concedimus</strong></span> 
     </span>
    </p>
   </div>
   <div class='ocr_carea' id='block_1_61' title="bbox 575 4359 2151 4436">
    <p class='ocr_par' dir='ltr' id='par_1_61' title="bbox 575 4359 2151 4436">
     <span class='ocr_line' id='line_1_61' title="bbox 575 4359 2151 4436; baseline 0.003 -16"><span class='ocrx_word' id='word_1_413' title='bbox 575 4359 677 4421; x_wconf 81' lang='lat' dir='ltr'><strong>huc</strong></span> <span class='ocrx_word' id='word_1_414' title='bbox 730 4368 889 4422; x_wconf 86' lang='lat' dir='ltr'><strong>nobis</strong></span> <span class='ocrx_word' id='word_1_415' title='bbox 935 4369 1121 4436; x_wconf 90' lang='lat' dir='ltr'><strong>procul</strong></span> <span class='ocrx_word' id='word_1_416' title='bbox 1165 4361 1325 4423; x_wconf 82' lang='lat' dir='ltr'><strong>dubio</strong></span> <span class='ocrx_word' id='word_1_417' title='bbox 1368 4363 1435 4423; x_wconf 78' lang='lat' dir='ltr'><strong>ad</strong></span> <span class='ocrx_word' id='word_1_418' title='bbox 1481 4378 1727 4424; x_wconf 88' lang='lat' dir='ltr'><strong>eternam</strong></span> <span class='ocrx_word' id='word_1_419' title='bbox 1763 4368 2151 4424; x_wconf 85' lang='lat' dir='ltr'><strong>beatitudinem</strong></span> 
     </span>
    </p>
   </div>
   <div class='ocr_carea' id='block_1_62' title="bbox 571 4457 2228 4546">
    <p class='ocr_par' dir='ltr' id='par_1_62' title="bbox 571 4457 2228 4546">
     <span class='ocr_line' id='line_1_62' title="bbox 571 4457 2228 4546; baseline 0.002 -34"><span class='ocrx_word' id='word_1_420' title='bbox 571 4458 660 4513; x_wconf 87' lang='lat' dir='ltr'><strong>vel</strong></span> <span class='ocrx_word' id='word_1_421' title='bbox 693 4457 989 4513; x_wconf 85' lang='lat' dir='ltr'><strong>remedium</strong></span> <span class='ocrx_word' id='word_1_422' title='bbox 1019 4458 1197 4513; x_wconf 91' lang='lat' dir='ltr'><strong>anime</strong></span> <span class='ocrx_word' id='word_1_423' title='bbox 1247 4469 1432 4514; x_wconf 86' lang='lat' dir='ltr'><strong>nostre</strong></span> <span class='ocrx_word' id='word_1_424' title='bbox 1478 4461 1742 4528; x_wconf 84' lang='lat' dir='ltr'><strong>pertinere</strong></span> <span class='ocrx_word' id='word_1_425' title='bbox 1785 4461 2143 4516; x_wconf 84' lang='lat' dir='ltr'><strong>conﬁdimus:</strong></span> <span class='ocrx_word' id='word_1_426' title='bbox 2179 4487 2228 4546; x_wconf 76' lang='grc' dir='ltr'><strong>ι)</strong></span> 
     </span>
    </p>
   </div>
   <div class='ocr_carea' id='block_1_63' title="bbox 573 4553 2144 4628">
    <p class='ocr_par' dir='ltr' id='par_1_63' title="bbox 573 4553 2144 4628">
     <span class='ocr_line' id='line_1_63' title="bbox 573 4553 2144 4628; baseline 0.002 -21"><span class='ocrx_word' id='word_1_427' title='bbox 573 4553 736 4622; x_wconf 79' lang='lat' dir='ltr'><strong>igitur</strong></span> <span class='ocrx_word' id='word_1_428' title='bbox 791 4561 1124 4628; x_wconf 87' lang='lat' dir='ltr'><strong>compertum</strong></span> <span class='ocrx_word' id='word_1_429' title='bbox 1175 4553 1247 4608; x_wconf 88' lang='lat' dir='ltr'><strong>sit</strong></span> <span class='ocrx_word' id='word_1_430' title='bbox 1289 4553 1524 4606; x_wconf 87' lang='lat' dir='ltr'><strong>omnium</strong></span> <span class='ocrx_word' id='word_1_431' title='bbox 1577 4553 1812 4608; x_wconf 85' lang='lat' dir='ltr'><strong>ﬁdelium</strong></span> <span class='ocrx_word' id='word_1_432' title='bbox 1841 4556 2144 4610; x_wconf 83' lang='lat' dir='ltr'><strong>nostrorum</strong></span> 
     </span>
    </p>
   </div>
   <div class='ocr_carea' id='block_1_64' title="bbox 574 4636 2150 4715">
    <p class='ocr_par' dir='ltr' id='par_1_64' title="bbox 574 4636 2150 4715">
     <span class='ocr_line' id='line_1_64' title="bbox 574 4636 2150 4715; baseline 0.002 -17"><span class='ocrx_word' id='word_1_433' title='bbox 574 4643 930 4715; x_wconf 76' lang='lat' dir='ltr'><strong>magnitudini</strong></span> <span class='ocrx_word' id='word_1_434' title='bbox 970 4644 1202 4714; x_wconf 88' lang='lat' dir='ltr'><strong>qualiter</strong></span> <span class='ocrx_word' id='word_1_435' title='bbox 1219 4636 1480 4698; x_wconf 87' lang='lat' dir='ltr'><strong>donamus</strong></span> <span class='ocrx_word' id='word_1_436' title='bbox 1510 4645 1574 4698; x_wconf 87' lang='lat' dir='ltr'><strong>ad</strong></span> <span class='ocrx_word' id='word_1_437' title='bbox 1609 4646 1991 4700; x_wconf 87' lang='lat' dir='ltr'><strong>monasterium</strong></span> <span class='ocrx_word' id='word_1_438' title='bbox 2022 4662 2150 4701; x_wconf 86' lang='lat' dir='ltr'><strong>san-</strong></span> 
     </span>
    </p>
   </div>
   <div class='ocr_carea' id='block_1_65' title="bbox 576 4734 2150 4806">
    <p class='ocr_par' dir='ltr' id='par_1_65' title="bbox 576 4734 2150 4806">
     <span class='ocr_line' id='line_1_65' title="bbox 576 4734 2150 4806; baseline 0.003 -17"><span class='ocrx_word' id='word_1_439' title='bbox 576 4734 650 4789; x_wconf 86' lang='lat' dir='ltr'><strong>cti</strong></span> <span class='ocrx_word' id='word_1_440' title='bbox 701 4735 1033 4801; x_wconf 87' lang='lat' dir='ltr'><strong>Salvatoris,</strong></span> <span class='ocrx_word' id='word_1_441' title='bbox 1076 4734 1220 4806; x_wconf 89' lang='lat' dir='ltr'><strong>quod</strong></span> <span class='ocrx_word' id='word_1_442' title='bbox 1279 4743 1365 4789; x_wconf 90' lang='lat' dir='ltr'><strong>est</strong></span> <span class='ocrx_word' id='word_1_443' title='bbox 1401 4741 1768 4792; x_wconf 84' lang='lat' dir='ltr'><strong>constructum</strong></span> <span class='ocrx_word' id='word_1_444' title='bbox 1819 4737 1953 4792; x_wconf 86' lang='lat' dir='ltr'><strong>inira</strong></span> <span class='ocrx_word' id='word_1_445' title='bbox 1995 4738 2150 4794; x_wconf 87' lang='lat' dir='ltr'><strong>Vasta</strong></span> 
     </span>
    </p>
   </div>
   <div class='ocr_carea' id='block_1_66' title="bbox 577 4824 2154 4900">
    <p class='ocr_par' dir='ltr' id='par_1_66' title="bbox 577 4824 2154 4900">
     <span class='ocr_line' id='line_1_66' title="bbox 577 4824 2154 4900; baseline 0.001 -21"><span class='ocrx_word' id='word_1_446' title='bbox 577 4824 843 4881; x_wconf 86' lang='lat' dir='ltr'><strong>Bochonia</strong></span> <span class='ocrx_word' id='word_1_447' title='bbox 892 4840 1055 4896; x_wconf 89' lang='lat' dir='ltr'><strong>super</strong></span> <span class='ocrx_word' id='word_1_448' title='bbox 1105 4827 1321 4882; x_wconf 82' lang='lat' dir='ltr'><strong>ﬁuvinm</strong></span> <span class='ocrx_word' id='word_1_449' title='bbox 1375 4828 1538 4884; x_wconf 86' lang='lat' dir='ltr'><strong>Fulda</strong></span> <span class='ocrx_word' id='word_1_450' title='bbox 1589 4829 1679 4884; x_wconf 89' lang='lat' dir='ltr'><strong>ubi</strong></span> <span class='ocrx_word' id='word_1_451' title='bbox 1725 4839 1919 4900; x_wconf 85' lang='lat' dir='ltr'><strong>corpus</strong></span> <span class='ocrx_word' id='word_1_452' title='bbox 1977 4826 2154 4886; x_wconf 66' lang='lat' dir='ltr'><strong>san-Cll</strong></span> 
     </span>
    </p>
   </div>
   <div class='ocr_carea' id='block_1_67' title="bbox 649 4991 2156 5065">
    <p class='ocr_par' dir='ltr' id='par_1_67' title="bbox 649 4991 2156 5065">
     <span class='ocr_line' id='line_1_67' title="bbox 649 4991 2156 5065; baseline 0.001 -21"><span class='ocrx_word' id='word_1_453' title='bbox 649 4992 674 5033; x_wconf 61' lang='grc' dir='ltr'><strong><em>ὃ</em></strong></span> <span class='ocrx_word' id='word_1_454' title='bbox 706 4991 1235 5065; x_wconf 77' lang='lat' dir='ltr'><strong>tinncEgilbertum</strong></span> <span class='ocrx_word' id='word_1_455' title='bbox 1285 4993 1531 5050; x_wconf 79' lang='lat' dir='ltr'><strong>ennidem</strong></span> <span class='ocrx_word' id='word_1_456' title='bbox 1577 5004 1705 5065; x_wconf 88' lang='lat' dir='ltr'><strong>puto</strong></span> <span class='ocrx_word' id='word_1_457' title='bbox 1758 5009 1878 5060; x_wconf 82' lang='lat' dir='ltr'><strong>cum</strong></span> <span class='ocrx_word' id='word_1_458' title='bbox 1924 5007 2011 5058; x_wconf 90' lang='lat' dir='ltr'><strong>eo,</strong></span> <span class='ocrx_word' id='word_1_459' title='bbox 2063 4991 2156 5062; x_wconf 87' lang='lat' dir='ltr'><strong>qui</strong></span> 
     </span>
    </p>
   </div>
   <div class='ocr_carea' id='block_1_68' title="bbox 577 5063 2155 5134">
    <p class='ocr_par' dir='ltr' id='par_1_68' title="bbox 577 5063 2155 5134">
     <span class='ocr_line' id='line_1_68' title="bbox 577 5063 2155 5134; baseline 0.001 -17"><span class='ocrx_word' id='word_1_460' title='bbox 577 5063 719 5131; x_wconf 85' lang='lat' dir='ltr'><strong>apud</strong></span> <span class='ocrx_word' id='word_1_461' title='bbox 748 5064 1018 5134; x_wconf 81' lang='lat' dir='ltr'><strong>Mabillon.</strong></span> <span class='ocrx_word' id='word_1_462' title='bbox 1050 5065 1114 5134; x_wconf 84' lang='lat' dir='ltr'><strong>de</strong></span> <span class='ocrx_word' id='word_1_463' title='bbox 1150 5065 1226 5118; x_wconf 66' lang='lat' dir='ltr'><strong>lie</strong></span> <span class='ocrx_word' id='word_1_464' title='bbox 1253 5066 1382 5134; x_wconf 90' lang='lat' dir='ltr'><strong>dipl.</strong></span> <span class='ocrx_word' id='word_1_465' title='bbox 1417 5081 1497 5130; x_wconf 90' lang='lat' dir='ltr'><strong>vt,</strong></span> <span class='ocrx_word' id='word_1_466' title='bbox 1528 5063 1676 5119; x_wconf 85' lang='lat' dir='ltr'><strong>num.</strong></span> <span class='ocrx_word' id='word_1_467' title='bbox 1709 5065 1810 5130; x_wconf 82' lang='grc'><strong>55,</strong></span> <span class='ocrx_word' id='word_1_468' title='bbox 1845 5068 2155 5134; x_wconf 87' lang='lat' dir='ltr'><strong>recognovit</strong></span> 
     </span>
    </p>
   </div>
   <div class='ocr_carea' id='block_1_69' title="bbox 579 5133 2157 5257">
    <p class='ocr_par' dir='ltr' id='par_1_69' title="bbox 579 5133 2157 5257">
     <span class='ocr_line' id='line_1_69' title="bbox 579 5133 2157 5257; baseline 0.001 -71"><span class='ocrx_word' id='word_1_469' title='bbox 579 5134 906 5257; x_wconf 46' lang='grc' dir='ltr'><strong>Εςπῦἓΐιιᾶιειῖι</strong></span> <span class='ocrx_word' id='word_1_470' title='bbox 930 5133 1104 5189; x_wconf 85' lang='lat' dir='ltr'><strong>Caroli</strong></span> <span class='ocrx_word' id='word_1_471' title='bbox 1129 5136 1298 5204; x_wconf 81' lang='lat' dir='ltr'><strong>Magni</strong></span> <span class='ocrx_word' id='word_1_472' title='bbox 1314 5133 1504 5191; x_wconf 83' lang='lat' dir='ltr'><strong>datum</strong></span> <span class='ocrx_word' id='word_1_473' title='bbox 1531 5150 1672 5190; x_wconf 91' lang='lat' dir='ltr'><strong>anno</strong></span> <span class='ocrx_word' id='word_1_474' title='bbox 1703 5137 1827 5201; x_wconf 87' lang='lat'><strong>778,</strong></span> <span class='ocrx_word' id='word_1_475' title='bbox 1857 5133 2157 5204; x_wconf 85' lang='lat' dir='ltr'><strong>diciturque</strong></span> 
     </span>
    </p>
   </div>
   <div class='ocr_carea' id='block_1_70' title="bbox 603 5214 891 5257">
    <p class='ocr_par' dir='ltr' id='par_1_70' title="bbox 603 5214 891 5257">
     <span class='ocr_line' id='line_1_70' title="bbox 603 5214 891 5257; baseline 0.003 -1"><span class='ocrx_word' id='word_1_476' title='bbox 603 5214 891 5257; x_wconf 69' lang='lat' dir='ltr'><strong>illibel&#39;lus.</strong></span> 
     </span>
    </p>
   </div>
   <div class='ocr_carea' id='block_1_71' title="bbox 652 5263 2137 5344">
    <p class='ocr_par' dir='ltr' id='par_1_71' title="bbox 652 5263 2137 5344">
     <span class='ocr_line' id='line_1_71' title="bbox 652 5263 2137 5344; baseline 0.002 -17"><span class='ocrx_word' id='word_1_477' title='bbox 652 5272 678 5344; x_wconf 51' lang='grc' dir='ltr'><strong>ξ’</strong></span> <span class='ocrx_word' id='word_1_478' title='bbox 723 5274 798 5344; x_wconf 73' lang='lat' dir='ltr'><strong>lij</strong></span> <span class='ocrx_word' id='word_1_479' title='bbox 833 5273 931 5327; x_wconf 85' lang='lat' dir='ltr'><strong>hoc</strong></span> <span class='ocrx_word' id='word_1_480' title='bbox 956 5271 1285 5344; x_wconf 76' lang='lat' dir='ltr'><strong>antegraplio</strong></span> <span class='ocrx_word' id='word_1_481' title='bbox 1314 5263 1548 5343; x_wconf 77' lang='lat' dir='ltr'><strong>sigilium</strong></span> <span class='ocrx_word' id='word_1_482' title='bbox 1575 5275 1818 5330; x_wconf 87' lang='lat' dir='ltr'><strong>avulsum</strong></span> <span class='ocrx_word' id='word_1_483' title='bbox 1851 5263 1955 5331; x_wconf 78' lang='lat' dir='ltr'><strong>est.</strong></span> <span class='ocrx_word' id='word_1_484' title='bbox 2133 5332 2137 5338; x_wconf 67' lang='grc'><em>,</em></span> 
     </span>
    </p>
   </div>
   <div class='ocr_carea' id='block_1_72' title="bbox 631 5339 2156 5416">
    <p class='ocr_par' dir='ltr' id='par_1_72' title="bbox 631 5339 2156 5416">
     <span class='ocr_line' id='line_1_72' title="bbox 631 5339 2156 5416; baseline 0.001 -20"><span class='ocrx_word' id='word_1_485' title='bbox 631 5339 677 5410; x_wconf 33' lang='grc' dir='ltr'><strong>,ε</strong></span> <span class='ocrx_word' id='word_1_486' title='bbox 719 5341 785 5397; x_wconf 84' lang='lat' dir='ltr'><strong>In</strong></span> <span class='ocrx_word' id='word_1_487' title='bbox 812 5341 965 5416; x_wconf 26' lang='lat' dir='ltr'><strong>Apage</strong></span> <span class='ocrx_word' id='word_1_488' title='bbox 993 5339 1314 5416; x_wconf 57' lang='lat' dir='ltr'><strong>itugn&#39;ttpttnte</strong></span> <span class='ocrx_word' id='word_1_489' title='bbox 1345 5339 1680 5416; x_wconf 49' lang='lat' dir='ltr'><strong>[Langona/te,</strong></span> <span class='ocrx_word' id='word_1_490' title='bbox 1720 5356 1767 5400; x_wconf 79' lang='grc' dir='ltr'><strong>ει</strong></span> <span class='ocrx_word' id='word_1_491' title='bbox 1805 5348 1854 5399; x_wconf 85' lang='lat' dir='ltr'><strong>in</strong></span> <span class='ocrx_word' id='word_1_492' title='bbox 1885 5361 2041 5415; x_wconf 72' lang='lat' dir='ltr'><strong>pago,</strong></span> <span class='ocrx_word' id='word_1_493' title='bbox 2069 5346 2156 5404; x_wconf 77' lang='lat' dir='ltr'><strong>qui</strong></span> 
     </span>
    </p>
   </div>
   <div class='ocr_carea' id='block_1_73' title="bbox 581 5407 2156 5486">
    <p class='ocr_par' dir='ltr' id='par_1_73' title="bbox 581 5407 2156 5486">
     <span class='ocr_line' id='line_1_73' title="bbox 581 5407 2156 5486; baseline 0.002 -19"><span class='ocrx_word' id='word_1_494' title='bbox 581 5407 769 5467; x_wconf 79' lang='lat' dir='ltr'><strong>dicitur</strong></span> <span class='ocrx_word' id='word_1_495' title='bbox 801 5407 1071 5468; x_wconf 72' lang='grc' dir='ltr'><strong>Ηὲὁῖινὶσιιὶ</strong></span> <span class='ocrx_word' id='word_1_496' title='bbox 1100 5455 1114 5479; x_wconf 88' lang='grc'><strong><em>,</em></strong></span> <span class='ocrx_word' id='word_1_497' title='bbox 1163 5407 1209 5470; x_wconf 66' lang='grc' dir='ltr'><strong>ξι</strong></span> <span class='ocrx_word' id='word_1_498' title='bbox 1248 5418 1300 5468; x_wconf 82' lang='lat' dir='ltr'><strong>in</strong></span> <span class='ocrx_word' id='word_1_499' title='bbox 1335 5407 1677 5486; x_wconf 66' lang='lat' dir='ltr'><strong>Attgrisgowe.</strong></span> <span class='ocrx_word' id='word_1_500' title='bbox 1721 5417 1855 5486; x_wconf 12' lang='lat' dir='ltr'><strong>(Pagi</strong></span> <span class='ocrx_word' id='word_1_501' title='bbox 1885 5407 2156 5470; x_wconf 67' lang='lat' dir='ltr'><strong>bi&#39;otnnes</strong></span> 
     </span>
    </p>
   </div>
   <div class='ocr_carea' id='block_1_74' title="bbox 586 5485 2157 5556">
    <p class='ocr_par' dir='ltr' id='par_1_74' title="bbox 586 5485 2157 5556">
     <span class='ocr_line' id='line_1_74' title="bbox 586 5485 2157 5556; baseline 0.003 -21"><span class='ocrx_word' id='word_1_502' title='bbox 586 5485 953 5556; x_wconf 70' lang='lat' dir='ltr'><strong>tt-ansrltettani</strong></span> <span class='ocrx_word' id='word_1_503' title='bbox 1004 5495 1128 5538; x_wconf 89' lang='lat' dir='ltr'><strong>sunt</strong></span> <span class='ocrx_word' id='word_1_504' title='bbox 1174 5505 1184 5539; x_wconf 94' lang='lat'><strong>:</strong></span> <span class='ocrx_word' id='word_1_505' title='bbox 1237 5485 1563 5556; x_wconf 68' lang='lat' dir='ltr'><strong>Angrisgowe</strong></span> <span class='ocrx_word' id='word_1_506' title='bbox 1613 5487 1752 5540; x_wconf 82' lang='lat' dir='ltr'><strong>inter</strong></span> <span class='ocrx_word' id='word_1_507' title='bbox 1809 5487 2052 5541; x_wconf 74' lang='lat' dir='ltr'><strong>liltennm</strong></span> <span class='ocrx_word' id='word_1_508' title='bbox 2103 5495 2157 5540; x_wconf 80' lang='lat' dir='ltr'><strong>et</strong></span> 
     </span>
    </p>
   </div>
   <div class='ocr_carea' id='block_1_75' title="bbox 584 5553 2156 5624">
    <p class='ocr_par' dir='ltr' id='par_1_75' title="bbox 584 5553 2156 5624">
     <span class='ocr_line' id='line_1_75' title="bbox 584 5553 2156 5624; baseline 0.004 -23"><span class='ocrx_word' id='word_1_509' title='bbox 584 5553 816 5624; x_wconf 62' lang='lat' dir='ltr'><strong>Signiam</strong></span> <span class='ocrx_word' id='word_1_510' title='bbox 844 5553 1004 5619; x_wconf 87' lang='lat' dir='ltr'><strong>situs,</strong></span> <span class='ocrx_word' id='word_1_511' title='bbox 1043 5570 1106 5607; x_wconf 86' lang='lat' dir='ltr'><strong>ex</strong></span> <span class='ocrx_word' id='word_1_512' title='bbox 1147 5553 1367 5611; x_wconf 76' lang='lat' dir='ltr'><strong>adversa</strong></span> <span class='ocrx_word' id='word_1_513' title='bbox 1401 5553 1546 5624; x_wconf 74' lang='lat' dir='ltr'><strong>parte</strong></span> <span class='ocrx_word' id='word_1_514' title='bbox 1575 5558 1896 5621; x_wconf 66' lang='lat' dir='ltr'><strong>Audet-nam,</strong></span> <span class='ocrx_word' id='word_1_515' title='bbox 1927 5557 2013 5619; x_wconf 78' lang='lat' dir='ltr'><strong>ubi</strong></span> <span class='ocrx_word' id='word_1_516' title='bbox 2059 5557 2156 5609; x_wconf 90' lang='lat' dir='ltr'><strong>bo-</strong></span> 
     </span>
    </p>
   </div>
   <div class='ocr_carea' id='block_1_76' title="bbox 582 5620 2153 5697">
    <p class='ocr_par' dir='ltr' id='par_1_76' title="bbox 582 5620 2153 5697">
     <span class='ocr_line' id='line_1_76' title="bbox 582 5620 2153 5697; baseline 0.003 -23"><span class='ocrx_word' id='word_1_517' title='bbox 582 5620 672 5697; x_wconf 66' lang='lat' dir='ltr'><strong>die</strong></span> <span class='ocrx_word' id='word_1_518' title='bbox 719 5624 996 5678; x_wconf 76' lang='lat' dir='ltr'><strong>Comitatus</strong></span> <span class='ocrx_word' id='word_1_519' title='bbox 1022 5694 1036 5697; x_wconf 97' lang='lat'>_</span> <span class='ocrx_word' id='word_1_520' title='bbox 1061 5626 1350 5695; x_wconf 83' lang='lat' dir='ltr'><strong>Seynensis</strong></span> <span class='ocrx_word' id='word_1_521' title='bbox 1375 5620 1412 5690; x_wconf 77' lang='grc' dir='ltr'><strong>ς’</strong></span> <span class='ocrx_word' id='word_1_522' title='bbox 1438 5626 1708 5697; x_wconf 82' lang='lat' dir='ltr'><strong>Logonahe</strong></span> <span class='ocrx_word' id='word_1_523' title='bbox 1744 5620 1891 5682; x_wconf 84' lang='lat' dir='ltr'><strong>circa</strong></span> <span class='ocrx_word' id='word_1_524' title='bbox 1937 5625 2153 5680; x_wconf 85' lang='lat' dir='ltr'><strong>ﬂuvium</strong></span> 
     </span>
    </p>
   </div>
   <div class='ocr_carea' id='block_1_77' title="bbox 585 5691 2154 5766">
    <p class='ocr_par' dir='ltr' id='par_1_77' title="bbox 585 5691 2154 5766">
     <span class='ocr_line' id='line_1_77' title="bbox 585 5691 2154 5766; baseline 0.004 -22"><span class='ocrx_word' id='word_1_525' title='bbox 585 5691 854 5766; x_wconf 71' lang='lat' dir='ltr'><strong>Lnganatn</strong></span> <span class='ocrx_word' id='word_1_526' title='bbox 887 5707 978 5745; x_wconf 90' lang='lat' dir='ltr'><strong>seu</strong></span> <span class='ocrx_word' id='word_1_527' title='bbox 1022 5691 1252 5766; x_wconf 77' lang='lat' dir='ltr'><strong>Latinam</strong></span> <span class='ocrx_word' id='word_1_528' title='bbox 1299 5699 1402 5751; x_wconf 85' lang='lat' dir='ltr'><strong>late</strong></span> <span class='ocrx_word' id='word_1_529' title='bbox 1441 5691 1756 5766; x_wconf 77' lang='lat' dir='ltr'><strong>protensus;</strong></span> <span class='ocrx_word' id='word_1_530' title='bbox 1793 5697 2034 5751; x_wconf 78' lang='lat' dir='ltr'><strong>Einric/te</strong></span> <span class='ocrx_word' id='word_1_531' title='bbox 2065 5699 2154 5763; x_wconf 84' lang='lat' dir='ltr'><strong>qui</strong></span> 
     </span>
    </p>
   </div>
   <div class='ocr_carea' id='block_1_78' title="bbox 585 5763 2149 5835">
    <p class='ocr_par' dir='ltr' id='par_1_78' title="bbox 585 5763 2149 5835">
     <span class='ocr_line' id='line_1_78' title="bbox 585 5763 2149 5835; baseline 0.001 -17"><span class='ocrx_word' id='word_1_532' title='bbox 585 5765 642 5819; x_wconf 76' lang='lat' dir='ltr'><strong>et</strong></span> <span class='ocrx_word' id='word_1_533' title='bbox 673 5776 790 5831; x_wconf 77' lang='lat' dir='ltr'><strong>pars</strong></span> <span class='ocrx_word' id='word_1_534' title='bbox 834 5763 1157 5831; x_wconf 68' lang='lat' dir='ltr'><strong>Loganensis</strong></span> <span class='ocrx_word' id='word_1_535' title='bbox 1195 5768 1351 5835; x_wconf 83' lang='lat' dir='ltr'><strong>pagi,</strong></span> <span class='ocrx_word' id='word_1_536' title='bbox 1414 5763 1532 5824; x_wconf 77' lang='lat' dir='ltr'><strong>eum</strong></span> <span class='ocrx_word' id='word_1_537' title='bbox 1584 5778 1810 5824; x_wconf 88' lang='lat' dir='ltr'><strong>tractum</strong></span> <span class='ocrx_word' id='word_1_538' title='bbox 1859 5781 2149 5833; x_wconf 86' lang='lat' dir='ltr'><strong>occupans,</strong></span> 
     </span>
    </p>
   </div>
   <div class='ocr_carea' id='block_1_79' title="bbox 2323 1868 3816 1940">
    <p class='ocr_par' dir='ltr' id='par_1_79' title="bbox 2323 1868 3816 1940">
     <span class='ocr_line' id='line_1_79' title="bbox 2323 1868 3816 1940; baseline -0.002 -16"><span class='ocrx_word' id='word_1_539' title='bbox 2323 1871 2455 1925; x_wconf 88' lang='lat' dir='ltr'><strong>Data</strong></span> <span class='ocrx_word' id='word_1_540' title='bbox 2485 1871 2534 1924; x_wconf 89' lang='lat' dir='ltr'><strong>in</strong></span> <span class='ocrx_word' id='word_1_541' title='bbox 2573 1885 2758 1926; x_wconf 88' lang='lat' dir='ltr'><strong>mense</strong></span> <span class='ocrx_word' id='word_1_542' title='bbox 2802 1871 3104 1939; x_wconf 90' lang='lat' dir='ltr'><strong>Decembri,</strong></span> <span class='ocrx_word' id='word_1_543' title='bbox 3147 1885 3292 1925; x_wconf 89' lang='lat' dir='ltr'><strong>anno</strong></span> <span class='ocrx_word' id='word_1_544' title='bbox 3321 1877 3528 1940; x_wconf 87' lang='lat' dir='ltr'><strong>quarto</strong></span> <span class='ocrx_word' id='word_1_545' title='bbox 3559 1868 3754 1924; x_wconf 83' lang='lat' dir='ltr'><strong>decimo</strong></span> <span class='ocrx_word' id='word_1_546' title='bbox 3775 1875 3816 1921; x_wconf 85' lang='lat' dir='ltr'><strong>et</strong></span> 
     </span>
    </p>
   </div>
   <div class='ocr_carea' id='block_1_80' title="bbox 2251 1957 2835 2035">
    <p class='ocr_par' dir='ltr' id='par_1_80' title="bbox 2251 1957 2835 2035">
     <span class='ocr_line' id='line_1_80' title="bbox 2251 1957 2835 2035; baseline 0.005 -17"><span class='ocrx_word' id='word_1_547' title='bbox 2251 1975 2442 2021; x_wconf 89' lang='lat' dir='ltr'><strong>octavo</strong></span> <span class='ocrx_word' id='word_1_548' title='bbox 2467 1957 2617 2035; x_wconf 76' lang='lat' dir='ltr'><strong>regni</strong></span> <span class='ocrx_word' id='word_1_549' title='bbox 2647 1968 2835 2021; x_wconf 89' lang='lat' dir='ltr'><strong>nostri.</strong></span> 
     </span>
    </p>
   </div>
   <div class='ocr_carea' id='block_1_81' title="bbox 2317 2055 3071 2127">
    <p class='ocr_par' dir='ltr' id='par_1_81' title="bbox 2317 2055 3071 2127">
     <span class='ocr_line' id='line_1_81' title="bbox 2317 2055 3071 2127; baseline 0 -17"><span class='ocrx_word' id='word_1_550' title='bbox 2317 2058 2509 2110; x_wconf 78' lang='lat' dir='ltr'><strong>Actum</strong></span> <span class='ocrx_word' id='word_1_551' title='bbox 2541 2055 2819 2127; x_wconf 87' lang='lat' dir='ltr'><strong>Carisiago</strong></span> <span class='ocrx_word' id='word_1_552' title='bbox 2851 2056 3071 2126; x_wconf 86' lang='lat' dir='ltr'><strong>palatio.</strong></span> 
     </span>
    </p>
   </div>
   <div class='ocr_carea' id='block_1_82' title="bbox 2967 2168 3106 2223">
    <p class='ocr_par' dir='ltr' id='par_1_82' title="bbox 2967 2168 3106 2223">
     <span class='ocr_line' id='line_1_82' title="bbox 2967 2168 3106 2223; baseline -0.007 0"><span class='ocrx_word' id='word_1_553' title='bbox 2967 2168 3106 2223; x_wconf 76' lang='lat' dir='ltr'><strong>XVI.</strong></span> 
     </span>
    </p>
   </div>
   <div class='ocr_carea' id='block_1_83' title="bbox 2248 2257 3810 2352">
    <p class='ocr_par' dir='ltr' id='par_1_83' title="bbox 2248 2257 3810 2352">
     <span class='ocr_line' id='line_1_83' title="bbox 2248 2257 3810 2352; baseline -0.002 -16"><span class='ocrx_word' id='word_1_554' title='bbox 2248 2281 2420 2336; x_wconf 83' lang='lat' dir='ltr'><strong>Caroli</strong></span> <span class='ocrx_word' id='word_1_555' title='bbox 2451 2257 2631 2352; x_wconf 65' lang='lat' dir='ltr'><strong>Magni</strong></span> <span class='ocrx_word' id='word_1_556' title='bbox 2658 2282 2870 2352; x_wconf 85' lang='lat' dir='ltr'><strong>donatio</strong></span> <span class='ocrx_word' id='word_1_557' title='bbox 2888 2283 3146 2351; x_wconf 72' lang='lat' dir='ltr'><strong>uariorum</strong></span> <span class='ocrx_word' id='word_1_558' title='bbox 3177 2260 3494 2352; x_wconf 63' lang='lat' dir='ltr'><strong>prtédt&#39;orstm</strong></span> <span class='ocrx_word' id='word_1_559' title='bbox 3522 2259 3655 2352; x_wconf 62' lang='lat' dir='ltr'><strong>facta</strong></span> <span class='ocrx_word' id='word_1_560' title='bbox 3674 2281 3810 2335; x_wconf 74' lang='lat' dir='ltr'><strong>abba-</strong></span> 
     </span>
    </p>
   </div>
   <div class='ocr_carea' id='block_1_84' title="bbox 2670 2347 3446 2422">
    <p class='ocr_par' dir='ltr' id='par_1_84' title="bbox 2670 2347 3446 2422">
     <span class='ocr_line' id='line_1_84' title="bbox 2670 2347 3446 2422; baseline 0.001 -18"><span class='ocrx_word' id='word_1_561' title='bbox 2670 2351 2761 2406; x_wconf 70' lang='lat' dir='ltr'><strong>tiin</strong></span> <span class='ocrx_word' id='word_1_562' title='bbox 2790 2347 3078 2405; x_wconf 81' lang='lat' dir='ltr'><strong>Prnmiensi</strong></span> <span class='ocrx_word' id='word_1_563' title='bbox 3109 2347 3267 2422; x_wconf 81' lang='lat' dir='ltr'><strong>(anno</strong></span> <span class='ocrx_word' id='word_1_564' title='bbox 3294 2347 3446 2421; x_wconf 82' lang='lat'><strong>790).</strong></span> 
     </span>
    </p>
   </div>
   <div class='ocr_carea' id='block_1_85' title="bbox 2524 2451 3546 2548">
    <p class='ocr_par' dir='ltr' id='par_1_85' title="bbox 2524 2451 3546 2536">
     <span class='ocr_line' id='line_1_85' title="bbox 2524 2451 3546 2536; baseline 0 -24"><span class='ocrx_word' id='word_1_565' title='bbox 2524 2463 2628 2527; x_wconf 73' lang='lat' dir='ltr'><strong>&#39;(lix</strong></span> <span class='ocrx_word' id='word_1_566' title='bbox 2653 2451 2936 2523; x_wconf 80' lang='lat' dir='ltr'><strong>Hontheim,</strong></span> <span class='ocrx_word' id='word_1_567' title='bbox 2963 2463 3177 2536; x_wconf 81' lang='lat' dir='ltr'><strong>Historia</strong></span> <span class='ocrx_word' id='word_1_568' title='bbox 3199 2463 3546 2525; x_wconf 82' lang='lat' dir='ltr'><strong>Trevirensis).</strong></span> 
     </span>
    </p>
   </div>
   <div class='ocr_carea' id='block_1_86' title="bbox 2318 2551 3804 2648">
    <p class='ocr_par' dir='ltr' id='par_1_86' title="bbox 2318 2551 3804 2648">
     <span class='ocr_line' id='line_1_86' title="bbox 2318 2551 3804 2648; baseline -0.003 -25"><span class='ocrx_word' id='word_1_569' title='bbox 2318 2553 2542 2623; x_wconf 86' lang='lat' dir='ltr'><strong>Carolus</strong></span> <span class='ocrx_word' id='word_1_570' title='bbox 2578 2551 2890 2648; x_wconf 31' lang='lat' dir='ltr'><strong>gratia&#39;Dei</strong></span> <span class='ocrx_word' id='word_1_571' title='bbox 2946 2582 3037 2623; x_wconf 82' lang='lat' dir='ltr'><strong>rex</strong></span> <span class='ocrx_word' id='word_1_572' title='bbox 3084 2567 3395 2622; x_wconf 86' lang='lat' dir='ltr'><strong>Francorum</strong></span> <span class='ocrx_word' id='word_1_573' title='bbox 3421 2577 3473 2621; x_wconf 88' lang='lat' dir='ltr'><strong>et</strong></span> <span class='ocrx_word' id='word_1_574' title='bbox 3498 2566 3804 2635; x_wconf 75' lang='lat' dir='ltr'><strong>Langobar-</strong></span> 
     </span>
    </p>
   </div>
   <div class='ocr_carea' id='block_1_87' title="bbox 2246 2657 3802 2727">
    <p class='ocr_par' dir='ltr' id='par_1_87' title="bbox 2246 2657 3802 2727">
     <span class='ocr_line' id='line_1_87' title="bbox 2246 2657 3802 2727; baseline -0.002 -15"><span class='ocrx_word' id='word_1_575' title='bbox 2246 2658 2434 2712; x_wconf 90' lang='lat' dir='ltr'><strong>dorum</strong></span> <span class='ocrx_word' id='word_1_576' title='bbox 2500 2669 2555 2713; x_wconf 92' lang='lat' dir='ltr'><strong>et</strong></span> <span class='ocrx_word' id='word_1_577' title='bbox 2596 2660 2850 2727; x_wconf 88' lang='lat' dir='ltr'><strong>patricius</strong></span> <span class='ocrx_word' id='word_1_578' title='bbox 2901 2659 3279 2712; x_wconf 77' lang='lat' dir='ltr'><strong>Romanorum.</strong></span> <span class='ocrx_word' id='word_1_579' title='bbox 3337 2657 3600 2725; x_wconf 74' lang='lat' dir='ltr'><strong>Quidquid</strong></span> <span class='ocrx_word' id='word_1_580' title='bbox 3659 2658 3802 2710; x_wconf 83' lang='lat' dir='ltr'><strong>enim</strong></span> 
     </span>
    </p>
   </div>
   <div class='ocr_carea' id='block_1_88' title="bbox 2248 2746 3798 2812">
    <p class='ocr_par' dir='ltr' id='par_1_88' title="bbox 2248 2746 3798 2812">
     <span class='ocr_line' id='line_1_88' title="bbox 2248 2746 3798 2812; baseline -0.001 -11"><span class='ocrx_word' id='word_1_581' title='bbox 2248 2748 2380 2803; x_wconf 92' lang='lat' dir='ltr'><strong>locis</strong></span> <span class='ocrx_word' id='word_1_582' title='bbox 2423 2757 2728 2802; x_wconf 89' lang='lat' dir='ltr'><strong>sanctorum</strong></span> <span class='ocrx_word' id='word_1_583' title='bbox 2782 2750 3168 2804; x_wconf 89' lang='lat' dir='ltr'><strong>venerabilium</strong></span> <span class='ocrx_word' id='word_1_584' title='bbox 3203 2750 3273 2803; x_wconf 88' lang='lat' dir='ltr'><strong>ob</strong></span> <span class='ocrx_word' id='word_1_585' title='bbox 3306 2761 3539 2802; x_wconf 84' lang='lat' dir='ltr'><strong>amorem</strong></span> <span class='ocrx_word' id='word_1_586' title='bbox 3573 2746 3798 2812; x_wconf 85' lang='lat' dir='ltr'><strong>Domini,</strong></span> 
     </span>
    </p>
   </div>
   <div class='ocr_carea' id='block_1_89' title="bbox 2248 2837 3801 2907">
    <p class='ocr_par' dir='ltr' id='par_1_89' title="bbox 2248 2837 3801 2907">
     <span class='ocr_line' id='line_1_89' title="bbox 2248 2837 3801 2907; baseline -0.001 -16"><span class='ocrx_word' id='word_1_587' title='bbox 2248 2840 2330 2893; x_wconf 90' lang='lat' dir='ltr'><strong>vel</strong></span> <span class='ocrx_word' id='word_1_588' title='bbox 2370 2839 2776 2907; x_wconf 79' lang='lat' dir='ltr'><strong>oppdrtu‘uitate</strong></span> <span class='ocrx_word' id='word_1_589' title='bbox 2801 2851 3079 2894; x_wconf 87' lang='lat' dir='ltr'><strong>servorum</strong></span> <span class='ocrx_word' id='word_1_590' title='bbox 3113 2840 3238 2905; x_wconf 91' lang='lat' dir='ltr'><strong>Dei,</strong></span> <span class='ocrx_word' id='word_1_591' title='bbox 3277 2838 3534 2893; x_wconf 83' lang='lat' dir='ltr'><strong>benevola</strong></span> <span class='ocrx_word' id='word_1_592' title='bbox 3560 2837 3801 2892; x_wconf 83' lang='lat' dir='ltr'><strong>delibera-</strong></span> 
     </span>
    </p>
   </div>
   <div class='ocr_carea' id='block_1_90' title="bbox 2249 2923 3804 2998">
    <p class='ocr_par' dir='ltr' id='par_1_90' title="bbox 2249 2923 3804 2998">
     <span class='ocr_line' id='line_1_90' title="bbox 2249 2923 3804 2998; baseline -0.003 -13"><span class='ocrx_word' id='word_1_593' title='bbox 2249 2932 2398 2986; x_wconf 91' lang='lat' dir='ltr'><strong>tione</strong></span> <span class='ocrx_word' id='word_1_594' title='bbox 2423 2931 2665 2986; x_wconf 86' lang='lat' dir='ltr'><strong>cedimus</strong></span> <span class='ocrx_word' id='word_1_595' title='bbox 2683 2971 2698 2998; x_wconf 92' lang='lat'><strong>,</strong></span> <span class='ocrx_word' id='word_1_596' title='bbox 2741 2931 2824 2985; x_wconf 76' lang='lat' dir='ltr'><strong>vel</strong></span> <span class='ocrx_word' id='word_1_597' title='bbox 2851 2930 3250 2995; x_wconf 89' lang='lat' dir='ltr'><strong>condonamus,</strong></span> <span class='ocrx_word' id='word_1_598' title='bbox 3284 2931 3391 2985; x_wconf 85' lang='lat' dir='ltr'><strong>hoc</strong></span> <span class='ocrx_word' id='word_1_599' title='bbox 3421 2928 3580 2984; x_wconf 81' lang='lat' dir='ltr'><strong>nobis</strong></span> <span class='ocrx_word' id='word_1_600' title='bbox 3606 2923 3668 2983; x_wconf 83' lang='lat' dir='ltr'><strong>ad</strong></span> <span class='ocrx_word' id='word_1_601' title='bbox 3693 2944 3804 2982; x_wconf 79' lang='lat' dir='ltr'><strong>mer-</strong></span> 
     </span>
    </p>
   </div>
   <div class='ocr_carea' id='block_1_91' title="bbox 2248 3016 3800 3092">
    <p class='ocr_par' dir='ltr' id='par_1_91' title="bbox 2248 3016 3800 3092">
     <span class='ocr_line' id='line_1_91' title="bbox 2248 3016 3800 3092; baseline -0.003 -14"><span class='ocrx_word' id='word_1_602' title='bbox 2248 3021 2397 3078; x_wconf 88' lang='lat' dir='ltr'><strong>cedis</strong></span> <span class='ocrx_word' id='word_1_603' title='bbox 2446 3031 2825 3092; x_wconf 83' lang='lat' dir='ltr'><strong>augmentum,</strong></span> <span class='ocrx_word' id='word_1_604' title='bbox 2879 3023 2963 3076; x_wconf 92' lang='lat' dir='ltr'><strong>vel</strong></span> <span class='ocrx_word' id='word_1_605' title='bbox 3010 3022 3360 3077; x_wconf 87' lang='lat' dir='ltr'><strong>stabilitatem</strong></span> <span class='ocrx_word' id='word_1_606' title='bbox 3405 3016 3563 3091; x_wconf 81' lang='lat' dir='ltr'><strong>regni</strong></span> <span class='ocrx_word' id='word_1_607' title='bbox 3600 3020 3740 3074; x_wconf 84' lang='lat' dir='ltr'><strong>nostri</strong></span> <span class='ocrx_word' id='word_1_608' title='bbox 3761 3020 3800 3072; x_wconf 80' lang='lat' dir='ltr'><strong>ia</strong></span> 
     </span>
    </p>
   </div>
   <div class='ocr_carea' id='block_1_92' title="bbox 2303 3111 3587 3192">
    <p class='ocr_par' dir='ltr' id='par_1_92' title="bbox 2303 3111 3587 3192">
     <span class='ocr_line' id='line_1_92' title="bbox 2303 3111 3587 3192; baseline -0.003 -23"><span class='ocrx_word' id='word_1_609' title='bbox 2303 3115 2351 3169; x_wconf 89' lang='lat' dir='ltr'><strong>ei</strong></span> <span class='ocrx_word' id='word_1_610' title='bbox 2381 3112 2594 3168; x_wconf 85' lang='lat' dir='ltr'><strong>nomine</strong></span> <span class='ocrx_word' id='word_1_611' title='bbox 2621 3113 2895 3181; x_wconf 87' lang='lat' dir='ltr'><strong>pertinere</strong></span> <span class='ocrx_word' id='word_1_612' title='bbox 2922 3111 3261 3167; x_wconf 88' lang='lat' dir='ltr'><strong>conﬁdimus.</strong></span> <span class='ocrx_word' id='word_1_613' title='bbox 3577 3180 3587 3192; x_wconf 28' lang='grc' dir='ltr'>ι</span> 
     </span>
    </p>
   </div>
   <div class='ocr_carea' id='block_1_93' title="bbox 2327 3201 3782 3276">
    <p class='ocr_par' dir='ltr' id='par_1_93' title="bbox 2327 3201 3782 3276">
     <span class='ocr_line' id='line_1_93' title="bbox 2327 3201 3782 3276; baseline -0.005 -16"><span class='ocrx_word' id='word_1_614' title='bbox 2327 3205 2499 3276; x_wconf 82' lang='lat' dir='ltr'><strong>igitur</strong></span> <span class='ocrx_word' id='word_1_615' title='bbox 2529 3214 2716 3259; x_wconf 92' lang='lat' dir='ltr'><strong>notum</strong></span> <span class='ocrx_word' id='word_1_616' title='bbox 2749 3204 2820 3258; x_wconf 90' lang='lat' dir='ltr'><strong>sit</strong></span> <span class='ocrx_word' id='word_1_617' title='bbox 2849 3205 3088 3258; x_wconf 86' lang='lat' dir='ltr'><strong>omnium</strong></span> <span class='ocrx_word' id='word_1_618' title='bbox 3121 3201 3356 3258; x_wconf 87' lang='lat' dir='ltr'><strong>ﬁdelium</strong></span> <span class='ocrx_word' id='word_1_619' title='bbox 3392 3213 3691 3259; x_wconf 83' lang='lat' dir='ltr'><strong>nostrorum</strong></span> <span class='ocrx_word' id='word_1_620' title='bbox 3709 3215 3782 3253; x_wconf 75' lang='lat' dir='ltr'><strong>m-</strong></span> 
     </span>
    </p>
   </div>
   <div class='ocr_carea' id='block_1_94' title="bbox 2256 3284 3772 3366">
    <p class='ocr_par' dir='ltr' id='par_1_94' title="bbox 2256 3284 3772 3366">
     <span class='ocr_line' id='line_1_94' title="bbox 2256 3284 3772 3366; baseline -0.002 -16"><span class='ocrx_word' id='word_1_621' title='bbox 2256 3295 2544 3366; x_wconf 86' lang='lat' dir='ltr'><strong>gnitudini,</strong></span> <span class='ocrx_word' id='word_1_622' title='bbox 2572 3293 2915 3364; x_wconf 63' lang='lat' dir='ltr'><strong>praesentium</strong></span> <span class='ocrx_word' id='word_1_623' title='bbox 2940 3297 3143 3350; x_wconf 82' lang='lat' dir='ltr'><strong>scilicet</strong></span> <span class='ocrx_word' id='word_1_624' title='bbox 3172 3305 3225 3351; x_wconf 92' lang='lat' dir='ltr'><strong>et</strong></span> <span class='ocrx_word' id='word_1_625' title='bbox 3259 3284 3608 3361; x_wconf 78' lang='lat' dir='ltr'><strong>futurorum,</strong></span> <span class='ocrx_word' id='word_1_626' title='bbox 3629 3295 3772 3360; x_wconf 68' lang='lat' dir='ltr'><strong>qualiter</strong></span> 
     </span>
    </p>
   </div>
   <div class='ocr_carea' id='block_1_95' title="bbox 2256 3384 3782 3454">
    <p class='ocr_par' dir='ltr' id='par_1_95' title="bbox 2256 3384 3782 3454">
     <span class='ocr_line' id='line_1_95' title="bbox 2256 3384 3782 3454; baseline -0.003 -14"><span class='ocrx_word' id='word_1_627' title='bbox 2256 3385 2354 3440; x_wconf 82' lang='lat' dir='ltr'><strong>nos</strong></span> <span class='ocrx_word' id='word_1_628' title='bbox 2404 3399 2503 3454; x_wconf 87' lang='lat' dir='ltr'><strong>pro</strong></span> <span class='ocrx_word' id='word_1_629' title='bbox 2555 3384 2736 3437; x_wconf 92' lang='lat' dir='ltr'><strong>divino</strong></span> <span class='ocrx_word' id='word_1_630' title='bbox 2788 3384 3013 3449; x_wconf 89' lang='lat' dir='ltr'><strong>intuitu,</strong></span> <span class='ocrx_word' id='word_1_631' title='bbox 3064 3394 3118 3439; x_wconf 90' lang='lat' dir='ltr'><strong>et</strong></span> <span class='ocrx_word' id='word_1_632' title='bbox 3162 3393 3361 3439; x_wconf 58' lang='lat' dir='ltr'><strong>aeterna</strong></span> <span class='ocrx_word' id='word_1_633' title='bbox 3410 3384 3782 3440; x_wconf 59' lang='lat' dir='ltr'><strong>remuneratione</strong></span> 
     </span>
    </p>
   </div>
   <div class='ocr_carea' id='block_1_96' title="bbox 2255 3471 3796 3532">
    <p class='ocr_par' dir='ltr' id='par_1_96' title="bbox 2255 3471 3796 3532">
     <span class='ocr_line' id='line_1_96' title="bbox 2255 3471 3796 3532; baseline -0.002 -1"><span class='ocrx_word' id='word_1_634' title='bbox 2255 3477 2517 3531; x_wconf 87' lang='lat' dir='ltr'><strong>donamus</strong></span> <span class='ocrx_word' id='word_1_635' title='bbox 2547 3471 2612 3530; x_wconf 86' lang='lat' dir='ltr'><strong>ad</strong></span> <span class='ocrx_word' id='word_1_636' title='bbox 2642 3471 3026 3532; x_wconf 73' lang='lat' dir='ltr'><strong>monasterium</strong></span> <span class='ocrx_word' id='word_1_637' title='bbox 3049 3476 3258 3531; x_wconf 79' lang='lat' dir='ltr'><strong>Demini</strong></span> <span class='ocrx_word' id='word_1_638' title='bbox 3279 3486 3331 3530; x_wconf 90' lang='lat' dir='ltr'><strong>et</strong></span> <span class='ocrx_word' id='word_1_639' title='bbox 3352 3472 3660 3532; x_wconf 68' lang='lat' dir='ltr'><strong>Salvatoris</strong></span> <span class='ocrx_word' id='word_1_640' title='bbox 3681 3473 3796 3528; x_wconf 71' lang='lat' dir='ltr'><strong>nostri</strong></span> 
     </span>
    </p>
   </div>
   <div class='ocr_carea' id='block_1_97' title="bbox 2255 3553 3801 3640">
    <p class='ocr_par' dir='ltr' id='par_1_97' title="bbox 2255 3553 3801 3640">
     <span class='ocr_line' id='line_1_97' title="bbox 2255 3553 3801 3640; baseline -0.003 -16"><span class='ocrx_word' id='word_1_641' title='bbox 2255 3553 2381 3624; x_wconf 72' lang='lat' dir='ltr'><strong>.iesu</strong></span> <span class='ocrx_word' id='word_1_642' title='bbox 2412 3569 2636 3635; x_wconf 89' lang='lat' dir='ltr'><strong>Christi,</strong></span> <span class='ocrx_word' id='word_1_643' title='bbox 2669 3568 2810 3638; x_wconf 91' lang='lat' dir='ltr'><strong>quod</strong></span> <span class='ocrx_word' id='word_1_644' title='bbox 2843 3569 2980 3623; x_wconf 89' lang='lat' dir='ltr'><strong>bona</strong></span> <span class='ocrx_word' id='word_1_645' title='bbox 3004 3571 3257 3624; x_wconf 89' lang='lat' dir='ltr'><strong>memoria</strong></span> <span class='ocrx_word' id='word_1_646' title='bbox 3284 3553 3534 3624; x_wconf 86' lang='lat' dir='ltr'><strong>domnus</strong></span> <span class='ocrx_word' id='word_1_647' title='bbox 3563 3585 3626 3624; x_wconf 87' lang='lat' dir='ltr'><strong>ac</strong></span> <span class='ocrx_word' id='word_1_648' title='bbox 3649 3568 3801 3640; x_wconf 75' lang='lat' dir='ltr'><strong>genitor</strong></span> 
     </span>
    </p>
   </div>
   <div class='ocr_carea' id='block_1_98' title="bbox 2255 3660 3808 3729">
    <p class='ocr_par' dir='ltr' id='par_1_98' title="bbox 2255 3660 3808 3729">
     <span class='ocr_line' id='line_1_98' title="bbox 2255 3660 3808 3729; baseline -0.002 -14"><span class='ocrx_word' id='word_1_649' title='bbox 2255 3671 2441 3716; x_wconf 88' lang='lat' dir='ltr'><strong>noster</strong></span> <span class='ocrx_word' id='word_1_650' title='bbox 2496 3660 2716 3729; x_wconf 78' lang='lat' dir='ltr'><strong>Pipinus</strong></span> <span class='ocrx_word' id='word_1_651' title='bbox 2764 3661 3032 3728; x_wconf 90' lang='lat' dir='ltr'><strong>quondam</strong></span> <span class='ocrx_word' id='word_1_652' title='bbox 3077 3673 3192 3724; x_wconf 79' lang='lat' dir='ltr'><strong>rex,</strong></span> <span class='ocrx_word' id='word_1_653' title='bbox 3237 3674 3338 3714; x_wconf 89' lang='lat' dir='ltr'><strong>nec</strong></span> <span class='ocrx_word' id='word_1_654' title='bbox 3390 3674 3508 3714; x_wconf 89' lang='lat' dir='ltr'><strong>non</strong></span> <span class='ocrx_word' id='word_1_655' title='bbox 3539 3661 3808 3720; x_wconf 54' lang='lat' dir='ltr'><strong>damnant</strong></span> 
     </span>
    </p>
   </div>
   <div class='ocr_carea' id='block_1_99' title="bbox 2254 3750 3808 3824">
    <p class='ocr_par' dir='ltr' id='par_1_99' title="bbox 2254 3750 3808 3824">
     <span class='ocr_line' id='line_1_99' title="bbox 2254 3750 3808 3824; baseline -0.003 -17"><span class='ocrx_word' id='word_1_656' title='bbox 2254 3755 2497 3824; x_wconf 79' lang='lat' dir='ltr'><strong>genetrix</strong></span> <span class='ocrx_word' id='word_1_657' title='bbox 2529 3759 2711 3807; x_wconf 83' lang='lat' dir='ltr'><strong>nostra</strong></span> <span class='ocrx_word' id='word_1_658' title='bbox 2744 3753 3033 3807; x_wconf 81' lang='lat' dir='ltr'><strong>Berterada</strong></span> <span class='ocrx_word' id='word_1_659' title='bbox 3058 3753 3241 3822; x_wconf 82' lang='lat' dir='ltr'><strong>regina</strong></span> <span class='ocrx_word' id='word_1_660' title='bbox 3279 3767 3427 3807; x_wconf 77' lang='lat' dir='ltr'><strong>novo</strong></span> <span class='ocrx_word' id='word_1_661' title='bbox 3465 3767 3639 3822; x_wconf 83' lang='lat' dir='ltr'><strong>opere</strong></span> <span class='ocrx_word' id='word_1_662' title='bbox 3676 3750 3808 3805; x_wconf 78' lang='lat' dir='ltr'><strong>atan-</strong></span> 
     </span>
    </p>
   </div>
   <div class='ocr_carea' id='block_1_100' title="bbox 2255 3837 3808 3915">
    <p class='ocr_par' dir='ltr' id='par_1_100' title="bbox 2255 3837 3808 3915">
     <span class='ocr_line' id='line_1_100' title="bbox 2255 3837 3808 3915; baseline -0.003 -14"><span class='ocrx_word' id='word_1_663' title='bbox 2255 3837 2542 3910; x_wconf 73' lang='lat' dir='ltr'><strong>datnentis,</strong></span> <span class='ocrx_word' id='word_1_664' title='bbox 2572 3861 2668 3915; x_wconf 90' lang='lat' dir='ltr'><strong>pro</strong></span> <span class='ocrx_word' id='word_1_665' title='bbox 2694 3843 2866 3899; x_wconf 81' lang='lat' dir='ltr'><strong>futura</strong></span> <span class='ocrx_word' id='word_1_666' title='bbox 2896 3842 3090 3911; x_wconf 79' lang='lat' dir='ltr'><strong>saluto,</strong></span> <span class='ocrx_word' id='word_1_667' title='bbox 3116 3845 3167 3899; x_wconf 92' lang='lat' dir='ltr'><strong>in</strong></span> <span class='ocrx_word' id='word_1_668' title='bbox 3195 3846 3330 3909; x_wconf 87' lang='lat' dir='ltr'><strong>loco,</strong></span> <span class='ocrx_word' id='word_1_669' title='bbox 3361 3845 3450 3913; x_wconf 86' lang='lat' dir='ltr'><strong>qni</strong></span> <span class='ocrx_word' id='word_1_670' title='bbox 3477 3847 3679 3900; x_wconf 85' lang='lat' dir='ltr'><strong>dicitur</strong></span> <span class='ocrx_word' id='word_1_671' title='bbox 3705 3843 3808 3897; x_wconf 80' lang='lat' dir='ltr'><strong>Pru-</strong></span> 
     </span>
    </p>
   </div>
   <div class='ocr_carea' id='block_1_101' title="bbox 2255 3941 3815 4010">
    <p class='ocr_par' dir='ltr' id='par_1_101' title="bbox 2255 3941 3815 4010">
     <span class='ocr_line' id='line_1_101' title="bbox 2255 3941 3815 4010; baseline -0.005 -13"><span class='ocrx_word' id='word_1_672' title='bbox 2255 3942 2387 4008; x_wconf 82' lang='lat' dir='ltr'><strong>tnia,</strong></span> <span class='ocrx_word' id='word_1_673' title='bbox 2418 3941 2517 3994; x_wconf 88' lang='lat' dir='ltr'><strong>visi</strong></span> <span class='ocrx_word' id='word_1_674' title='bbox 2548 3943 2672 3996; x_wconf 73' lang='lat' dir='ltr'><strong>Sunt</strong></span> <span class='ocrx_word' id='word_1_675' title='bbox 2721 3941 3120 4004; x_wconf 82' lang='lat' dir='ltr'><strong>conslruxisse,</strong></span> <span class='ocrx_word' id='word_1_676' title='bbox 3165 3941 3251 3993; x_wconf 87' lang='lat' dir='ltr'><strong>ubi</strong></span> <span class='ocrx_word' id='word_1_677' title='bbox 3281 3941 3487 4010; x_wconf 67' lang='lat' dir='ltr'><strong>praeest</strong></span> <span class='ocrx_word' id='word_1_678' title='bbox 3518 3941 3605 3995; x_wconf 82' lang='lat' dir='ltr'><strong>vir</strong></span> <span class='ocrx_word' id='word_1_679' title='bbox 3630 3951 3815 3994; x_wconf 79' lang='lat' dir='ltr'><strong>venera-</strong></span> 
     </span>
    </p>
   </div>
   <div class='ocr_carea' id='block_1_102' title="bbox 2258 4029 3816 4102">
    <p class='ocr_par' dir='ltr' id='par_1_102' title="bbox 2258 4029 3816 4102">
     <span class='ocr_line' id='line_1_102' title="bbox 2258 4029 3816 4102; baseline -0.004 -11"><span class='ocrx_word' id='word_1_680' title='bbox 2258 4036 2381 4092; x_wconf 89' lang='lat' dir='ltr'><strong>bilis</strong></span> <span class='ocrx_word' id='word_1_681' title='bbox 2413 4035 2668 4090; x_wconf 81' lang='lat' dir='ltr'><strong>Asoarius</strong></span> <span class='ocrx_word' id='word_1_682' title='bbox 2697 4035 2829 4090; x_wconf 88' lang='lat' dir='ltr'><strong>abba</strong></span> <span class='ocrx_word' id='word_1_683' title='bbox 2851 4075 2866 4100; x_wconf 93' lang='lat'><strong>,</strong></span> <span class='ocrx_word' id='word_1_684' title='bbox 2895 4029 3254 4102; x_wconf 83' lang='lat' dir='ltr'><strong>donatumque</strong></span> <span class='ocrx_word' id='word_1_685' title='bbox 3282 4036 3346 4087; x_wconf 91' lang='lat' dir='ltr'><strong>ad</strong></span> <span class='ocrx_word' id='word_1_686' title='bbox 3379 4035 3579 4089; x_wconf 88' lang='lat' dir='ltr'><strong>eadem</strong></span> <span class='ocrx_word' id='word_1_687' title='bbox 3611 4043 3816 4090; x_wconf 79' lang='lat' dir='ltr'><strong>sanctum</strong></span> 
     </span>
    </p>
   </div>
   <div class='ocr_carea' id='block_1_103' title="bbox 2258 4108 3819 4197">
    <p class='ocr_par' dir='ltr' id='par_1_103' title="bbox 2258 4108 3819 4197">
     <span class='ocr_line' id='line_1_103' title="bbox 2258 4108 3819 4197; baseline -0.001 -16"><span class='ocrx_word' id='word_1_688' title='bbox 2258 4127 2436 4182; x_wconf 91' lang='lat' dir='ltr'><strong>locum</strong></span> <span class='ocrx_word' id='word_1_689' title='bbox 2468 4128 2521 4181; x_wconf 88' lang='lat' dir='ltr'><strong>in</strong></span> <span class='ocrx_word' id='word_1_690' title='bbox 2568 4122 2883 4197; x_wconf 86' lang='lat' dir='ltr'><strong>perpetuum</strong></span> <span class='ocrx_word' id='word_1_691' title='bbox 2914 4141 3036 4182; x_wconf 87' lang='lat' dir='ltr'><strong>esse</strong></span> <span class='ocrx_word' id='word_1_692' title='bbox 3085 4108 3326 4180; x_wconf 79' lang='lat' dir='ltr'><strong>volumus</strong></span> <span class='ocrx_word' id='word_1_693' title='bbox 3361 4140 3450 4181; x_wconf 87' lang='lat' dir='ltr'><strong>res</strong></span> <span class='ocrx_word' id='word_1_694' title='bbox 3491 4127 3698 4194; x_wconf 82' lang='lat' dir='ltr'><strong>aliquas</strong></span> <span class='ocrx_word' id='word_1_695' title='bbox 3723 4137 3819 4193; x_wconf 78' lang='lat' dir='ltr'><strong>pro-</strong></span> 
     </span>
    </p>
   </div>
   <div class='ocr_carea' id='block_1_104' title="bbox 2260 4213 3819 4287">
    <p class='ocr_par' dir='ltr' id='par_1_104' title="bbox 2260 4213 3819 4287">
     <span class='ocr_line' id='line_1_104' title="bbox 2260 4213 3819 4287; baseline -0.003 -16"><span class='ocrx_word' id='word_1_696' title='bbox 2260 4218 2506 4287; x_wconf 90' lang='lat' dir='ltr'><strong>prietatis</strong></span> <span class='ocrx_word' id='word_1_697' title='bbox 2534 4226 2731 4270; x_wconf 86' lang='lat' dir='ltr'><strong>nostrae</strong></span> <span class='ocrx_word' id='word_1_698' title='bbox 2751 4254 2768 4282; x_wconf 97' lang='lat'><strong>,</strong></span> <span class='ocrx_word' id='word_1_699' title='bbox 2814 4219 2836 4247; x_wconf 80' lang='lat'>°</span> <span class='ocrx_word' id='word_1_700' title='bbox 2869 4216 2920 4268; x_wconf 87' lang='lat' dir='ltr'><strong>in</strong></span> <span class='ocrx_word' id='word_1_701' title='bbox 2958 4229 3095 4284; x_wconf 90' lang='lat' dir='ltr'><strong>pago</strong></span> <span class='ocrx_word' id='word_1_702' title='bbox 3125 4223 3467 4283; x_wconf 87' lang='lat' dir='ltr'><strong>nuncupante</strong></span> <span class='ocrx_word' id='word_1_703' title='bbox 3500 4213 3819 4285; x_wconf 74' lang='lat' dir='ltr'><strong>Longonahe.</strong></span> 
     </span>
    </p>
   </div>
   <div class='ocr_carea' id='block_1_105' title="bbox 2258 4300 3818 4377">
    <p class='ocr_par' dir='ltr' id='par_1_105' title="bbox 2258 4300 3818 4377">
     <span class='ocr_line' id='line_1_105' title="bbox 2258 4300 3818 4377; baseline -0.001 -14"><span class='ocrx_word' id='word_1_704' title='bbox 2258 4315 2313 4363; x_wconf 90' lang='lat' dir='ltr'><strong>et</strong></span> <span class='ocrx_word' id='word_1_705' title='bbox 2339 4307 2392 4362; x_wconf 90' lang='lat' dir='ltr'><strong>in</strong></span> <span class='ocrx_word' id='word_1_706' title='bbox 2416 4322 2574 4377; x_wconf 87' lang='lat' dir='ltr'><strong>pago,</strong></span> <span class='ocrx_word' id='word_1_707' title='bbox 2615 4300 2705 4375; x_wconf 90' lang='lat' dir='ltr'><strong>qui</strong></span> <span class='ocrx_word' id='word_1_708' title='bbox 2749 4306 2944 4360; x_wconf 90' lang='lat' dir='ltr'><strong>dicitur</strong></span> <span class='ocrx_word' id='word_1_709' title='bbox 2973 4306 3240 4360; x_wconf 85' lang='lat' dir='ltr'><strong>Ileinricbi</strong></span> <span class='ocrx_word' id='word_1_710' title='bbox 3260 4346 3274 4370; x_wconf 88' lang='lat'><strong>,</strong></span> <span class='ocrx_word' id='word_1_711' title='bbox 3302 4314 3356 4359; x_wconf 91' lang='lat' dir='ltr'><strong>et</strong></span> <span class='ocrx_word' id='word_1_712' title='bbox 3383 4306 3435 4359; x_wconf 89' lang='lat' dir='ltr'><strong>in</strong></span> <span class='ocrx_word' id='word_1_713' title='bbox 3468 4305 3818 4374; x_wconf 68' lang='lat' dir='ltr'><strong>Angrisgowe.</strong></span> 
     </span>
    </p>
   </div>
   <div class='ocr_carea' id='block_1_106' title="bbox 2255 4395 3824 4469">
    <p class='ocr_par' dir='ltr' id='par_1_106' title="bbox 2255 4395 3824 4469">
     <span class='ocr_line' id='line_1_106' title="bbox 2255 4395 3824 4469; baseline -0.004 -17"><span class='ocrx_word' id='word_1_714' title='bbox 2255 4405 2393 4469; x_wconf 87' lang='lat' dir='ltr'><strong>quas</strong></span> <span class='ocrx_word' id='word_1_715' title='bbox 2425 4397 2727 4452; x_wconf 83' lang='lat' dir='ltr'><strong>antedictos</strong></span> <span class='ocrx_word' id='word_1_716' title='bbox 2757 4397 2892 4451; x_wconf 89' lang='lat' dir='ltr'><strong>abba</strong></span> <span class='ocrx_word' id='word_1_717' title='bbox 2917 4441 2930 4464; x_wconf 91' lang='lat'><strong>,</strong></span> <span class='ocrx_word' id='word_1_718' title='bbox 2965 4407 3020 4452; x_wconf 91' lang='lat' dir='ltr'><strong>et</strong></span> <span class='ocrx_word' id='word_1_719' title='bbox 3045 4396 3290 4451; x_wconf 81' lang='lat' dir='ltr'><strong>Ahardus</strong></span> <span class='ocrx_word' id='word_1_720' title='bbox 3320 4395 3470 4450; x_wconf 88' lang='lat' dir='ltr'><strong>missi</strong></span> <span class='ocrx_word' id='word_1_721' title='bbox 3502 4406 3686 4451; x_wconf 83' lang='lat' dir='ltr'><strong>nostri</strong></span> <span class='ocrx_word' id='word_1_722' title='bbox 3710 4402 3824 4464; x_wconf 72' lang='grc' dir='ltr'><strong>ιιιειο</strong></span> 
     </span>
    </p>
   </div>
   <div class='ocr_carea' id='block_1_107' title="bbox 2256 4483 3827 4556">
    <p class='ocr_par' dir='ltr' id='par_1_107' title="bbox 2256 4483 3827 4556">
     <span class='ocr_line' id='line_1_107' title="bbox 2256 4483 3827 4556; baseline -0.003 -13"><span class='ocrx_word' id='word_1_723' title='bbox 2256 4488 2467 4544; x_wconf 90' lang='lat' dir='ltr'><strong>tramite</strong></span> <span class='ocrx_word' id='word_1_724' title='bbox 2496 4488 2788 4542; x_wconf 89' lang='lat' dir='ltr'><strong>secundum</strong></span> <span class='ocrx_word' id='word_1_725' title='bbox 2821 4488 2990 4555; x_wconf 86' lang='lat' dir='ltr'><strong>legem</strong></span> <span class='ocrx_word' id='word_1_726' title='bbox 3027 4487 3080 4541; x_wconf 91' lang='lat' dir='ltr'><strong>in</strong></span> <span class='ocrx_word' id='word_1_727' title='bbox 3112 4485 3272 4542; x_wconf 80' lang='lat' dir='ltr'><strong>causa</strong></span> <span class='ocrx_word' id='word_1_728' title='bbox 3303 4496 3526 4550; x_wconf 87' lang='lat' dir='ltr'><strong>nostra,</strong></span> <span class='ocrx_word' id='word_1_729' title='bbox 3554 4499 3727 4556; x_wconf 78' lang='lat' dir='ltr'><strong>snper</strong></span> <span class='ocrx_word' id='word_1_730' title='bbox 3752 4483 3827 4538; x_wconf 83' lang='lat' dir='ltr'><strong>ho-</strong></span> 
     </span>
    </p>
   </div>
   <div class='ocr_carea' id='block_1_108' title="bbox 2264 4573 3829 4648">
    <p class='ocr_par' dir='ltr' id='par_1_108' title="bbox 2264 4573 3829 4648">
     <span class='ocr_line' id='line_1_108' title="bbox 2264 4573 3829 4648; baseline -0.006 -14"><span class='ocrx_word' id='word_1_731' title='bbox 2264 4581 2461 4634; x_wconf 88' lang='lat' dir='ltr'><strong>ntinem</strong></span> <span class='ocrx_word' id='word_1_732' title='bbox 2487 4579 2717 4648; x_wconf 87' lang='lat' dir='ltr'><strong>aliquem</strong></span> <span class='ocrx_word' id='word_1_733' title='bbox 2761 4578 2979 4632; x_wconf 88' lang='lat' dir='ltr'><strong>nomine</strong></span> <span class='ocrx_word' id='word_1_734' title='bbox 3002 4577 3260 4647; x_wconf 85' lang='lat' dir='ltr'><strong>Alpadum</strong></span> <span class='ocrx_word' id='word_1_735' title='bbox 3292 4576 3690 4642; x_wconf 70' lang='lat' dir='ltr'><strong>aequis‘ssent,</strong></span> <span class='ocrx_word' id='word_1_736' title='bbox 3711 4573 3735 4613; x_wconf 70' lang='grc' dir='ltr'><strong><em>ἀ</em></strong></span> <span class='ocrx_word' id='word_1_737' title='bbox 3758 4585 3829 4642; x_wconf 77' lang='lat' dir='ltr'><strong>per</strong></span> 
     </span>
    </p>
   </div>
   <div class='ocr_carea' id='block_1_109' title="bbox 2258 4664 3833 4736">
    <p class='ocr_par' dir='ltr' id='par_1_109' title="bbox 2258 4664 3833 4736">
     <span class='ocr_line' id='line_1_109' title="bbox 2258 4664 3833 4736; baseline -0.007 -11"><span class='ocrx_word' id='word_1_738' title='bbox 2258 4671 2374 4726; x_wconf 91' lang='lat' dir='ltr'><strong>loca</strong></span> <span class='ocrx_word' id='word_1_739' title='bbox 2423 4667 2766 4724; x_wconf 83' lang='lat' dir='ltr'><strong>denominata</strong></span> <span class='ocrx_word' id='word_1_740' title='bbox 2805 4668 3098 4735; x_wconf 73' lang='lat' dir='ltr'><strong>Nasongze,</strong></span> <span class='ocrx_word' id='word_1_741' title='bbox 3135 4668 3186 4720; x_wconf 90' lang='lat' dir='ltr'><strong>in</strong></span> <span class='ocrx_word' id='word_1_742' title='bbox 3219 4666 3556 4736; x_wconf 86' lang='lat' dir='ltr'><strong>Squalbacb,</strong></span> <span class='ocrx_word' id='word_1_743' title='bbox 3589 4677 3657 4722; x_wconf 86' lang='lat' dir='ltr'><strong>et</strong></span> <span class='ocrx_word' id='word_1_744' title='bbox 3684 4664 3833 4720; x_wconf 72' lang='lat' dir='ltr'><strong>&quot;30n-</strong></span> 
     </span>
    </p>
   </div>
   <div class='ocr_carea' id='block_1_110' title="bbox 2256 4756 3832 4828">
    <p class='ocr_par' dir='ltr' id='par_1_110' title="bbox 2256 4756 3832 4828">
     <span class='ocr_line' id='line_1_110' title="bbox 2256 4756 3832 4828; baseline -0.005 -12"><span class='ocrx_word' id='word_1_745' title='bbox 2256 4756 2392 4827; x_wconf 83' lang='lat' dir='ltr'><strong>stat,</strong></span> <span class='ocrx_word' id='word_1_746' title='bbox 2445 4763 2496 4816; x_wconf 90' lang='lat' dir='ltr'><strong>in</strong></span> <span class='ocrx_word' id='word_1_747' title='bbox 2523 4760 2894 4826; x_wconf 84' lang='lat' dir='ltr'><strong>Caldcnbach,</strong></span> <span class='ocrx_word' id='word_1_748' title='bbox 2924 4771 2978 4814; x_wconf 88' lang='lat' dir='ltr'><strong>et</strong></span> <span class='ocrx_word' id='word_1_749' title='bbox 3013 4761 3062 4812; x_wconf 92' lang='lat' dir='ltr'><strong>in</strong></span> <span class='ocrx_word' id='word_1_750' title='bbox 3090 4758 3430 4824; x_wconf 78' lang='lat' dir='ltr'><strong>Boumhaint,</strong></span> <span class='ocrx_word' id='word_1_751' title='bbox 3464 4769 3640 4828; x_wconf 85' lang='lat' dir='ltr'><strong>atque</strong></span> <span class='ocrx_word' id='word_1_752' title='bbox 3669 4760 3720 4815; x_wconf 89' lang='lat' dir='ltr'><strong>in</strong></span> <span class='ocrx_word' id='word_1_753' title='bbox 3748 4757 3832 4811; x_wconf 79' lang='lat' dir='ltr'><strong>Ta-</strong></span> 
     </span>
    </p>
   </div>
   <div class='ocr_carea' id='block_1_111' title="bbox 2262 4848 3840 4921">
    <p class='ocr_par' dir='ltr' id='par_1_111' title="bbox 2262 4848 3840 4921">
     <span class='ocr_line' id='line_1_111' title="bbox 2262 4848 3840 4921; baseline -0.004 -15"><span class='ocrx_word' id='word_1_754' title='bbox 2262 4851 2482 4915; x_wconf 74' lang='lat' dir='ltr'><strong>bernte,</strong></span> <span class='ocrx_word' id='word_1_755' title='bbox 2539 4867 2637 4906; x_wconf 93' lang='lat' dir='ltr'><strong>nec</strong></span> <span class='ocrx_word' id='word_1_756' title='bbox 2687 4866 2792 4904; x_wconf 82' lang='lat' dir='ltr'><strong>non</strong></span> <span class='ocrx_word' id='word_1_757' title='bbox 2844 4852 2894 4904; x_wconf 92' lang='lat' dir='ltr'><strong>in</strong></span> <span class='ocrx_word' id='word_1_758' title='bbox 2954 4850 3232 4921; x_wconf 68' lang='lat' dir='ltr'><strong>lleringte,</strong></span> <span class='ocrx_word' id='word_1_759' title='bbox 3282 4848 3396 4906; x_wconf 83' lang='lat' dir='ltr'><strong>sive</strong></span> <span class='ocrx_word' id='word_1_760' title='bbox 3419 4850 3770 4914; x_wconf 67' lang='lat' dir='ltr'><strong>Aendricha,</strong></span> <span class='ocrx_word' id='word_1_761' title='bbox 3796 4857 3840 4901; x_wconf 85' lang='lat' dir='ltr'><strong>et</strong></span> 
     </span>
    </p>
   </div>
   <div class='ocr_carea' id='block_1_112' title="bbox 2258 4997 3840 5076">
    <p class='ocr_par' dir='ltr' id='par_1_112' title="bbox 2258 4997 3840 5076">
     <span class='ocr_line' id='line_1_112' title="bbox 2258 4997 3840 5076; baseline -0.001 -18"><span class='ocrx_word' id='word_1_762' title='bbox 2258 5007 2416 5074; x_wconf 81' lang='lat' dir='ltr'><strong>quem</strong></span> <span class='ocrx_word' id='word_1_763' title='bbox 2447 5003 2607 5076; x_wconf 74' lang='lat' dir='ltr'><strong>modo</strong></span> <span class='ocrx_word' id='word_1_764' title='bbox 2656 5009 2852 5076; x_wconf 87' lang='lat' dir='ltr'><strong>tenent</strong></span> <span class='ocrx_word' id='word_1_765' title='bbox 2882 4997 3144 5076; x_wconf 74' lang='lat' dir='ltr'><strong>Nass&#39;ovii</strong></span> <span class='ocrx_word' id='word_1_766' title='bbox 3181 5003 3705 5076; x_wconf 82' lang='lat' dir='ltr'><strong>Ditlenbtirgenses,</strong></span> <span class='ocrx_word' id='word_1_767' title='bbox 3736 5003 3840 5058; x_wconf 62' lang='lat' dir='ltr'><strong>Die</strong></span> 
     </span>
    </p>
   </div>
   <div class='ocr_carea' id='block_1_113' title="bbox 2258 5074 3502 5137">
    <p class='ocr_par' dir='ltr' id='par_1_113' title="bbox 2258 5074 3502 5137">
     <span class='ocr_line' id='line_1_113' title="bbox 2258 5074 3502 5137; baseline 0 -10"><span class='ocrx_word' id='word_1_768' title='bbox 2258 5090 2468 5137; x_wconf 79' lang='lat' dir='ltr'><strong>zenses,</strong></span> <span class='ocrx_word' id='word_1_769' title='bbox 2501 5074 3015 5128; x_wconf 76' lang='lat' dir='ltr'><strong>CarimeliboCenses</strong></span> <span class='ocrx_word' id='word_1_770' title='bbox 3044 5083 3099 5128; x_wconf 90' lang='lat' dir='ltr'><strong>et</strong></span> <span class='ocrx_word' id='word_1_771' title='bbox 3131 5074 3502 5129; x_wconf 77' lang='lat' dir='ltr'><strong>Itsteinenses.</strong></span> 
     </span>
    </p>
   </div>
   <div class='ocr_carea' id='block_1_114' title="bbox 2330 5143 3843 5212">
    <p class='ocr_par' dir='ltr' id='par_1_114' title="bbox 2330 5143 3843 5212">
     <span class='ocr_line' id='line_1_114' title="bbox 2330 5143 3843 5212; baseline -0.003 -16"><span class='ocrx_word' id='word_1_772' title='bbox 2330 5145 2355 5181; x_wconf 76' lang='grc' dir='ltr'><em>ά</em></span> <span class='ocrx_word' id='word_1_773' title='bbox 2398 5143 2501 5198; x_wconf 82' lang='lat' dir='ltr'><strong>Per</strong></span> <span class='ocrx_word' id='word_1_774' title='bbox 2528 5147 2638 5197; x_wconf 72' lang='lat' dir='ltr'><strong>tota</strong></span> <span class='ocrx_word' id='word_1_775' title='bbox 2668 5145 2993 5198; x_wconf 77' lang='lat' dir='ltr'><strong>denominata</strong></span> <span class='ocrx_word' id='word_1_776' title='bbox 3025 5145 3311 5212; x_wconf 69' lang='lat' dir='ltr'><strong>Nasongm,</strong></span> <span class='ocrx_word' id='word_1_777' title='bbox 3327 5155 3430 5198; x_wconf 90' lang='lat' dir='ltr'><strong>etc.</strong></span> <span class='ocrx_word' id='word_1_778' title='bbox 3482 5143 3567 5212; x_wconf 36' lang='lat' dir='ltr'><strong>Ex,</strong></span> <span class='ocrx_word' id='word_1_779' title='bbox 3605 5145 3744 5199; x_wconf 89' lang='lat' dir='ltr'><strong>locis</strong></span> <span class='ocrx_word' id='word_1_780' title='bbox 3774 5143 3843 5212; x_wconf 83' lang='lat' dir='ltr'><strong>hic</strong></span> 
     </span>
    </p>
   </div>
   <div class='ocr_carea' id='block_1_115' title="bbox 2260 5211 3844 5284">
    <p class='ocr_par' dir='ltr' id='par_1_115' title="bbox 2260 5211 3844 5284">
     <span class='ocr_line' id='line_1_115' title="bbox 2260 5211 3844 5284; baseline -0.004 -16"><span class='ocrx_word' id='word_1_781' title='bbox 2260 5215 2548 5270; x_wconf 81' lang='lat' dir='ltr'><strong>nOminatis</strong></span> <span class='ocrx_word' id='word_1_782' title='bbox 2599 5223 2722 5268; x_wconf 91' lang='lat' dir='ltr'><strong>nota</strong></span> <span class='ocrx_word' id='word_1_783' title='bbox 2771 5221 2896 5268; x_wconf 91' lang='lat' dir='ltr'><strong>sunt</strong></span> <span class='ocrx_word' id='word_1_784' title='bbox 2950 5211 3268 5284; x_wconf 70' lang='lat' dir='ltr'><strong>Nassonga,</strong></span> <span class='ocrx_word' id='word_1_785' title='bbox 3333 5215 3490 5284; x_wconf 88' lang='lat' dir='ltr'><strong>hodie</strong></span> <span class='ocrx_word' id='word_1_786' title='bbox 3539 5211 3739 5268; x_wconf 77' lang='lat' dir='ltr'><strong>Nullan</strong></span> <span class='ocrx_word' id='word_1_787' title='bbox 3791 5211 3844 5284; x_wconf 77' lang='lat' dir='ltr'><strong>ad</strong></span> 
     </span>
    </p>
   </div>
   <div class='ocr_carea' id='block_1_116' title="bbox 2260 5283 3846 5353">
    <p class='ocr_par' dir='ltr' id='par_1_116' title="bbox 2260 5283 3846 5353">
     <span class='ocr_line' id='line_1_116' title="bbox 2260 5283 3846 5353; baseline -0.007 -12"><span class='ocrx_word' id='word_1_788' title='bbox 2260 5286 2519 5341; x_wconf 76' lang='lat' dir='ltr'><strong>Laltnatn.</strong></span> <span class='ocrx_word' id='word_1_789' title='bbox 2585 5285 2884 5353; x_wconf 79' lang='lat' dir='ltr'><strong>Sqnalbach</strong></span> <span class='ocrx_word' id='word_1_790' title='bbox 2955 5284 3051 5337; x_wconf 72' lang='lat' dir='ltr'><strong>Seu</strong></span> <span class='ocrx_word' id='word_1_791' title='bbox 3109 5283 3460 5339; x_wconf 69' lang='lat' dir='ltr'><strong>St-bv&#39;valbarh&#39;</strong></span> <span class='ocrx_word' id='word_1_792' title='bbox 3508 5285 3577 5337; x_wconf 87' lang='lat' dir='ltr'><strong>ab</strong></span> <span class='ocrx_word' id='word_1_793' title='bbox 3634 5283 3846 5338; x_wconf 74' lang='lat' dir='ltr'><strong>acidulis</strong></span> 
     </span>
    </p>
   </div>
   <div class='ocr_carea' id='block_1_117' title="bbox 2260 5354 3846 5426">
    <p class='ocr_par' dir='ltr' id='par_1_117' title="bbox 2260 5354 3846 5426">
     <span class='ocr_line' id='line_1_117' title="bbox 2260 5354 3846 5426; baseline -0.003 -16"><span class='ocrx_word' id='word_1_794' title='bbox 2260 5357 2596 5426; x_wconf 82' lang='lat' dir='ltr'><strong>uetissimum</strong></span> <span class='ocrx_word' id='word_1_795' title='bbox 2622 5354 2943 5426; x_wconf 46' lang='lat' dir='ltr'><strong>,llerittgas,</strong></span> <span class='ocrx_word' id='word_1_796' title='bbox 2974 5354 3127 5426; x_wconf 85' lang='lat' dir='ltr'><strong>alias</strong></span> <span class='ocrx_word' id='word_1_797' title='bbox 3159 5354 3426 5422; x_wconf 85' lang='lat' dir='ltr'><strong>tleigrebe</strong></span> <span class='ocrx_word' id='word_1_798' title='bbox 3455 5363 3603 5408; x_wconf 88' lang='lat' dir='ltr'><strong>nunc</strong></span> <span class='ocrx_word' id='word_1_799' title='bbox 3649 5356 3846 5426; x_wconf 77' lang='lat' dir='ltr'><strong>Haygcr</strong></span> 
     </span>
    </p>
   </div>
   <div class='ocr_carea' id='block_1_118' title="bbox 2260 5423 3846 5493">
    <p class='ocr_par' dir='ltr' id='par_1_118' title="bbox 2260 5423 3846 5493">
     <span class='ocr_line' id='line_1_118' title="bbox 2260 5423 3846 5493; baseline -0.002 -14"><span class='ocrx_word' id='word_1_800' title='bbox 2260 5440 2419 5493; x_wconf 86' lang='lat' dir='ltr'><strong>supra</strong></span> <span class='ocrx_word' id='word_1_801' title='bbox 2469 5425 2807 5493; x_wconf 83' lang='lat' dir='ltr'><strong>Dillenburg;</strong></span> <span class='ocrx_word' id='word_1_802' title='bbox 2861 5423 3123 5493; x_wconf 71' lang='lat' dir='ltr'><strong>thlare.</strong></span> <span class='ocrx_word' id='word_1_803' title='bbox 3149 5427 3288 5492; x_wconf 78' lang='lat' dir='ltr'><strong>quod</strong></span> <span class='ocrx_word' id='word_1_804' title='bbox 3333 5426 3501 5479; x_wconf 88' lang='lat' dir='ltr'><strong>etiam</strong></span> <span class='ocrx_word' id='word_1_805' title='bbox 3533 5423 3780 5493; x_wconf 71' lang='lat' dir='ltr'><strong>occurrit</strong></span> <span class='ocrx_word' id='word_1_806' title='bbox 3807 5425 3846 5472; x_wconf 80' lang='lat' dir='ltr'><strong>in</strong></span> 
     </span>
    </p>
   </div>
   <div class='ocr_carea' id='block_1_119' title="bbox 2268 5491 3847 5561">
    <p class='ocr_par' dir='ltr' id='par_1_119' title="bbox 2268 5491 3847 5561">
     <span class='ocr_line' id='line_1_119' title="bbox 2268 5491 3847 5561; baseline -0.004 -12"><span class='ocrx_word' id='word_1_807' title='bbox 2268 5491 2452 5551; x_wconf 79' lang='lat' dir='ltr'><strong>charta</strong></span> <span class='ocrx_word' id='word_1_808' title='bbox 2483 5491 2770 5549; x_wconf 66' lang='lat' dir='ltr'><strong>Waltradaé</strong></span> <span class='ocrx_word' id='word_1_809' title='bbox 2799 5495 2865 5547; x_wconf 87' lang='lat' dir='ltr'><strong>de</strong></span> <span class='ocrx_word' id='word_1_810' title='bbox 2896 5509 3034 5547; x_wconf 91' lang='lat' dir='ltr'><strong>anno</strong></span> <span class='ocrx_word' id='word_1_811' title='bbox 3066 5491 3204 5558; x_wconf 33' lang='lat'><strong>821’,</strong></span> <span class='ocrx_word' id='word_1_812' title='bbox 3235 5495 3287 5548; x_wconf 90' lang='lat' dir='ltr'><strong>in</strong></span> <span class='ocrx_word' id='word_1_813' title='bbox 3319 5496 3483 5561; x_wconf 90' lang='lat' dir='ltr'><strong>Corp.</strong></span> <span class='ocrx_word' id='word_1_814' title='bbox 3521 5494 3720 5548; x_wconf 85' lang='lat' dir='ltr'><strong>Tradit</strong></span> <span class='ocrx_word' id='word_1_815' title='bbox 3746 5491 3847 5546; x_wconf 80' lang='lat' dir='ltr'><strong>Fal-</strong></span> 
     </span>
    </p>
   </div>
   <div class='ocr_carea' id='block_1_120' title="bbox 2259 5563 3847 5633">
    <p class='ocr_par' dir='ltr' id='par_1_120' title="bbox 2259 5563 3847 5633">
     <span class='ocr_line' id='line_1_120' title="bbox 2259 5563 3847 5633; baseline -0.004 -13"><span class='ocrx_word' id='word_1_816' title='bbox 2259 5567 2382 5620; x_wconf 90' lang='lat' dir='ltr'><strong>den.</strong></span> <span class='ocrx_word' id='word_1_817' title='bbox 2417 5580 2469 5633; x_wconf 94' lang='lat' dir='ltr'><strong>p.</strong></span> <span class='ocrx_word' id='word_1_818' title='bbox 2504 5564 2626 5628; x_wconf 70' lang='lat'><strong>154,</strong></span> <span class='ocrx_word' id='word_1_819' title='bbox 2652 5565 2832 5619; x_wconf 78' lang='lat' dir='ltr'><strong>forsan</strong></span> <span class='ocrx_word' id='word_1_820' title='bbox 2861 5564 2998 5618; x_wconf 83' lang='lat' dir='ltr'><strong>Weil</strong></span> <span class='ocrx_word' id='word_1_821' title='bbox 3029 5564 3095 5618; x_wconf 86' lang='lat' dir='ltr'><strong>ad</strong></span> <span class='ocrx_word' id='word_1_822' title='bbox 3127 5563 3401 5619; x_wconf 80' lang='lat' dir='ltr'><strong>ﬂuviolum</strong></span> <span class='ocrx_word' id='word_1_823' title='bbox 3429 5564 3697 5619; x_wconf 83' lang='lat' dir='ltr'><strong>Wilniam</strong></span> <span class='ocrx_word' id='word_1_824' title='bbox 3725 5565 3847 5632; x_wconf 62' lang='lat' dir='ltr'><strong>intra</strong></span> 
     </span>
    </p>
   </div>
   <div class='ocr_carea' id='block_1_121' title="bbox 2262 5634 3845 5761">
    <p class='ocr_par' dir='ltr' id='par_1_121' title="bbox 2262 5634 3845 5761">
     <span class='ocr_line' id='line_1_121' title="bbox 2262 5634 3845 5761; baseline 0 -71"><span class='ocrx_word' id='word_1_825' title='bbox 2262 5635 2668 5761; x_wconf 61' lang='lat' dir='ltr'><strong>geifenbergatn</strong></span> <span class='ocrx_word' id='word_1_826' title='bbox 2698 5675 2712 5702; x_wconf 92' lang='lat'><strong>,</strong></span> <span class='ocrx_word' id='word_1_827' title='bbox 2767 5635 3014 5690; x_wconf 81' lang='lat' dir='ltr'><strong>Larheim</strong></span> <span class='ocrx_word' id='word_1_828' title='bbox 3041 5674 3057 5703; x_wconf 88' lang='lat'><strong>,</strong></span> <span class='ocrx_word' id='word_1_829' title='bbox 3116 5636 3256 5692; x_wconf 89' lang='lat' dir='ltr'><strong>inter</strong></span> <span class='ocrx_word' id='word_1_830' title='bbox 3301 5634 3760 5692; x_wconf 78' lang='lat' dir='ltr'><strong>Catimelibocum</strong></span> <span class='ocrx_word' id='word_1_831' title='bbox 3806 5637 3845 5685; x_wconf 72' lang='grc' dir='ltr'><strong>ε’</strong></span> 
     </span>
     <span class='ocr_line' id='line_1_122' title="bbox 2309 5721 2515 5761; baseline -0.015 0"><span class='ocrx_word' id='word_1_832' title='bbox 2309 5721 2515 5761; x_wconf 67' lang='lat' dir='ltr'><strong>testam.</strong></span> 
     </span>
    </p>
   </div>
   <div class='ocr_carea' id='block_1_122' title="bbox 2309 5721 2515 5762">
    <p class='ocr_par' dir='ltr' id='par_1_122' title="bbox 2309 5721 2515 5762">
     <span class='ocr_line' id='line_1_123' title="bbox 2309 5721 2515 5762; baseline -0.019 0"><span class='ocrx_word' id='word_1_833' title='bbox 2309 5721 2515 5762; x_wconf 67' lang='lat' dir='ltr'><strong>“31mm.</strong></span> 
     </span>
    </p>
   </div>
  </div>
