3964 6344
133 310 310 369 1065
398 307 629 367 CODEX
674 299 1190 362 DIPLOMATICUS.
1228 329 1302 344 —
1339 293 1749 355 PRIVlLEGlA.
1789 321 1862 336 --
1899 292 1987 350 lll.
2028 294 2271 352 PRlVlL.
2315 294 2446 352 PER
2485 294 2756 356 PARTES
2793 295 3200 356 GERMANIAS.

3291 297 3430 358 1066

136 429 363 483 Villare
385 467 404 494 ,
463 441 558 482 seu
609 424 661 479 in
703 421 994 478 Theodissa
1014 459 1030 484 ,
1073 418 1158 473 vel
1204 418 1257 472 in
1310 411 1741 479 Abothisscheid,
1773 412 1820 471 Α
1849 408 2142 469 Salvatoris
2170 414 2306 471 iol'ra
2335 415 2565 473 waldam
2593 425 2862 487 nostram,
2892 417 2948 474 in
2972 418 3094 477 loco
3117 421 3212 491 qui
3239 422 3436 480 dicitur

137 531 326 590 atque
353 517 636 582 Larheim;
677 524 732 571 et
759 529 921 584 super
952 513 1187 567 llrenum
1218 505 1512 583 [Rhenum]
1547 505 1740 576 portio-

132 627 322 676 nem,
371 611 510 663 sicut
551 606 902 677 suprascripti
954 604 1100 658 missi
1147 603 1314 656 nostri
1371 609 1517 654 recto
1557 598 1747 651 ordine

131 717 321 768 super
357 701 468 768 jam
517 699 724 752 dictum
769 695 1030 764 Alpadum
1071 693 1137 770 ad
1183 706 1315 762 opus
1366 699 1602 744 nostrum
1649 688 1746 743 visi

127 803 277 848 Sunt
326 792 685 857 evindicasse,
709 798 816 842 tam
850 786 1039 852 terris,
1069 785 1334 848 domibus,
1366 782 1625 847 aediﬁciis,
1658 794 1747 834 ac-

129 887 382 942 colabus
403 929 422 954 ,
469 882 750 952 mancipiis
773 920 791 946 ,
824 876 991 933 vineis
1018 917 1036 942 ,
1083 877 1306 944 campis,
1343 874 1521 938 silvis,
1557 872 1742 940 pratis,

132 977 392 1044 pascuis,
440 975 615 1045 aquis,
667 984 996 1042 aquarumve
1041 967 1378 1032 decursibus,
1428 963 1658 1028 mobile,
1691 970 1745 1016 et

131 1068 434 1126 immobile
464 1077 632 1126 totum
654 1105 669 1130 ,
702 1075 756 1118 et
785 1063 850 1118 ad
883 1064 1146 1131 integrum
1167 1099 1185 1126 ,
1214 1059 1280 1113 ad
1311 1057 1587 1127 prmlatum
1620 1069 1739 1108 mo-

131 1165 452 1220 nasterium
485 1162 536 1215 in
563 1159 907 1227 eleemosyna
937 1163 1116 1208 nostra
1136 1153 1255 1222 jure
1286 1150 1592 1205 ﬁrmissimo
1625 1163 1744 1218 per-

131 1254 335 1322 petuis
388 1249 725 1321 temporibus
785 1247 852 1300 ad
921 1243 1295 1314 possidendum
1347 1240 1738 1297 concessimus.

130 1352 490 1417 Quapmpter
558 1357 650 1411 per
717 1347 1036 1409 prwsentem
1087 1337 1455 1390 auctoritatem
1505 1342 1739 1387 nostram

129 1439 514 1502 decernimus,
541 1449 602 1487 ac
625 1432 907 1502 iubemus,
947 1428 1086 1498 quod
1116 1426 1492 1497 perpetualiter
1520 1439 1740 1478 mansu-

133 1546 266 1585 rum
319 1543 441 1583 esse
487 1526 736 1580 volumus
761 1561 778 1588 ,
816 1532 874 1576 ut
912 1531 1250 1585 .memoratus
1294 1519 1374 1573 vir
1415 1517 1734 1572 venerabilis

135 1620 418 1675 Asoarius
467 1617 606 1670 abba
652 1615 843 1684 suique
870 1625 1213 1668 successores
1237 1649 1253 1675 ,
1295 1608 1385 1679 qui
1419 1607 1615 1662 fuerint
1646 1622 1739 1676 per

136 1724 402 1780 tempora
454 1717 692 1763 rectores
740 1704 1048 1760 monasterii
1088 1702 1258 1756 sancti
1310 1699 1618 1765 Salvator-is,
1649 1713 1736 1752 su-

1854 502 2140 572 Chremila,
2173 506 2224 562 in
2266 522 2402 579 pago
2430 517 2734 580 nuncupato
2759 509 3076 582 Traungtev,
3105 527 3246 570 novo
3272 527 3436 585 opere

1849 607 2160 656 construere
2198 600 2434 669 fecisset,
2478 611 2638 672 atque
2684 619 2778 674 per
2805 603 3098 662 chartulam
3125 607 3432 666 donationis

1850 690 1965 747 loca
1993 693 2168 762 aliqua
2195 694 2264 750 ad
2304 695 2475 766 ipsum
2503 705 2747 751 sanctum
2777 696 2950 756 locum
2978 704 3339 758 concessisset
3375 703 3431 759 iu

1807 819 1810 821 λ
1847 784 2154 850 supradicto
2182 801 2335 856 pago,
2356 789 2440 844 vel
2467 788 2602 843 infra
2629 801 2978 850 memoratam
3000 795 3251 863 waldam,
3277 797 3328 852 id
3345 807 3431 855 est

1847 874 2130 943 Sulzpacb,
2162 883 2217 932 et
2243 877 2506 949 Syppach,
2538 881 2926 954 Liubilinpach,
2969 895 3025 943 et
3061 889 3315 960 quidquid
3345 890 3432 946 in-

1849 975 1928 1021 ter
1954 967 2060 1023 duo
2098 968 2340 1036 ﬂumina,
2381 987 2498 1042 qua;
2538 983 2801 1032 vocantur
2842 977 2984 1048 lplae,
3015 994 3136 1036 esse
3161 982 3432 1049 cernitur;

1847 1072 1948 1112 nec
1975 1074 2081 1114 non
2110 1059 2384 1116 decaniam
2428 1079 2585 1120 unam
2614 1067 2679 1122 de
2708 1066 2815 1124 illis
2842 1069 3068 1138 sclavis,
3099 1085 3262 1141 super
3297 1087 3436 1144 quos

1846 1148 2060 1205 fuerunt
2098 1161 2307 1208 actores
2335 1153 2525 1212 Taliub
2565 1167 2623 1214 et
2664 1159 2930 1231 Sparuna,
2979 1178 3078 1220 nec
3123 1181 3229 1220 non
3277 1181 3436 1224 secus

1845 1241 2064 1296 ﬂuvium
2095 1243 2181 1312 qui
2210 1245 2407 1302 dicitur
2434 1248 2696 1319 Todicha,
2727 1252 2939 1325 triginta
2971 1257 3203 1326 sclavos,
3243 1267 3300 1315 et
3322 1267 3435 1314 ter-

1845 1334 2114 1403 ritorium,
2162 1337 2300 1392 sicut
2341 1339 2407 1394 ad
2452 1343 2808 1410 supradictam
2849 1346 3126 1403 decaniam
3171 1350 3432 1420 pertinet,

1844 1422 2008 1479 veluti
2056 1425 2263 1497 Physso
2312 1431 2633 1500 conjuravit,
2684 1443 2739 1488 et
2787 1439 2931 1493 Arno
2978 1437 3284 1512 episcopus,
3335 1457 3434 1500 seu

1847 1515 2002 1572 Fater
2027 1518 2190 1575 abbas
2215 1521 2374 1577 simul
2402 1539 2521 1580 cum
2552 1525 2786 1582 lileodro
2808 1531 3002 1587 comite
3021 1544 3075 1589 et
3095 1533 3429 1592 Chuniberto

1838 1605 2018 1674 judice
2065 1609 2406 1680 circuierunt,
2453 1617 2671 1686 insuper
2715 1621 2874 1677 etiam
2927 1632 3120 1681 terram
3166 1628 3310 1684 illam
3361 1629 3433 1688 ad

1845 1698 2136 1754 'l‘odicham
2167 1712 2220 1757 et
2249 1703 2575 1774 Sirnicbam,
2605 1724 2763 1778 quam
2794 1710 2870 1766 illi
2899 1713 3032 1770 slavi
3071 1717 3189 1773 sine
3216 1719 3432 1776 licentia

137 1802 473 1875 prascriptis
513 1800 674 1856 rebus
711 1814 834 1854 cum
871 1797 1016 1851 omni
1055 1795 1392 1865 integritate,
1421 1793 1557 1847 sicut
1578 1805 1738 1860 supra
1776 1793 1819 1852 Β
1846 1789 2178 1847 Thassilouis
2222 1795 2374 1850 ducis
2421 1799 2805 1868 stirpaverunt.
2847 1803 3111 1861 Similiter
3147 1817 3202 1862 et
3241 1809 3294 1864 in
3327 1809 3435 1865 alio

141 1896 604 1959 memoravimus,
639 1891 706 1947 ad
739 1899 946 1962 partem
979 1888 1146 1958 ipsius
1175 1887 1344 1943 sancti
1377 1885 1479 1939 loci
1519 1883 1737 1947 nostris,

150 1989 275 2043 Deo
303 1986 574 2055 haospice,
608 1983 906 2053 futurisque
939 1978 1267 2048 temporibus
1293 1986 1539 2043 teneant,
1581 1985 1744 2046 atque

145 2079 512 2150 possideant;
545 2087 598 2131 et
626 2075 800 2130 nullus
830 2071 1080 2142 quislibet
1108 2071 1175 2126 de
1201 2069 1467 2136 ﬁdelibus,
1493 2076 1584 2122 aut
1615 2080 1739 2171 suc.-

147 2174 466 2228 cessm'ibus
509 2168 658 2240 regni
704 2166 872 2223 nostri
901 2208 916 2234 ,
945 2175 1164 2236 agentes
1197 2165 1365 2234 ipsius
1406 2165 1739 2223 monasterii,

151 2265 227 2318 de
273 2261 594 2332 praescriptis
634 2262 794 2314 rebus
831 2258 1061 2327 aliquam
1102 2255 1422 2310 calumniam
1462 2266 1740 2323 generare,

150 2365 252 2410 aut
296 2352 766 2409 diminorationem
831 2349 1010 2404 lacere
1060 2348 1170 2401 ullo
1221 2359 1454 2415 unquam
1501 2353 1743 2411 tempore

150 2455 553 2513 pra-sumatur:
601 2443 695 2496 scd
746 2449 803 2494 ut
857 2440 1047 2495 melius
1098 2438 1329 2494 deleCtet
1366 2437 1512 2506 ipsos
1552 2450 1744 2490 servos

152 2543 251 2596 Dei
279 2581 293 2604 ,
340 2542 428 2610 qui
462 2538 660 2594 ibidem
695 2538 802 2591 Deo
839 2534 1097 2589 famulare
1126 2532 1394 2596 videntur,
1428 2546 1524 2600 pro
1564 2529 1740 2596 nobis,

158 2633 475 2701 morisque,
500 2646 562 2684 ac
595 2628 801 2694 liberis,
831 2641 923 2680 seu
949 2640 1046 2695 pro
1073 2623 1360 2678 stabilitate
1389 2620 1540 2690 regni
1571 2619 1741 2674 nostri

163 2723 417 2776 attentius
455 2721 666 2775 Domini
707 2717 1125 2774 misericordiam
1160 2729 1392 2770 exorare
1426 2731 1438 2766 :
1475 2715 1574 2768 hoc
1603 2711 1744 2782 quod

161 2826 353 2870 nostro
401 2815 694 2886 largitionis
743 2827 964 2868 munere
1016 2826 1111 2880 pro
1151 2819 1348 2864 aeterna
1387 2807 1745 2862 retributione

160 2911 226 2965 ad
260 2909 611 2978 saepedictum
664 2907 1048 2962 monasterium
1101 2903 1309 2958 Domini
1343 2901 1634 2957 Salvatoris
1665 2899 1746 2952 in-

162 3000 429 3054 dulsimus
479 3012 575 3066 per
609 2995 707 3050 hoc
747 3006 943 3050 nostrae
974 2992 1277 3049 serenitatis
1305 2998 1628 3062 prmceptum
1663 2999 1744 3041 at-

163 3106 271 3158 que
307 3088 725 3143 conﬁrmationis
774 3087 996 3154 donum,
1029 3085 1244 3140 Christo
1289 3082 1542 3152 prepitio,
1581 3081 1634 3135 in
1663 3080 1743 3132 lu-

1848 1882 1987 1948 loco,
2021 1885 2108 1954 qui
2141 1886 2335 1941 dicitur
2365 1888 2666 1960 Eporestal,
2699 1903 2894 1951 terram
2926 1898 3092 1965 illam,
3125 1916 3242 1970 qua:
3273 1902 3436 1959 simili

1845 1972 2004 2026 modo
2032 1976 2232 2044 absque
2263 1977 2472 2033 licentia
2501 1981 2833 2039 Thassilonis
2861 1985 2958 2041 fuit
2995 1991 3239 2060 stirpata,
3269 2009 3428 2063 quam

1843 2061 2166 2120 circuierunt
2195 2065 2308 2136 ejus
2342 2070 2489 2124 missi
2529 2071 2787 2138 Salubbo,
2817 2084 2871 2130 et
2899 2076 3130 2148 Wanilo,
3173 2091 3224 2136 et
3257 2061 3429 2138 Guer-

1847 2153 2044 2209 bertus.
2069 2155 2325 2214 Homines
2349 2169 2524 2215 tamen
2551 2161 2604 2216 in
2631 2162 2746 2232 ipso
2770 2165 3049 2236 Eporestal
3077 2184 3237 2240 supra
3262 2175 3432 2242 ipsam

1845 2258 2038 2304 terram
2069 2265 2491 2322 commanentes,
2531 2259 2574 2312 si
2618 2258 2881 2316 voluerint
2905 2263 3012 2330 jam
3042 2264 3200 2320 latam
3229 2275 3427 2322 terram

1845 2349 2028 2396 tenere
2057 2342 2122 2396 ad
2155 2345 2496 2401 serviendum
2527 2361 2960 2408 commemoratae
2992 2367 3131 2411 caste
3175 2357 3302 2425 Dei,
3349 2367 3434 2415 te-

1843 2443 2032 2500 neant;
2059 2436 2103 2490 si
2131 2451 2256 2491 vero
2284 2438 2568 2506 voluerint,
2589 2442 2739 2498 liberi
2763 2443 3059 2504 discedant.
3091 2449 3242 2506 Dedit
3262 2452 3425 2507 etiam

1845 2526 1908 2578 ad
1944 2527 2243 2597 Petenpach
2274 2529 2342 2586 de
2381 2531 2470 2585 illa
2516 2536 2734 2590 fontana
2776 2551 2942 2608 usque
2971 2539 3037 2594 ad
3080 2541 3294 2597 ﬂuvium
3337 2545 3433 2615 qui

1843 2618 2040 2674 dicitur
2082 2621 2297 2692 Albina,
2353 2623 2492 2680 sicut
2537 2627 2628 2681 ille
2674 2628 2914 2687 Thassilo
2960 2635 3323 2704 consignavit,
3373 2647 3430 2694 et

1846 2710 1967 2765 inde
1995 2726 2163 2781 usque
2192 2715 2257 2768 ad
2292 2719 2474 2786 Alpes,
2523 2720 2608 2774 ubi
2639 2720 2717 2775 eis
2747 2731 3013 2791 pasturatn
3044 2739 3384 2785 concesserat
3411 2747 3432 2787 :

1844 2801 2086 2857 similiter
2113 2815 2167 2860 et
2196 2806 2373 2861 villam
2409 2821 2767 2879 nuncupatam
2810 2812 3111 2883 Alinchola,
3144 2831 3266 2873 cum
3297 2818 3436 2876 inte-

1843 2895 2033 2961 gritate
2061 2911 2164 2950 una
2193 2911 2314 2951 cum
2341 2901 2670 2968 appendiciis
2694 2904 2774 2957 vel
2793 2904 3108 2974 adjacentiis
3133 2909 3263 2978 suis,
3289 2919 3344 2966 et
3363 2912 3434 2967 ad

1845 2986 2075 3042 Albarch
2107 2991 2368 3059 capellam
2415 2994 2467 3047 in
2500 2994 2702 3052 honore
2733 2999 2906 3054 sancti
2934 2999 3144 3057 Martini
3183 3013 3436 3059 constru-

1843 3089 1982 3134 ctam
2003 3124 2017 3147 ,
2046 3096 2167 3137 cum
2197 3085 2359 3140 rebus
2387 3086 2514 3143 illuc
2545 3091 2954 3161 pertinentibus,
2989 3103 3042 3150 et
3069 3095 3134 3151 ad
3167 3096 3434 3166 Sulzpach

170 3149 460 3237 minoribus
506 3181 671 3250 ipsius
716 3149 991 3244 ecclesiae,
1033 3193 1126 3233 seu
1171 3175 1435 3244 stipendia
1459 3187 1738 3228 servorum
1767 3149 1814 3215 ο
1847 3173 2004 3226 aliam
2033 3175 2316 3232 ecclesiam
2345 3193 2466 3233 cum
2497 3183 2744 3238 omnibus
2769 3185 2835 3239 ad
2865 3200 2983 3241 eam
3015 3188 3430 3257 pertinentibus,

166 3272 278 3337 Dei,
309 3269 573 3339 perpetuis
605 3268 938 3338 temporibus
963 3266 1206 3337 proﬁciat
1236 3267 1285 3320 in
1317 3263 1652 3350 augmentis.

233 3363 299 3416 Et
347 3370 404 3416 ut
451 3363 567 3416 hac
613 3360 910 3416 auctoritas
955 3359 1158 3414 lirmior
1200 3357 1478 3422 habeatur,
1533 3355 1613 3410 vel
1649 3351 1743 3424 per

157 3464 426 3523 tempora,
467 3453 698 3508 Domino
756 3452 1072 3517 auxiliante,
1115 3450 1308 3506 melius
1372 3455 1740 3512 conservetur,

164 3559 322 3596 manu
353 3543 565 3612 propria
606 3542 1156 3606 subterﬁrmavimus,
1189 3551 1243 3596 et
1273 3540 1340 3595 de
1369 3540 1528 3594 anulo
1559 3547 1744 3594 nostro

159 3635 388 3704 sigillari
417 3635 697 3703 jussimus.
755 3635 818 3689 Et
848 3634 989 3703 quod
1019 3647 1178 3701 supra
1213 3633 1459 3685 intimare
1485 3631 1744 3686 debuera-

157 3740 303 3789 mus,
338 3740 554 3780 omnem
596 3727 766 3796 legem
788 3769 800 3791 ,
835 3737 888 3780 et
927 3723 1390 3793 compositionem,
1416 3736 1574 3791 quam
1607 3736 1744 3791 prte-

151 3817 336 3871 dtctus
388 3815 554 3885 Alpad
604 3831 700 3885 pro
757 3816 887 3884 ipsis
941 3813 1098 3868 rebus
1148 3813 1360 3868 solvere
1412 3811 1626 3880 debuit,
1678 3812 1744 3865 ad

149 3911 333 3978 ipsum
358 3917 602 3964 sanctum
633 3911 806 3965 locum
843 3906 1278 3979 perdonavimus.

236 4001 453 4068 Signum
481 4000 652 4057 Caroli
675 4001 892 4070 gloriosi
925 3999 1085 4069 regis.
1133 3995 1440 4052 Ercambolt
1466 3993 1533 4050 ad
1571 3993 1741 4048 vicem

152 4093 402 4149 nationis
432 4094 765 4162 recognovit.

242 4185 370 4238 Data
397 4200 432 4239 v
455 4185 571 4239 idus
601 4185 774 4253 Junii,
808 4198 952 4239 anno
979 4197 1093 4238 χιιι
1123 4191 1176 4236 et
1203 4197 1307 4235 xvn
1337 4180 1484 4250 regni
1516 4179 1708 4233 nostri.

243 4277 431 4330 Actum
463 4275 726 4347 Mogontia
754 4275 1006 4339 civitate,
1039 4274 1089 4328 in
1119 4272 1213 4327 Dei
1250 4273 1462 4327 nomine
1501 4269 1745 4325 feliciter.

153 4370 358 4422 Amen.

875 4457 1036 4514 XVII.

152 4567 502 4641 Privilcgium
543 4569 716 4624 Caroli
759 4568 958 4638 Magni,
1007 4569 1450 4641 promonastcrio
1493 4566 1749 4637 Crcmifu—

710 4643 852 4692 nerui
881 4642 1037 4705 (anno
1064 4639 1214 4705 79!).

359 4752 449 4810 (Ex
480 4752 864 4814 Rettenpacher,
893 4749 1111 4799 Annales
1135 4749 1568 4813 Cremilancnscs.)

231 4849 465 4910 Carolus
501 4857 590 4910 Dei
622 4857 788 4924 gratia
818 4871 911 4910 rex
943 4855 1265 4909 Francorum
1297 4867 1348 4908 et
1381 4855 1754 4923 Langobartloo

153 4959 306 5011 rum,
343 4954 398 4998 et
427 4945 682 5013 patricius
710 4944 1090 4998 Romanorum.
1118 4944 1169 4997 Si
1203 4945 1548 5012 petitionibus
1574 4959 1754 4997 sacer-

152 5038 346 5089 dotum
397 5036 476 5089 vel
527 5049 802 5090 servorum
862 5037 992 5102 Dei,
1044 5036 1096 5090 in
1141 5052 1245 5103 quo
1294 5037 1490 5090 nostris
1539 5036 1755 5090 auribus

157 5129 362 5184 fuerint
408 5129 648 5198 prolatae,
697 5129 924 5184 libenter
953 5128 1291 5193 obaudimus,
1336 5138 1390 5183 et
1433 5143 1523 5182 eas
1565 5126 1619 5181 in
1665 5129 1753 5182 Dei

163 5223 380 5279 nomine
420 5223 485 5277 ad
523 5222 769 5279 ell'ectum
812 5223 1172 5292 perducimus,
1219 5224 1420 5291 regiam
1461 5231 1752 5276 consuetu-

164 5310 344 5365 dinem
390 5329 730 5382 exercemus,
780 5325 831 5368 et
882 5313 980 5366 hoc
1027 5313 1179 5366 nobis
1220 5313 1284 5365 ad
1330 5313 1632 5367 mercedem
1667 5314 1750 5368 vel

159 5403 518 5472 stabilitatem
548 5408 696 5476 regni
725 5407 890 5460 nostri
926 5408 1190 5475 pertinere
1217 5405 1555 5459 conﬁdimus.
1592 5405 1757 5474 Igitur

162 5505 351 5550 notum
393 5497 464 5552 sit
493 5500 742 5553 omnibus
780 5499 1024 5554 ﬁdelibus
1058 5499 1274 5564 nostris,
1322 5501 1674 5566 praesentibus
1701 5509 1757 5553 ct

164 5587 380 5655 futuris,
410 5591 640 5658 qualiter
671 5594 749 5645 vir
777 5593 1094 5647 venerabilis
1141 5590 1296 5646 Fater
1321 5592 1484 5646 abbas
1516 5593 1754 5646 clemen-

166 5681 252 5732 tize
288 5681 432 5749 regni
475 5683 638 5736 nostri
681 5686 976 5753 Suggcssit,
1012 5701 1074 5738 eo
1103 5685 1238 5755 quod
1271 5684 1514 5738 Tltassilo
1545 5683 1740 5737 (ludum

168 5769 559 5828 Waioariorum
613 5775 718 5828 tlux
780 5780 1156 5831 monasterium
1214 5779 1263 5832 iu
1324 5779 1524 5835 honore
1581 5781 1748 5835 sancti

454 5865 723 5927 Pn'ttOL.
777 5866 1020 5930 XCVII.

1841 3270 1895 3316 et
1924 3261 1988 3317 ad
2017 3262 2314 3321 Nordﬁlusa
2341 3269 2550 3324 tertiam
2575 3271 2861 3328 ecclesiam
2885 3290 3005 3330 eum
3035 3277 3192 3332 rebus
3217 3279 3284 3332 ad
3310 3292 3430 3334 eam

1846 3353 2234 3419 pertinentibus
2261 3357 2312 3410 in
2335 3357 2657 3430 Tonabgate.
2688 3361 2743 3416 lo
2765 3365 3127 3435 suprascripto
3149 3382 3277 3424 vero
3297 3383 3436 3440 pago

1848 3445 2106 3515 Drungaze
2158 3447 2209 3501 in
2268 3448 2387 3504 loco
2435 3452 2521 3519 qui
2572 3462 2908 3524 nuncupatur
2959 3457 3208 3514 Aschaha
3253 3460 3440 3515 vineas

1845 3537 1998 3602 duas,
2032 3552 2151 3592 cum
2192 3541 2544 3599 viniatoribus
2585 3544 2815 3607 duobus.
2852 3557 2906 3603 et
2944 3549 2997 3603 in
3038 3548 3145 3604 alio
3190 3549 3311 3606 loco
3349 3549 3442 3620 qui

1844 3630 2035 3684 dicitur
2064 3631 2307 3698 Raotola,
2339 3634 2522 3688 vineas
2565 3643 2673 3690 tres
2703 3652 2823 3692 cum
2866 3638 3036 3694 tribus
3063 3640 3439 3708 viniatoribus,

1848 3735 1945 3774 nec
1988 3735 2092 3775 non
2136 3723 2430 3790 piscatores
2471 3725 2626 3794 duos,
2662 3736 2716 3782 et
2757 3729 2977 3799 insuper
3017 3731 3153 3786 alios
3196 3733 3445 3788 homines

1847 3809 1999 3876 duos,
2031 3812 2118 3878 qui
2152 3827 2281 3883 apes
2310 3815 2616 3884 provident,
2649 3826 2704 3870 et
2731 3817 2908 3872 fabros
2937 3835 3051 3874 sex.
3099 3819 3226 3876 Haec
3261 3820 3443 3878 omnia

1848 3906 2204 3975 suprascripta
2233 3911 2426 3961 asserit
2470 3923 2529 3962 se
2571 3910 2823 3977 prtefalus
2854 3908 3015 3967 Fater
3039 3915 3204 3971 abbas
3229 3915 3298 3972 ad
3328 3932 3445 3987 par-

1851 4003 1956 4049 tem
2006 3997 2258 4051 antedicti
2307 4001 2620 4056 monasterii
2667 4001 2847 4072 quie'to
2898 4005 3087 4060 ordine
3133 4017 3336 4075 tenere,
3387 4019 3446 4066 et

1852 4087 2141 4153 possidere,
2177 4089 2271 4143 sed
2304 4090 2427 4158 quia
2455 4090 2564 4158 jam
2596 4092 2832 4160 pru'dicti
2865 4093 3196 4151 Thassilonis
3227 4098 3443 4154 traditio

1853 4177 2026 4250 ﬁrma,
2057 4187 2111 4234 et
2152 4180 2358 4235 stabilis
2388 4182 2608 4238 minime
2637 4193 2845 4253 poterat
2877 4202 3210 4258 permanere,
3242 4189 3445 4244 idcirco

1853 4271 2002 4337 petiit
2032 4286 2060 4323 a
2085 4272 2374 4327 serenitate
2407 4283 2609 4340 nostra,
2639 4285 2696 4330 ut
2717 4275 2892 4330 denuo
2916 4279 2967 4331 in
3004 4288 3183 4333 nostra
3205 4280 3444 4336 eleemo-

1853 4378 1982 4432 syna
2016 4379 2108 4431 per
2139 4377 2374 4420 nostram
2407 4368 2781 4424 auctoritatem
2813 4370 3020 4440 plenius
3059 4372 3162 4430 hoc
3189 4375 3332 4431 circa
3363 4375 3444 4445 ip-

1780 4497 1832 4557 D
1860 4473 1974 4509 sum
2004 4466 2246 4510 sanctum
2282 4457 2452 4512 locum
2484 4459 2678 4515 cedere
2697 4501 2712 4528 ,
2748 4471 2906 4533 atque
2936 4464 3254 4522 conﬁrmare
3280 4467 3443 4523 debe-

1861 4563 2061 4610 remus,
2090 4548 2243 4602 sicuti
2267 4559 2322 4604 et
2350 4549 2592 4604 fecimus.
2621 4551 2997 4621 Praecipientes
3019 4571 3146 4625 ergo
3163 4555 3440 4626 jubemus,

1861 4650 1917 4691 ut
1944 4642 2178 4708 inSpecta
2208 4639 2320 4709 ipsa
2355 4643 2636 4698 traditione
2667 4645 2978 4715 Tassilonis,
3019 4648 3157 4702 sicut
3199 4663 3293 4717 per
3320 4665 3438 4705 eam

1858 4732 2178 4798 declaratur,
2213 4731 2283 4784 ita
2317 4733 2566 4802 deinceps
2595 4736 2771 4790 valeat
2809 4737 3127 4805 smpedicws
3158 4737 3319 4796 Fater
3347 4742 3442 4797 ab-

1858 4821 1952 4873 lrus
1993 4825 2178 4887 suique
2220 4837 2581 4888 successores,
2624 4827 2708 4894 qui
2757 4827 2954 4881 iuerint
2996 4838 3234 4886 rectores
3276 4831 3440 4902 ipsius

1863 4911 2172 4963 monasterii
2202 4913 2370 4966 sancti
2398 4913 2710 4981 Salvatoris,
2743 4932 2837 4984 per
2865 4917 2965 4972 ltoc
3005 4930 3199 4976 nostra:
3238 4937 3441 4978 serem-

1861 5006 1982 5058 tatis
2030 5018 2373 5073 pnuceptuttt,
2416 5021 2575 5078 atque
2615 5012 3038 5068 conlirmationis
3078 5013 3275 5070 donum
3319 5031 3438 5071 cum

1859 5100 1999 5152 oumi
2042 5100 2343 5167 integritate
2383 5102 2584 5169 absque
2625 5103 2780 5156 ullius
2824 5104 3228 5176 impedimento,
3260 5108 3443 5179 quieto

1863 5193 2069 5247 tramite
2117 5204 2299 5248 tenere
2342 5205 2396 5248 et
2435 5195 2739 5263 possidere,
2785 5206 3048 5265 quatenus
3089 5202 3284 5257 nostris
3327 5204 3442 5258 sive

1861 5289 2050 5342 futuris
2093 5290 2438 5356 temporibus,
2482 5305 2580 5357 pro
2622 5292 2886 5345 mercedis
2926 5301 3122 5348 nostra!
3155 5309 3444 5366 augmento

1861 5383 1923 5436 ad
1955 5385 2118 5451 ipsum
2144 5397 2320 5438 casam
2351 5381 2440 5436 Dei
2475 5384 2781 5449 perenniter
2805 5386 3082 5453 proﬁciant
3108 5387 3159 5441 in
3189 5402 3447 5460 augmen-

1864 5483 1948 5534 tis.
1995 5479 2060 5533 Et
2091 5490 2142 5531 ut
2183 5478 2296 5532 hare
2323 5479 2611 5534 auctoritas
2654 5481 2858 5537 ﬁrmior
2899 5482 3178 5552 habeatur,
3224 5488 3305 5542 vel
3349 5505 3445 5558 per

1865 5582 2100 5639 tempora
2132 5570 2343 5624 Christo
2383 5570 2612 5639 propitio
2656 5571 2844 5628 melius
2881 5585 3246 5642 conservetur,
3283 5595 3444 5634 mmu

1865 5661 2071 5731 propria
2103 5659 2285 5713 subter
2313 5658 2656 5727 ﬁrmavimus,
2689 5671 2744 5715 et
2769 5662 2835 5717 de
2861 5665 3057 5719 annulo
3082 5677 3266 5722 nostro
3293 5669 3408 5738 sigil
3431 5702 3444 5713 ι

1865 5752 1960 5808 lari
1987 5749 2260 5822 iussimus.
2301 5749 2516 5820 Signum
2546 5751 2586 5806 ti
2607 5752 2719 5807 tro'i
2744 5753 3112 5822 g'oriosissimi
3140 5759 3296 5828 regis.

2929 5869 3008 5928 3h
