  <div class='ocr_page' id='page_1' title='image "/cluster/home/n/w/nwhite01/storage/ocr_20150623/97/hvd.32044015466766/557.png"; bbox 0 0 3964 6344; ppageno 0'>
   <div class='ocr_carea' id='block_1_1' title="bbox 589 367 728 425">
    <p class='ocr_par' dir='ltr' id='par_1_1' title="bbox 589 367 728 425">
     <span class='ocr_line' id='line_1_1' title="bbox 589 367 728 425; baseline -0.014 0"><span class='ocrx_word' id='word_1_1' title='bbox 589 367 728 425; x_wconf 69' lang='grc'>1061</span> 
     </span>
    </p>
   </div>
   <div class='ocr_carea' id='block_1_2' title="bbox 1467 338 2952 410">
    <p class='ocr_par' dir='ltr' id='par_1_2' title="bbox 1467 338 2952 410">
     <span class='ocr_line' id='line_1_2' title="bbox 1467 338 2952 410; baseline -0.008 -1"><span class='ocrx_word' id='word_1_2' title='bbox 1467 354 1528 410; x_wconf 87' lang='grc' dir='ltr'><strong>Β.</strong></span> <span class='ocrx_word' id='word_1_3' title='bbox 1565 346 1816 409; x_wconf 81' lang='lat' dir='ltr'><strong>CAROLI</strong></span> <span class='ocrx_word' id='word_1_4' title='bbox 1856 343 2071 404; x_wconf 76' lang='lat' dir='ltr'><strong>MAGNI</strong></span> <span class='ocrx_word' id='word_1_5' title='bbox 2108 343 2261 400; x_wconf 78' lang='lat' dir='ltr'><strong>OPP.</strong></span> <span class='ocrx_word' id='word_1_6' title='bbox 2304 341 2480 399; x_wconf 81' lang='lat' dir='ltr'><strong>PARS</strong></span> <span class='ocrx_word' id='word_1_7' title='bbox 2517 340 2564 397; x_wconf 89' lang='grc'><strong>1.</strong></span> <span class='ocrx_word' id='word_1_8' title='bbox 2603 339 2848 398; x_wconf 84' lang='lat' dir='ltr'><strong>SECTIO</strong></span> <span class='ocrx_word' id='word_1_9' title='bbox 2886 338 2952 397; x_wconf 83' lang='lat' dir='ltr'><strong>IL</strong></span> 
     </span>
    </p>
   </div>
   <div class='ocr_carea' id='block_1_3' title="bbox 3713 335 3841 395">
    <p class='ocr_par' dir='ltr' id='par_1_3' title="bbox 3713 335 3841 395">
     <span class='ocr_line' id='line_1_3' title="bbox 3713 335 3841 395; baseline 0 0"><span class='ocrx_word' id='word_1_10' title='bbox 3713 335 3841 395; x_wconf 63' lang='grc' dir='ltr'><strong>κω</strong></span> 
     </span>
    </p>
   </div>
   <div class='ocr_carea' id='block_1_4' title="bbox 659 445 3840 538">
    <p class='ocr_par' dir='ltr' id='par_1_4' title="bbox 659 445 3840 538">
     <span class='ocr_line' id='line_1_4' title="bbox 659 445 3840 538; baseline -0.013 0"><span class='ocrx_word' id='word_1_11' title='bbox 659 483 794 538; x_wconf 90' lang='lat' dir='ltr'><strong>Data</strong></span> <span class='ocrx_word' id='word_1_12' title='bbox 822 494 875 534; x_wconf 90' lang='grc' dir='ltr'><strong>ιιι</strong></span> <span class='ocrx_word' id='word_1_13' title='bbox 904 476 1038 532; x_wconf 79' lang='lat' dir='ltr'><strong>Non.</strong></span> <span class='ocrx_word' id='word_1_14' title='bbox 1067 467 1634 534; x_wconf 77' lang='lat' dir='ltr'><strong>Januarii,-indictioue</strong></span> <span class='ocrx_word' id='word_1_15' title='bbox 1661 479 1768 531; x_wconf 65' lang='grc' dir='ltr'><strong>ειν,</strong></span> <span class='ocrx_word' id='word_1_16' title='bbox 1800 475 1940 516; x_wconf 86' lang='lat' dir='ltr'><strong>anno</strong></span> <span class='ocrx_word' id='word_1_17' title='bbox 1963 455 2034 512; x_wconf 64' lang='grc' dir='ltr'><strong>Ἦ)</strong></span> <span class='ocrx_word' id='word_1_18' title='bbox 2065 471 2153 511; x_wconf 90' lang='lat' dir='ltr'><strong>re-</strong></span> <span class='ocrx_word' id='word_1_19' title='bbox 2179 458 2232 517; x_wconf 75' lang='grc' dir='ltr'>Α</span> <span class='ocrx_word' id='word_1_20' title='bbox 2259 453 2613 524; x_wconf 70' lang='lat' dir='ltr'><strong>temporibus,</strong></span> <span class='ocrx_word' id='word_1_21' title='bbox 2645 453 2858 508; x_wconf 76' lang='lat' dir='ltr'><strong>Christo</strong></span> <span class='ocrx_word' id='word_1_22' title='bbox 2886 449 3133 520; x_wconf 77' lang='lat' dir='ltr'><strong>auspice,</strong></span> <span class='ocrx_word' id='word_1_23' title='bbox 3165 463 3262 520; x_wconf 89' lang='lat' dir='ltr'><strong>per</strong></span> <span class='ocrx_word' id='word_1_24' title='bbox 3305 463 3523 504; x_wconf 85' lang='lat' dir='ltr'><strong>manum</strong></span> <span class='ocrx_word' id='word_1_25' title='bbox 3559 445 3840 519; x_wconf 83' lang='lat' dir='ltr'><strong>legentiu</strong></span> 
     </span>
    </p>
   </div>
   <div class='ocr_carea' id='block_1_5' title="bbox 587 559 1639 648">
    <p class='ocr_par' dir='ltr' id='par_1_5' title="bbox 587 559 1639 648">
     <span class='ocr_line' id='line_1_5' title="bbox 587 559 1639 648; baseline -0.017 -18"><span class='ocrx_word' id='word_1_26' title='bbox 587 575 674 648; x_wconf 85' lang='lat' dir='ltr'><strong>gul</strong></span> <span class='ocrx_word' id='word_1_27' title='bbox 706 570 902 628; x_wconf 86' lang='lat' dir='ltr'><strong>domini</strong></span> <span class='ocrx_word' id='word_1_28' title='bbox 930 565 1105 623; x_wconf 84' lang='lat' dir='ltr'><strong>Caroli</strong></span> <span class='ocrx_word' id='word_1_29' title='bbox 1131 561 1454 620; x_wconf 88' lang='lat' dir='ltr'><strong>serenissimi</strong></span> <span class='ocrx_word' id='word_1_30' title='bbox 1481 559 1639 627; x_wconf 83' lang='lat' dir='ltr'><strong>regis.</strong></span> 
     </span>
    </p>
   </div>
   <div class='ocr_carea' id='block_1_6' title="bbox 656 645 2156 728">
    <p class='ocr_par' dir='ltr' id='par_1_6' title="bbox 656 645 2156 728">
     <span class='ocr_line' id='line_1_6' title="bbox 656 645 2156 728; baseline -0.019 -2"><span class='ocrx_word' id='word_1_31' title='bbox 656 672 849 726; x_wconf 83' lang='lat' dir='ltr'><strong>Actum</strong></span> <span class='ocrx_word' id='word_1_32' title='bbox 877 659 1208 728; x_wconf 71' lang='lat' dir='ltr'><strong>Wormatire,</strong></span> <span class='ocrx_word' id='word_1_33' title='bbox 1233 658 1285 714; x_wconf 91' lang='lat' dir='ltr'><strong>in</strong></span> <span class='ocrx_word' id='word_1_34' title='bbox 1317 655 1413 711; x_wconf 86' lang='lat' dir='ltr'><strong>Dei</strong></span> <span class='ocrx_word' id='word_1_35' title='bbox 1455 651 1670 709; x_wconf 82' lang='lat' dir='ltr'><strong>nomine</strong></span> <span class='ocrx_word' id='word_1_36' title='bbox 1691 649 1932 705; x_wconf 79' lang='lat' dir='ltr'><strong>feliciter.</strong></span> <span class='ocrx_word' id='word_1_37' title='bbox 1964 645 2156 700; x_wconf 83' lang='lat' dir='ltr'><strong>Amen.</strong></span> 
     </span>
    </p>
   </div>
   <div class='ocr_carea' id='block_1_7' title="bbox 1281 788 1464 848">
    <p class='ocr_par' dir='ltr' id='par_1_7' title="bbox 1281 788 1464 848">
     <span class='ocr_line' id='line_1_7' title="bbox 1281 788 1464 848; baseline -0.027 0"><span class='ocrx_word' id='word_1_38' title='bbox 1281 788 1464 848; x_wconf 76' lang='lat' dir='ltr'><strong>XVIII.</strong></span> 
     </span>
    </p>
   </div>
   <div class='ocr_carea' id='block_1_8' title="bbox 587 889 2158 986">
    <p class='ocr_par' dir='ltr' id='par_1_8' title="bbox 587 889 2158 986">
     <span class='ocr_line' id='line_1_8' title="bbox 587 889 2158 986; baseline -0.02 -13"><span class='ocrx_word' id='word_1_39' title='bbox 587 913 831 986; x_wconf 74' lang='lat' dir='ltr'><strong>Diploma</strong></span> <span class='ocrx_word' id='word_1_40' title='bbox 852 907 1030 986; x_wconf 29' lang='lat' dir='ltr'><strong>‘Caroii</strong></span> <span class='ocrx_word' id='word_1_41' title='bbox 1057 904 1237 975; x_wconf 79' lang='lat' dir='ltr'><strong>Magni</strong></span> <span class='ocrx_word' id='word_1_42' title='bbox 1259 916 1360 971; x_wconf 81' lang='lat' dir='ltr'><strong>quo</strong></span> <span class='ocrx_word' id='word_1_43' title='bbox 1387 898 1711 986; x_wconf 44' lang='lat' dir='ltr'><strong>donationem</strong></span> <span class='ocrx_word' id='word_1_44' title='bbox 1734 889 2158 986; x_wconf 34' lang='lat' dir='ltr'><strong>abeatiquptAer-</strong></span> 
     </span>
    </p>
   </div>
   <div class='ocr_carea' id='block_1_9' title="bbox 643 965 2154 1049">
    <p class='ocr_par' dir='ltr' id='par_1_9' title="bbox 643 965 2154 1049">
     <span class='ocr_line' id='line_1_9' title="bbox 643 965 2154 1049; baseline -0.017 -10"><span class='ocrx_word' id='word_1_45' title='bbox 643 965 864 1040; x_wconf 51' lang='grc' dir='ltr'><strong>Ϊῖιὰξὲιιδί</strong></span> <span class='ocrx_word' id='word_1_46' title='bbox 903 997 936 1034; x_wconf 90' lang='lat' dir='ltr'><strong>a</strong></span> <span class='ocrx_word' id='word_1_47' title='bbox 974 965 1215 1049; x_wconf 68' lang='lat' dir='ltr'><strong>germano</strong></span> <span class='ocrx_word' id='word_1_48' title='bbox 1251 965 1343 1027; x_wconf 58' lang='lat' dir='ltr'><strong>suo</strong></span> <span class='ocrx_word' id='word_1_49' title='bbox 1369 969 1764 1026; x_wconf 62' lang='lat' dir='ltr'><strong>‘Karolomanno</strong></span> <span class='ocrx_word' id='word_1_50' title='bbox 1799 965 1988 1033; x_wconf 75' lang='lat' dir='ltr'><strong>factam</strong></span> <span class='ocrx_word' id='word_1_51' title='bbox 2027 978 2154 1016; x_wconf 84' lang='lat' dir='ltr'><strong>con-</strong></span> 
     </span>
    </p>
   </div>
   <div class='ocr_carea' id='block_1_10' title="bbox 659 1045 1191 1125">
    <p class='ocr_par' dir='ltr' id='par_1_10' title="bbox 659 1045 1191 1125">
     <span class='ocr_line' id='line_1_10' title="bbox 659 1045 1191 1125; baseline -0.021 -16"><span class='ocrx_word' id='word_1_52' title='bbox 659 1056 828 1125; x_wconf 82' lang='lat' dir='ltr'><strong>firmat</strong></span> <span class='ocrx_word' id='word_1_53' title='bbox 857 1045 1014 1118; x_wconf 71' lang='lat' dir='ltr'><strong>(anno</strong></span> <span class='ocrx_word' id='word_1_54' title='bbox 1045 1045 1191 1112; x_wconf 63' lang='lat'><strong>794).</strong></span> 
     </span>
    </p>
   </div>
   <div class='ocr_carea' id='block_1_11' title="bbox 870 1125 1890 1204">
    <p class='ocr_par' dir='ltr' id='par_1_11' title="bbox 870 1125 1890 1204">
     <span class='ocr_line' id='line_1_11' title="bbox 870 1125 1890 1204; baseline -0.018 -14"><span class='ocrx_word' id='word_1_55' title='bbox 870 1141 967 1204; x_wconf 81' lang='lat' dir='ltr'><strong>(Ex</strong></span> <span class='ocrx_word' id='word_1_56' title='bbox 995 1137 1276 1194; x_wconf 83' lang='lat' dir='ltr'><strong>Hontbeim,</strong></span> <span class='ocrx_word' id='word_1_57' title='bbox 1299 1132 1512 1183; x_wconf 78' lang='lat' dir='ltr'><strong>Historia</strong></span> <span class='ocrx_word' id='word_1_58' title='bbox 1535 1125 1890 1188; x_wconf 85' lang='lat' dir='ltr'><strong>Trevirensis.)</strong></span> 
     </span>
    </p>
   </div>
   <div class='ocr_carea' id='block_1_12' title="bbox 639 1228 2159 1320">
    <p class='ocr_par' dir='ltr' id='par_1_12' title="bbox 639 1228 2159 1320">
     <span class='ocr_line' id='line_1_12' title="bbox 639 1228 2159 1320; baseline -0.018 -9"><span class='ocrx_word' id='word_1_59' title='bbox 639 1252 879 1311; x_wconf 72' lang='lat' dir='ltr'><strong>Carolus</strong></span> <span class='ocrx_word' id='word_1_60' title='bbox 905 1249 1072 1320; x_wconf 85' lang='lat' dir='ltr'><strong>gratia</strong></span> <span class='ocrx_word' id='word_1_61' title='bbox 1107 1245 1200 1301; x_wconf 82' lang='lat' dir='ltr'><strong>Dei</strong></span> <span class='ocrx_word' id='word_1_62' title='bbox 1228 1258 1321 1299; x_wconf 82' lang='lat' dir='ltr'><strong>rex</strong></span> <span class='ocrx_word' id='word_1_63' title='bbox 1344 1240 1671 1297; x_wconf 81' lang='lat' dir='ltr'><strong>Francorum</strong></span> <span class='ocrx_word' id='word_1_64' title='bbox 1703 1243 1756 1288; x_wconf 92' lang='lat' dir='ltr'><strong>et</strong></span> <span class='ocrx_word' id='word_1_65' title='bbox 1785 1228 2159 1300; x_wconf 75' lang='lat' dir='ltr'><strong>Langobardo-</strong></span> 
     </span>
    </p>
   </div>
   <div class='ocr_carea' id='block_1_13' title="bbox 563 1320 2159 1412">
    <p class='ocr_par' dir='ltr' id='par_1_13' title="bbox 563 1320 2159 1412">
     <span class='ocr_line' id='line_1_13' title="bbox 563 1320 2159 1412; baseline -0.02 -9"><span class='ocrx_word' id='word_1_66' title='bbox 563 1360 738 1410; x_wconf 25' lang='lat' dir='ltr'><strong>‘rum,</strong></span> <span class='ocrx_word' id='word_1_67' title='bbox 771 1355 833 1396; x_wconf 88' lang='lat' dir='ltr'><strong>ac</strong></span> <span class='ocrx_word' id='word_1_68' title='bbox 869 1337 1118 1412; x_wconf 89' lang='lat' dir='ltr'><strong>patricius</strong></span> <span class='ocrx_word' id='word_1_69' title='bbox 1149 1334 1533 1389; x_wconf 78' lang='lat' dir='ltr'><strong>Romanorum.</strong></span> <span class='ocrx_word' id='word_1_70' title='bbox 1561 1323 1825 1395; x_wconf 82' lang='lat' dir='ltr'><strong>Quidquid</strong></span> <span class='ocrx_word' id='word_1_71' title='bbox 1855 1323 1995 1376; x_wconf 90' lang='lat' dir='ltr'><strong>enim</strong></span> <span class='ocrx_word' id='word_1_72' title='bbox 2029 1320 2159 1374; x_wconf 90' lang='lat' dir='ltr'><strong>locis</strong></span> 
     </span>
    </p>
   </div>
   <div class='ocr_carea' id='block_1_14' title="bbox 590 1410 2159 1494">
    <p class='ocr_par' dir='ltr' id='par_1_14' title="bbox 590 1410 2159 1494">
     <span class='ocr_line' id='line_1_14' title="bbox 590 1410 2159 1494; baseline -0.02 0"><span class='ocrx_word' id='word_1_73' title='bbox 590 1410 897 1494; x_wconf 82' lang='lat' dir='ltr'><strong>sanctorum</strong></span> <span class='ocrx_word' id='word_1_74' title='bbox 919 1428 1302 1488; x_wconf 79' lang='lat' dir='ltr'><strong>venerabilium</strong></span> <span class='ocrx_word' id='word_1_75' title='bbox 1326 1424 1396 1478; x_wconf 92' lang='lat' dir='ltr'><strong>ob</strong></span> <span class='ocrx_word' id='word_1_76' title='bbox 1422 1434 1655 1476; x_wconf 88' lang='lat' dir='ltr'><strong>amorem</strong></span> <span class='ocrx_word' id='word_1_77' title='bbox 1687 1414 1890 1470; x_wconf 87' lang='lat' dir='ltr'><strong>Domini</strong></span> <span class='ocrx_word' id='word_1_78' title='bbox 1907 1410 2159 1467; x_wconf 73' lang='lat' dir='ltr'><strong>&#39;cedimus</strong></span> 
     </span>
    </p>
   </div>
   <div class='ocr_carea' id='block_1_15' title="bbox 589 1499 2157 1587">
    <p class='ocr_par' dir='ltr' id='par_1_15' title="bbox 589 1499 2157 1587">
     <span class='ocr_line' id='line_1_15' title="bbox 589 1499 2157 1587; baseline -0.019 -3"><span class='ocrx_word' id='word_1_79' title='bbox 589 1526 671 1584; x_wconf 83' lang='lat' dir='ltr'><strong>vel</strong></span> <span class='ocrx_word' id='word_1_80' title='bbox 705 1525 1106 1587; x_wconf 86' lang='lat' dir='ltr'><strong>conﬁrmamus,</strong></span> <span class='ocrx_word' id='word_1_81' title='bbox 1139 1519 1239 1572; x_wconf 89' lang='lat' dir='ltr'><strong>hoc</strong></span> <span class='ocrx_word' id='word_1_82' title='bbox 1268 1513 1422 1568; x_wconf 86' lang='lat' dir='ltr'><strong>nobis</strong></span> <span class='ocrx_word' id='word_1_83' title='bbox 1454 1510 1520 1565; x_wconf 86' lang='lat' dir='ltr'><strong>ad</strong></span> <span class='ocrx_word' id='word_1_84' title='bbox 1549 1507 1848 1564; x_wconf 88' lang='lat' dir='ltr'><strong>mercedem</strong></span> <span class='ocrx_word' id='word_1_85' title='bbox 1877 1503 1960 1558; x_wconf 90' lang='lat' dir='ltr'><strong>vel</strong></span> <span class='ocrx_word' id='word_1_86' title='bbox 2000 1499 2157 1557; x_wconf 82' lang='lat' dir='ltr'><strong>retri-</strong></span> 
     </span>
    </p>
   </div>
   <div class='ocr_carea' id='block_1_16' title="bbox 589 1599 1808 1678">
    <p class='ocr_par' dir='ltr' id='par_1_16' title="bbox 589 1599 1808 1678">
     <span class='ocr_line' id='line_1_16' title="bbox 589 1599 1808 1678; baseline -0.023 0"><span class='ocrx_word' id='word_1_87' title='bbox 589 1618 860 1678; x_wconf 79' lang='lat' dir='ltr'><strong>butionem</strong></span> <span class='ocrx_word' id='word_1_88' title='bbox 890 1623 1142 1668; x_wconf 72' lang='lat' dir='ltr'><strong>aeternam</strong></span> <span class='ocrx_word' id='word_1_89' title='bbox 1171 1605 1442 1678; x_wconf 86' lang='lat' dir='ltr'><strong>pertinere</strong></span> <span class='ocrx_word' id='word_1_90' title='bbox 1469 1599 1808 1656; x_wconf 88' lang='lat' dir='ltr'><strong>conﬁdimus.</strong></span> 
     </span>
    </p>
   </div>
   <div class='ocr_carea' id='block_1_17' title="bbox 661 1683 2161 1762">
    <p class='ocr_par' dir='ltr' id='par_1_17' title="bbox 661 1683 2161 1762">
     <span class='ocr_line' id='line_1_17' title="bbox 661 1683 2161 1762; baseline -0.019 1"><span class='ocrx_word' id='word_1_91' title='bbox 661 1707 864 1762; x_wconf 88' lang='lat' dir='ltr'><strong>Idcirco</strong></span> <span class='ocrx_word' id='word_1_92' title='bbox 892 1709 1076 1756; x_wconf 88' lang='lat' dir='ltr'><strong>notum</strong></span> <span class='ocrx_word' id='word_1_93' title='bbox 1102 1698 1172 1752; x_wconf 89' lang='lat' dir='ltr'><strong>sit</strong></span> <span class='ocrx_word' id='word_1_94' title='bbox 1199 1692 1443 1750; x_wconf 79' lang='lat' dir='ltr'><strong>cantibus</strong></span> <span class='ocrx_word' id='word_1_95' title='bbox 1483 1687 1728 1746; x_wconf 84' lang='lat' dir='ltr'><strong>ﬁdelibus</strong></span> <span class='ocrx_word' id='word_1_96' title='bbox 1767 1683 1984 1749; x_wconf 77' lang='lat' dir='ltr'><strong>nostris,</strong></span> <span class='ocrx_word' id='word_1_97' title='bbox 2023 1696 2161 1751; x_wconf 74' lang='lat' dir='ltr'><strong>pra:-</strong></span> 
     </span>
    </p>
   </div>
   <div class='ocr_carea' id='block_1_18' title="bbox 2259 539 3842 610">
    <p class='ocr_par' dir='ltr' id='par_1_18' title="bbox 2259 539 3842 610">
     <span class='ocr_line' id='line_1_18' title="bbox 2259 539 3842 610; baseline -0.003 -10"><span class='ocrx_word' id='word_1_98' title='bbox 2259 559 2443 601; x_wconf 88' lang='lat' dir='ltr'><strong>eorum</strong></span> <span class='ocrx_word' id='word_1_99' title='bbox 2474 545 2525 599; x_wconf 91' lang='lat' dir='ltr'><strong>in</strong></span> <span class='ocrx_word' id='word_1_100' title='bbox 2557 542 3101 610; x_wconf 85' lang='lat' dir='ltr'><strong>luminaribus,ipsius</strong></span> <span class='ocrx_word' id='word_1_101' title='bbox 3126 540 3388 602; x_wconf 60' lang='lat' dir='ltr'><strong>ecclesia,</strong></span> <span class='ocrx_word' id='word_1_102' title='bbox 3417 554 3522 594; x_wconf 82' lang='lat' dir='ltr'><strong>seu</strong></span> <span class='ocrx_word' id='word_1_103' title='bbox 3568 539 3842 608; x_wconf 73' lang='lat' dir='ltr'><strong>stipendiis</strong></span> 
     </span>
    </p>
   </div>
   <div class='ocr_carea' id='block_1_19' title="bbox 2259 633 3838 706">
    <p class='ocr_par' dir='ltr' id='par_1_19' title="bbox 2259 633 3838 706">
     <span class='ocr_line' id='line_1_19' title="bbox 2259 633 3838 706; baseline -0.004 -12"><span class='ocrx_word' id='word_1_104' title='bbox 2259 654 2532 696; x_wconf 90' lang='lat' dir='ltr'><strong>servorum</strong></span> <span class='ocrx_word' id='word_1_105' title='bbox 2580 637 2697 706; x_wconf 87' lang='lat' dir='ltr'><strong>Dei,</strong></span> <span class='ocrx_word' id='word_1_106' title='bbox 2744 639 2836 706; x_wconf 90' lang='lat' dir='ltr'><strong>qui</strong></span> <span class='ocrx_word' id='word_1_107' title='bbox 2883 636 3081 690; x_wconf 88' lang='lat' dir='ltr'><strong>ibidem</strong></span> <span class='ocrx_word' id='word_1_108' title='bbox 3127 633 3240 689; x_wconf 90' lang='lat' dir='ltr'><strong>Deo</strong></span> <span class='ocrx_word' id='word_1_109' title='bbox 3279 633 3545 688; x_wconf 86' lang='lat' dir='ltr'><strong>famulare</strong></span> <span class='ocrx_word' id='word_1_110' title='bbox 3579 633 3838 699; x_wconf 79' lang='lat' dir='ltr'><strong>videntur,</strong></span> 
     </span>
    </p>
   </div>
   <div class='ocr_carea' id='block_1_20' title="bbox 2261 723 3292 801">
    <p class='ocr_par' dir='ltr' id='par_1_20' title="bbox 2261 723 3292 801">
     <span class='ocr_line' id='line_1_20' title="bbox 2261 723 3292 801; baseline -0.009 -16"><span class='ocrx_word' id='word_1_111' title='bbox 2261 729 2563 801; x_wconf 85' lang='lat' dir='ltr'><strong>perenniter</strong></span> <span class='ocrx_word' id='word_1_112' title='bbox 2592 725 2874 796; x_wconf 86' lang='lat' dir='ltr'><strong>proﬁciant</strong></span> <span class='ocrx_word' id='word_1_113' title='bbox 2897 726 2950 779; x_wconf 92' lang='lat' dir='ltr'><strong>in</strong></span> <span class='ocrx_word' id='word_1_114' title='bbox 2974 723 3292 792; x_wconf 89' lang='lat' dir='ltr'><strong>augmentis.</strong></span> 
     </span>
    </p>
   </div>
   <div class='ocr_carea' id='block_1_21' title="bbox 2331 812 3840 882">
    <p class='ocr_par' dir='ltr' id='par_1_21' title="bbox 2331 812 3840 882">
     <span class='ocr_line' id='line_1_21' title="bbox 2331 812 3840 882; baseline -0.005 -7"><span class='ocrx_word' id='word_1_115' title='bbox 2331 821 2399 875; x_wconf 89' lang='lat' dir='ltr'><strong>Et</strong></span> <span class='ocrx_word' id='word_1_116' title='bbox 2429 829 2486 875; x_wconf 92' lang='lat' dir='ltr'><strong>ut</strong></span> <span class='ocrx_word' id='word_1_117' title='bbox 2511 822 2626 874; x_wconf 73' lang='lat' dir='ltr'><strong>hzec</strong></span> <span class='ocrx_word' id='word_1_118' title='bbox 2649 819 2938 872; x_wconf 82' lang='lat' dir='ltr'><strong>auctoritas</strong></span> <span class='ocrx_word' id='word_1_119' title='bbox 2965 815 3240 878; x_wconf 86' lang='lat' dir='ltr'><strong>inviolata,</strong></span> <span class='ocrx_word' id='word_1_120' title='bbox 3268 813 3376 868; x_wconf 90' lang='lat' dir='ltr'><strong>Deo</strong></span> <span class='ocrx_word' id='word_1_121' title='bbox 3399 812 3686 882; x_wconf 78' lang='lat' dir='ltr'><strong>adiutore,</strong></span> <span class='ocrx_word' id='word_1_122' title='bbox 3714 814 3840 868; x_wconf 83' lang='lat' dir='ltr'><strong>omni</strong></span> 
     </span>
    </p>
   </div>
   <div class='ocr_carea' id='block_1_22' title="bbox 2262 904 3840 980">
    <p class='ocr_par' dir='ltr' id='par_1_22' title="bbox 2262 904 3840 980">
     <span class='ocr_line' id='line_1_22' title="bbox 2262 904 3840 980; baseline -0.005 -12"><span class='ocrx_word' id='word_1_123' title='bbox 2262 923 2500 980; x_wconf 89' lang='lat' dir='ltr'><strong>tempore</strong></span> <span class='ocrx_word' id='word_1_124' title='bbox 2527 911 2703 966; x_wconf 86' lang='lat' dir='ltr'><strong>valeat</strong></span> <span class='ocrx_word' id='word_1_125' title='bbox 2734 908 3046 978; x_wconf 86' lang='lat' dir='ltr'><strong>perdurare,</strong></span> <span class='ocrx_word' id='word_1_126' title='bbox 3076 919 3239 960; x_wconf 91' lang='lat' dir='ltr'><strong>manu</strong></span> <span class='ocrx_word' id='word_1_127' title='bbox 3277 905 3491 974; x_wconf 87' lang='lat' dir='ltr'><strong>propria</strong></span> <span class='ocrx_word' id='word_1_128' title='bbox 3538 904 3732 959; x_wconf 79' lang='lat' dir='ltr'><strong>subter</strong></span> <span class='ocrx_word' id='word_1_129' title='bbox 3767 918 3840 960; x_wconf 88' lang='lat' dir='ltr'><strong>ro-</strong></span> 
     </span>
    </p>
   </div>
   <div class='ocr_carea' id='block_1_23' title="bbox 2260 993 3710 1064">
    <p class='ocr_par' dir='ltr' id='par_1_23' title="bbox 2260 993 3710 1064">
     <span class='ocr_line' id='line_1_23' title="bbox 2260 993 3710 1064; baseline -0.008 -5"><span class='ocrx_word' id='word_1_130' title='bbox 2260 1005 2447 1059; x_wconf 88' lang='lat' dir='ltr'><strong>borare</strong></span> <span class='ocrx_word' id='word_1_131' title='bbox 2474 997 2832 1062; x_wconf 85' lang='lat' dir='ltr'><strong>decrevimus,</strong></span> <span class='ocrx_word' id='word_1_132' title='bbox 2864 1005 2918 1051; x_wconf 90' lang='lat' dir='ltr'><strong>et</strong></span> <span class='ocrx_word' id='word_1_133' title='bbox 2943 997 3009 1051; x_wconf 89' lang='lat' dir='ltr'><strong>de</strong></span> <span class='ocrx_word' id='word_1_134' title='bbox 3041 995 3201 1051; x_wconf 86' lang='lat' dir='ltr'><strong>anulo</strong></span> <span class='ocrx_word' id='word_1_135' title='bbox 3226 1005 3408 1051; x_wconf 91' lang='lat' dir='ltr'><strong>nostro</strong></span> <span class='ocrx_word' id='word_1_136' title='bbox 3437 993 3710 1064; x_wconf 76' lang='lat' dir='ltr'><strong>sigillare.</strong></span> 
     </span>
    </p>
   </div>
   <div class='ocr_carea' id='block_1_24' title="bbox 2331 1087 3187 1163">
    <p class='ocr_par' dir='ltr' id='par_1_24' title="bbox 2331 1087 3187 1163">
     <span class='ocr_line' id='line_1_24' title="bbox 2331 1087 3187 1163; baseline -0.008 -16"><span class='ocrx_word' id='word_1_137' title='bbox 2331 1095 2550 1163; x_wconf 80' lang='lat' dir='ltr'><strong>Signum</strong></span> <span class='ocrx_word' id='word_1_138' title='bbox 2577 1089 2751 1146; x_wconf 87' lang='lat' dir='ltr'><strong>Caroli</strong></span> <span class='ocrx_word' id='word_1_139' title='bbox 2779 1089 2996 1161; x_wconf 75' lang='lat' dir='ltr'><strong>gloriosi</strong></span> <span class='ocrx_word' id='word_1_140' title='bbox 3023 1087 3187 1157; x_wconf 87' lang='lat' dir='ltr'><strong>regis.</strong></span> 
     </span>
    </p>
   </div>
   <div class='ocr_carea' id='block_1_25' title="bbox 2976 1197 3122 1254">
    <p class='ocr_par' dir='ltr' id='par_1_25' title="bbox 2976 1197 3122 1254">
     <span class='ocr_line' id='line_1_25' title="bbox 2976 1197 3122 1254; baseline 0 0"><span class='ocrx_word' id='word_1_141' title='bbox 2976 1197 3122 1254; x_wconf 81' lang='lat' dir='ltr'><strong>XIX.</strong></span> 
     </span>
    </p>
   </div>
   <div class='ocr_carea' id='block_1_26' title="bbox 2262 1285 3832 1363">
    <p class='ocr_par' dir='ltr' id='par_1_26' title="bbox 2262 1285 3832 1363">
     <span class='ocr_line' id='line_1_26' title="bbox 2262 1285 3832 1363; baseline -0.006 -14"><span class='ocrx_word' id='word_1_142' title='bbox 2262 1294 2432 1350; x_wconf 84' lang='lat' dir='ltr'><strong>Caroli</strong></span> <span class='ocrx_word' id='word_1_143' title='bbox 2464 1292 2640 1363; x_wconf 80' lang='lat' dir='ltr'><strong>Magni</strong></span> <span class='ocrx_word' id='word_1_144' title='bbox 2677 1291 2889 1363; x_wconf 66' lang='lat' dir='ltr'><strong>donatio</strong></span> <span class='ocrx_word' id='word_1_145' title='bbox 2924 1306 3024 1358; x_wconf 86' lang='lat' dir='ltr'><strong>qua</strong></span> <span class='ocrx_word' id='word_1_146' title='bbox 3051 1285 3708 1363; x_wconf 60' lang='lat' dir='ltr'><strong>monasteriol’rumiensi</strong></span> <span class='ocrx_word' id='word_1_147' title='bbox 3727 1304 3832 1363; x_wconf 71' lang='lat' dir='ltr'><strong>rou-</strong></span> 
     </span>
    </p>
   </div>
   <div class='ocr_carea' id='block_1_27' title="bbox 2329 1358 3829 1430">
    <p class='ocr_par' dir='ltr' id='par_1_27' title="bbox 2329 1358 3829 1430">
     <span class='ocr_line' id='line_1_27' title="bbox 2329 1358 3829 1430; baseline -0.005 -12"><span class='ocrx_word' id='word_1_148' title='bbox 2329 1367 2462 1418; x_wconf 82' lang='lat' dir='ltr'><strong>cedit</strong></span> <span class='ocrx_word' id='word_1_149' title='bbox 2490 1358 2634 1418; x_wconf 70' lang='lat' dir='ltr'><strong>vilia:</strong></span> <span class='ocrx_word' id='word_1_150' title='bbox 2667 1361 2973 1416; x_wconf 83' lang='lat' dir='ltr'><strong>Lauriacum</strong></span> <span class='ocrx_word' id='word_1_151' title='bbox 3000 1371 3045 1415; x_wconf 81' lang='lat' dir='ltr'><strong>et</strong></span> <span class='ocrx_word' id='word_1_152' title='bbox 3072 1359 3336 1415; x_wconf 77' lang='lat' dir='ltr'><strong>Catiacum</strong></span> <span class='ocrx_word' id='word_1_153' title='bbox 3361 1360 3418 1413; x_wconf 82' lang='lat' dir='ltr'><strong>in</strong></span> <span class='ocrx_word' id='word_1_154' title='bbox 3449 1373 3596 1428; x_wconf 82' lang='lat' dir='ltr'><strong>pago</strong></span> <span class='ocrx_word' id='word_1_155' title='bbox 3623 1358 3829 1430; x_wconf 75' lang='lat' dir='ltr'><strong>Andega-</strong></span> 
     </span>
    </p>
   </div>
   <div class='ocr_carea' id='block_1_28' title="bbox 2329 1432 2831 1506">
    <p class='ocr_par' dir='ltr' id='par_1_28' title="bbox 2329 1432 2831 1506">
     <span class='ocr_line' id='line_1_28' title="bbox 2329 1432 2831 1506; baseline -0.008 -17"><span class='ocrx_word' id='word_1_156' title='bbox 2329 1436 2467 1490; x_wconf 66' lang='lat' dir='ltr'><strong>censi</strong></span> <span class='ocrx_word' id='word_1_157' title='bbox 2495 1435 2651 1506; x_wconf 87' lang='lat' dir='ltr'><strong>(anno</strong></span> <span class='ocrx_word' id='word_1_158' title='bbox 2680 1432 2831 1500; x_wconf 87' lang='lat'><strong>797).</strong></span> 
     </span>
    </p>
   </div>
   <div class='ocr_carea' id='block_1_29' title="bbox 2767 1519 3336 1584">
    <p class='ocr_par' dir='ltr' id='par_1_29' title="bbox 2767 1519 3336 1584">
     <span class='ocr_line' id='line_1_29' title="bbox 2767 1519 3336 1584; baseline -0.009 -13"><span class='ocrx_word' id='word_1_159' title='bbox 2767 1521 2860 1584; x_wconf 82' lang='lat' dir='ltr'><strong>(Ex</strong></span> <span class='ocrx_word' id='word_1_160' title='bbox 2887 1521 3173 1583; x_wconf 83' lang='lat' dir='ltr'><strong>Hontheim,</strong></span> <span class='ocrx_word' id='word_1_161' title='bbox 3195 1519 3336 1582; x_wconf 86' lang='lat' dir='ltr'><strong>ibid.)</strong></span> 
     </span>
    </p>
   </div>
   <div class='ocr_carea' id='block_1_30' title="bbox 2329 1601 3826 1675">
    <p class='ocr_par' dir='ltr' id='par_1_30' title="bbox 2329 1601 3826 1675">
     <span class='ocr_line' id='line_1_30' title="bbox 2329 1601 3826 1675; baseline -0.005 -12"><span class='ocrx_word' id='word_1_162' title='bbox 2329 1608 2552 1664; x_wconf 83' lang='lat' dir='ltr'><strong>Karolus</strong></span> <span class='ocrx_word' id='word_1_163' title='bbox 2577 1606 2744 1675; x_wconf 82' lang='lat' dir='ltr'><strong>gratia</strong></span> <span class='ocrx_word' id='word_1_164' title='bbox 2774 1606 2866 1661; x_wconf 92' lang='lat' dir='ltr'><strong>Dei</strong></span> <span class='ocrx_word' id='word_1_165' title='bbox 2899 1619 2988 1660; x_wconf 76' lang='lat' dir='ltr'><strong>rex</strong></span> <span class='ocrx_word' id='word_1_166' title='bbox 3022 1604 3348 1658; x_wconf 83' lang='lat' dir='ltr'><strong>Francorum</strong></span> <span class='ocrx_word' id='word_1_167' title='bbox 3368 1611 3432 1657; x_wconf 90' lang='lat' dir='ltr'><strong>et</strong></span> <span class='ocrx_word' id='word_1_168' title='bbox 3466 1601 3826 1670; x_wconf 82' lang='lat' dir='ltr'><strong>Longobardo-</strong></span> 
     </span>
    </p>
   </div>
   <div class='ocr_carea' id='block_1_31' title="bbox 2261 1693 3825 1768">
    <p class='ocr_par' dir='ltr' id='par_1_31' title="bbox 2261 1693 3825 1768">
     <span class='ocr_line' id='line_1_31' title="bbox 2261 1693 3825 1768; baseline -0.008 -12"><span class='ocrx_word' id='word_1_169' title='bbox 2261 1716 2402 1757; x_wconf 87' lang='lat' dir='ltr'><strong>rum.</strong></span> <span class='ocrx_word' id='word_1_170' title='bbox 2444 1699 2708 1768; x_wconf 84' lang='lat' dir='ltr'><strong>Quidquid</strong></span> <span class='ocrx_word' id='word_1_171' title='bbox 2736 1699 2880 1752; x_wconf 89' lang='lat' dir='ltr'><strong>enim</strong></span> <span class='ocrx_word' id='word_1_172' title='bbox 2909 1695 2962 1750; x_wconf 91' lang='lat' dir='ltr'><strong>in</strong></span> <span class='ocrx_word' id='word_1_173' title='bbox 2995 1704 3172 1750; x_wconf 90' lang='lat' dir='ltr'><strong>nostra</strong></span> <span class='ocrx_word' id='word_1_174' title='bbox 3205 1693 3288 1749; x_wconf 89' lang='lat' dir='ltr'><strong>vel</strong></span> <span class='ocrx_word' id='word_1_175' title='bbox 3321 1708 3617 1761; x_wconf 76' lang='lat' dir='ltr'><strong>procerum</strong></span> <span class='ocrx_word' id='word_1_176' title='bbox 3652 1705 3825 1747; x_wconf 72' lang='lat' dir='ltr'><strong>rosuo-</strong></span> 
     </span>
    </p>
   </div>
   <div class='ocr_carea' id='block_1_32' title="bbox 575 1773 3820 1880">
    <p class='ocr_par' dir='ltr' id='par_1_32' title="bbox 575 1773 3820 1880">
     <span class='ocr_line' id='line_1_32' title="bbox 575 1773 3820 1880; baseline -0.004 -53"><span class='ocrx_word' id='word_1_177' title='bbox 575 1796 831 1854; x_wconf 80' lang='lat' dir='ltr'><strong>.sentibus</strong></span> <span class='ocrx_word' id='word_1_178' title='bbox 867 1790 1104 1858; x_wconf 86' lang='lat' dir='ltr'><strong>scilicet,</strong></span> <span class='ocrx_word' id='word_1_179' title='bbox 1141 1798 1196 1844; x_wconf 90' lang='lat' dir='ltr'><strong>et</strong></span> <span class='ocrx_word' id='word_1_180' title='bbox 1228 1785 1445 1849; x_wconf 88' lang='lat' dir='ltr'><strong>futuris,</strong></span> <span class='ocrx_word' id='word_1_181' title='bbox 1482 1777 1813 1880; x_wconf 44' lang='lat' dir='ltr'><strong>qualiter-vir</strong></span> <span class='ocrx_word' id='word_1_182' title='bbox 1841 1773 2156 1880; x_wconf 72' lang='lat' dir='ltr'><strong>venerabilis</strong></span> <span class='ocrx_word' id='word_1_183' title='bbox 2189 1818 2233 1880; x_wconf 69' lang='grc' dir='ltr'><strong><em>Β</em></strong></span> <span class='ocrx_word' id='word_1_184' title='bbox 2261 1809 2377 1848; x_wconf 50' lang='lat' dir='ltr'><strong>tum</strong></span> <span class='ocrx_word' id='word_1_185' title='bbox 2407 1791 2689 1862; x_wconf 58' lang='lat' dir='ltr'><strong>prmscmia</strong></span> <span class='ocrx_word' id='word_1_186' title='bbox 2731 1799 2877 1846; x_wconf 50' lang='lat' dir='ltr'><strong>recto</strong></span> <span class='ocrx_word' id='word_1_187' title='bbox 2908 1789 3122 1842; x_wconf 52' lang='lat' dir='ltr'><strong>“amite</strong></span> <span class='ocrx_word' id='word_1_188' title='bbox 3160 1787 3355 1857; x_wconf 52' lang='lat' dir='ltr'><strong>agitur,</strong></span> <span class='ocrx_word' id='word_1_189' title='bbox 3396 1801 3463 1840; x_wconf 67' lang='lat' dir='ltr'><strong>ac</strong></span> <span class='ocrx_word' id='word_1_190' title='bbox 3503 1785 3654 1855; x_wconf 57' lang='lat' dir='ltr'><strong>ius“,</strong></span> <span class='ocrx_word' id='word_1_191' title='bbox 3682 1786 3820 1840; x_wconf 49' lang='lat' dir='ltr'><strong>tenui,</strong></span> 
     </span>
    </p>
   </div>
   <div class='ocr_carea' id='block_1_33' title="bbox 591 1859 2157 1940">
    <p class='ocr_par' dir='ltr' id='par_1_33' title="bbox 591 1859 2157 1940">
     <span class='ocr_line' id='line_1_33' title="bbox 591 1859 2157 1940; baseline -0.021 2"><span class='ocrx_word' id='word_1_192' title='bbox 591 1896 620 1926; x_wconf 79' lang='grc' dir='ltr'><strong>ιι</strong></span> <span class='ocrx_word' id='word_1_193' title='bbox 660 1880 989 1940; x_wconf 86' lang='lat' dir='ltr'><strong>Berneradus</strong></span> <span class='ocrx_word' id='word_1_194' title='bbox 1025 1885 1223 1933; x_wconf 79' lang='lat' dir='ltr'><strong>sanctae</strong></span> <span class='ocrx_word' id='word_1_195' title='bbox 1261 1869 1582 1930; x_wconf 89' lang='lat' dir='ltr'><strong>Senoncnsis</strong></span> <span class='ocrx_word' id='word_1_196' title='bbox 1615 1865 1852 1922; x_wconf 74' lang='lat' dir='ltr'><strong>ecclesia:</strong></span> <span class='ocrx_word' id='word_1_197' title='bbox 1889 1859 2157 1927; x_wconf 77' lang='lat' dir='ltr'><strong>archiepi-</strong></span> 
     </span>
    </p>
   </div>
   <div class='ocr_carea' id='block_1_34' title="bbox 590 1950 2160 2044">
    <p class='ocr_par' dir='ltr' id='par_1_34' title="bbox 590 1950 2160 2044">
     <span class='ocr_line' id='line_1_34' title="bbox 590 1950 2160 2044; baseline -0.018 -12"><span class='ocrx_word' id='word_1_198' title='bbox 590 1989 804 2044; x_wconf 86' lang='lat' dir='ltr'><strong>scopus,</strong></span> <span class='ocrx_word' id='word_1_199' title='bbox 834 1971 923 2042; x_wconf 86' lang='lat' dir='ltr'><strong>qui</strong></span> <span class='ocrx_word' id='word_1_200' title='bbox 953 1976 1036 2024; x_wconf 88' lang='lat' dir='ltr'><strong>est</strong></span> <span class='ocrx_word' id='word_1_201' title='bbox 1059 1975 1233 2023; x_wconf 87' lang='lat' dir='ltr'><strong>rector</strong></span> <span class='ocrx_word' id='word_1_202' title='bbox 1262 1957 1590 2020; x_wconf 80' lang='lat' dir='ltr'><strong>monasterii,</strong></span> <span class='ocrx_word' id='word_1_203' title='bbox 1614 1956 1707 2011; x_wconf 85' lang='lat' dir='ltr'><strong>ubi</strong></span> <span class='ocrx_word' id='word_1_204' title='bbox 1736 1961 1951 2009; x_wconf 90' lang='lat' dir='ltr'><strong>sanctus</strong></span> <span class='ocrx_word' id='word_1_205' title='bbox 1981 1950 2160 2006; x_wconf 83' lang='lat' dir='ltr'><strong>Willi-</strong></span> 
     </span>
    </p>
   </div>
   <div class='ocr_carea' id='block_1_35' title="bbox 591 2043 2164 2132">
    <p class='ocr_par' dir='ltr' id='par_1_35' title="bbox 591 2043 2164 2132">
     <span class='ocr_line' id='line_1_35' title="bbox 591 2043 2164 2132; baseline -0.018 -7"><span class='ocrx_word' id='word_1_206' title='bbox 591 2043 818 2126; x_wconf 83' lang='lat' dir='ltr'><strong>brordus</strong></span> <span class='ocrx_word' id='word_1_207' title='bbox 847 2076 1070 2132; x_wconf 87' lang='lat' dir='ltr'><strong>corpore</strong></span> <span class='ocrx_word' id='word_1_208' title='bbox 1113 2055 1426 2128; x_wconf 81' lang='lat' dir='ltr'><strong>requiescit,</strong></span> <span class='ocrx_word' id='word_1_209' title='bbox 1468 2048 1608 2121; x_wconf 90' lang='lat' dir='ltr'><strong>quod</strong></span> <span class='ocrx_word' id='word_1_210' title='bbox 1634 2055 1718 2105; x_wconf 89' lang='lat' dir='ltr'><strong>est</strong></span> <span class='ocrx_word' id='word_1_211' title='bbox 1753 2047 1912 2102; x_wconf 91' lang='lat' dir='ltr'><strong>situm</strong></span> <span class='ocrx_word' id='word_1_212' title='bbox 1953 2043 2005 2098; x_wconf 92' lang='lat' dir='ltr'><strong>in</strong></span> <span class='ocrx_word' id='word_1_213' title='bbox 2047 2043 2164 2098; x_wconf 89' lang='lat' dir='ltr'><strong>loco</strong></span> 
     </span>
    </p>
   </div>
   <div class='ocr_carea' id='block_1_36' title="bbox 589 2133 2163 2230">
    <p class='ocr_par' dir='ltr' id='par_1_36' title="bbox 589 2133 2163 2230">
     <span class='ocr_line' id='line_1_36' title="bbox 589 2133 2163 2230; baseline -0.019 -14"><span class='ocrx_word' id='word_1_214' title='bbox 589 2160 912 2230; x_wconf 84' lang='lat' dir='ltr'><strong>Epternaco,</strong></span> <span class='ocrx_word' id='word_1_215' title='bbox 947 2149 1243 2210; x_wconf 68' lang='lat' dir='ltr'><strong>clementia:</strong></span> <span class='ocrx_word' id='word_1_216' title='bbox 1270 2148 1416 2217; x_wconf 84' lang='lat' dir='ltr'><strong>regni</strong></span> <span class='ocrx_word' id='word_1_217' title='bbox 1445 2143 1612 2200; x_wconf 83' lang='lat' dir='ltr'><strong>nostri</strong></span> <span class='ocrx_word' id='word_1_218' title='bbox 1644 2139 1904 2200; x_wconf 89' lang='lat' dir='ltr'><strong>innotuit,</strong></span> <span class='ocrx_word' id='word_1_219' title='bbox 1933 2151 1998 2191; x_wconf 91' lang='lat' dir='ltr'><strong>eo</strong></span> <span class='ocrx_word' id='word_1_220' title='bbox 2026 2133 2163 2204; x_wconf 91' lang='lat' dir='ltr'><strong>quod</strong></span> 
     </span>
    </p>
   </div>
   <div class='ocr_carea' id='block_1_37' title="bbox 589 2231 2164 2307">
    <p class='ocr_par' dir='ltr' id='par_1_37' title="bbox 589 2231 2164 2307">
     <span class='ocr_line' id='line_1_37' title="bbox 589 2231 2164 2307; baseline -0.018 0"><span class='ocrx_word' id='word_1_221' title='bbox 589 2251 746 2307; x_wconf 79' lang='lat' dir='ltr'><strong>bona:</strong></span> <span class='ocrx_word' id='word_1_222' title='bbox 782 2245 1055 2304; x_wconf 64' lang='lat' dir='ltr'><strong>memoriae</strong></span> <span class='ocrx_word' id='word_1_223' title='bbox 1100 2240 1523 2298; x_wconf 76' lang='lat' dir='ltr'><strong>Karolomannus</strong></span> <span class='ocrx_word' id='word_1_224' title='bbox 1569 2231 1836 2304; x_wconf 90' lang='lat' dir='ltr'><strong>quondam</strong></span> <span class='ocrx_word' id='word_1_225' title='bbox 1878 2238 2164 2301; x_wconf 84' lang='lat' dir='ltr'><strong>germanus</strong></span> 
     </span>
    </p>
   </div>
   <div class='ocr_carea' id='block_1_38' title="bbox 583 2319 2168 2408">
    <p class='ocr_par' dir='ltr' id='par_1_38' title="bbox 583 2319 2168 2408">
     <span class='ocr_line' id='line_1_38' title="bbox 583 2319 2168 2408; baseline -0.02 -6"><span class='ocrx_word' id='word_1_226' title='bbox 583 2349 797 2404; x_wconf 79' lang='lat' dir='ltr'><strong>noster,</strong></span> <span class='ocrx_word' id='word_1_227' title='bbox 846 2352 943 2408; x_wconf 91' lang='lat' dir='ltr'><strong>pro</strong></span> <span class='ocrx_word' id='word_1_228' title='bbox 981 2333 1241 2392; x_wconf 87' lang='lat' dir='ltr'><strong>mercedis</strong></span> <span class='ocrx_word' id='word_1_229' title='bbox 1285 2345 1394 2386; x_wconf 69' lang='lat' dir='ltr'><strong>suae</strong></span> <span class='ocrx_word' id='word_1_230' title='bbox 1437 2333 1742 2398; x_wconf 88' lang='lat' dir='ltr'><strong>augmento,</strong></span> <span class='ocrx_word' id='word_1_231' title='bbox 1775 2322 1928 2378; x_wconf 87' lang='lat' dir='ltr'><strong>villas</strong></span> <span class='ocrx_word' id='word_1_232' title='bbox 1967 2319 2168 2388; x_wconf 86' lang='lat' dir='ltr'><strong>aliquas</strong></span> 
     </span>
    </p>
   </div>
   <div class='ocr_carea' id='block_1_39' title="bbox 589 2404 2166 2503">
    <p class='ocr_par' dir='ltr' id='par_1_39' title="bbox 589 2404 2166 2503">
     <span class='ocr_line' id='line_1_39' title="bbox 589 2404 2166 2503; baseline -0.018 -14"><span class='ocrx_word' id='word_1_233' title='bbox 589 2434 645 2490; x_wconf 90' lang='lat' dir='ltr'><strong>in</strong></span> <span class='ocrx_word' id='word_1_234' title='bbox 674 2445 807 2503; x_wconf 87' lang='lat' dir='ltr'><strong>pago</strong></span> <span class='ocrx_word' id='word_1_235' title='bbox 837 2404 1094 2492; x_wconf 81' lang='lat' dir='ltr'><strong>Dedeuse,</strong></span> <span class='ocrx_word' id='word_1_236' title='bbox 1118 2424 1171 2479; x_wconf 92' lang='lat' dir='ltr'><strong>in</strong></span> <span class='ocrx_word' id='word_1_237' title='bbox 1200 2423 1317 2476; x_wconf 91' lang='lat' dir='ltr'><strong>loco</strong></span> <span class='ocrx_word' id='word_1_238' title='bbox 1340 2423 1682 2484; x_wconf 88' lang='lat' dir='ltr'><strong>nuncupante</strong></span> <span class='ocrx_word' id='word_1_239' title='bbox 1717 2412 1905 2466; x_wconf 89' lang='lat' dir='ltr'><strong>Droise</strong></span> <span class='ocrx_word' id='word_1_240' title='bbox 1939 2404 2166 2480; x_wconf 76' lang='lat' dir='ltr'><strong>[Dreyls]</strong></span> 
     </span>
    </p>
   </div>
   <div class='ocr_carea' id='block_1_40' title="bbox 590 2500 2164 2593">
    <p class='ocr_par' dir='ltr' id='par_1_40' title="bbox 590 2500 2164 2593">
     <span class='ocr_line' id='line_1_40' title="bbox 590 2500 2164 2593; baseline -0.018 -13"><span class='ocrx_word' id='word_1_241' title='bbox 590 2500 764 2593; x_wconf 16' lang='lat' dir='ltr'><strong>super,</strong></span> <span class='ocrx_word' id='word_1_242' title='bbox 788 2518 1005 2576; x_wconf 82' lang='lat' dir='ltr'><strong>ﬂuvium</strong></span> <span class='ocrx_word' id='word_1_243' title='bbox 1031 2515 1309 2578; x_wconf 87' lang='lat' dir='ltr'><strong>Salmana,</strong></span> <span class='ocrx_word' id='word_1_244' title='bbox 1349 2518 1403 2565; x_wconf 87' lang='lat' dir='ltr'><strong>et</strong></span> <span class='ocrx_word' id='word_1_245' title='bbox 1430 2507 1457 2547; x_wconf 54' lang='lat' dir='ltr'><strong>lt</strong></span> <span class='ocrx_word' id='word_1_246' title='bbox 1489 2505 1736 2562; x_wconf 86' lang='lat' dir='ltr'><strong>Olllcinas</strong></span> <span class='ocrx_word' id='word_1_247' title='bbox 1779 2517 1937 2593; x_wconf 88' lang='lat' dir='ltr'><strong>super</strong></span> <span class='ocrx_word' id='word_1_248' title='bbox 1965 2500 2164 2563; x_wconf 88' lang='lat' dir='ltr'><strong>Lisera,</strong></span> 
     </span>
    </p>
   </div>
   <div class='ocr_carea' id='block_1_41' title="bbox 591 2592 2168 2671">
    <p class='ocr_par' dir='ltr' id='par_1_41' title="bbox 591 2592 2168 2671">
     <span class='ocr_line' id='line_1_41' title="bbox 591 2592 2168 2671; baseline -0.018 -1"><span class='ocrx_word' id='word_1_249' title='bbox 591 2592 698 2670; x_wconf 87' lang='lat' dir='ltr'><strong>una</strong></span> <span class='ocrx_word' id='word_1_250' title='bbox 727 2625 848 2668; x_wconf 90' lang='lat' dir='ltr'><strong>cum</strong></span> <span class='ocrx_word' id='word_1_251' title='bbox 888 2607 1062 2671; x_wconf 89' lang='lat' dir='ltr'><strong>terris,</strong></span> <span class='ocrx_word' id='word_1_252' title='bbox 1094 2603 1356 2665; x_wconf 87' lang='lat' dir='ltr'><strong>domibus,</strong></span> <span class='ocrx_word' id='word_1_253' title='bbox 1386 2597 1650 2661; x_wconf 65' lang='lat' dir='ltr'><strong>aediﬁciis,</strong></span> <span class='ocrx_word' id='word_1_254' title='bbox 1678 2592 1982 2658; x_wconf 78' lang='lat' dir='ltr'><strong>accolabus,</strong></span> <span class='ocrx_word' id='word_1_255' title='bbox 2014 2601 2168 2644; x_wconf 87' lang='lat' dir='ltr'><strong>man-</strong></span> 
     </span>
    </p>
   </div>
   <div class='ocr_carea' id='block_1_42' title="bbox 579 2679 2165 2774">
    <p class='ocr_par' dir='ltr' id='par_1_42' title="bbox 579 2679 2165 2774">
     <span class='ocr_line' id='line_1_42' title="bbox 579 2679 2165 2774; baseline -0.018 -14"><span class='ocrx_word' id='word_1_256' title='bbox 579 2703 767 2774; x_wconf 82' lang='lat' dir='ltr'><strong>cipiis,</strong></span> <span class='ocrx_word' id='word_1_257' title='bbox 798 2699 987 2764; x_wconf 90' lang='lat' dir='ltr'><strong>vineis,</strong></span> <span class='ocrx_word' id='word_1_258' title='bbox 1023 2695 1208 2766; x_wconf 82' lang='lat' dir='ltr'><strong>sylvis,</strong></span> <span class='ocrx_word' id='word_1_259' title='bbox 1235 2690 1458 2760; x_wconf 86' lang='lat' dir='ltr'><strong>campis,</strong></span> <span class='ocrx_word' id='word_1_260' title='bbox 1503 2685 1691 2757; x_wconf 88' lang='lat' dir='ltr'><strong>pratis,</strong></span> <span class='ocrx_word' id='word_1_261' title='bbox 1729 2683 1964 2754; x_wconf 87' lang='lat' dir='ltr'><strong>pascuis,</strong></span> <span class='ocrx_word' id='word_1_262' title='bbox 1995 2679 2165 2750; x_wconf 86' lang='lat' dir='ltr'><strong>aquis,</strong></span> 
     </span>
    </p>
   </div>
   <div class='ocr_carea' id='block_1_43' title="bbox 586 2772 2171 2864">
    <p class='ocr_par' dir='ltr' id='par_1_43' title="bbox 586 2772 2171 2864">
     <span class='ocr_line' id='line_1_43' title="bbox 586 2772 2171 2864; baseline -0.017 -13"><span class='ocrx_word' id='word_1_263' title='bbox 586 2772 919 2864; x_wconf 80' lang='lat' dir='ltr'><strong>aquarumve</strong></span> <span class='ocrx_word' id='word_1_264' title='bbox 947 2785 1259 2845; x_wconf 86' lang='lat' dir='ltr'><strong>decursibus</strong></span> <span class='ocrx_word' id='word_1_265' title='bbox 1289 2793 1479 2846; x_wconf 88' lang='lat' dir='ltr'><strong>t0tum,</strong></span> <span class='ocrx_word' id='word_1_266' title='bbox 1513 2787 1567 2834; x_wconf 90' lang='lat' dir='ltr'><strong>et</strong></span> <span class='ocrx_word' id='word_1_267' title='bbox 1595 2777 1662 2832; x_wconf 90' lang='lat' dir='ltr'><strong>ad</strong></span> <span class='ocrx_word' id='word_1_268' title='bbox 1689 2776 1950 2844; x_wconf 87' lang='lat' dir='ltr'><strong>integrum</strong></span> <span class='ocrx_word' id='word_1_269' title='bbox 1971 2815 1987 2841; x_wconf 92' lang='lat'><strong>,</strong></span> <span class='ocrx_word' id='word_1_270' title='bbox 2019 2772 2171 2843; x_wconf 88' lang='lat' dir='ltr'><strong>quid-</strong></span> 
     </span>
    </p>
   </div>
   <div class='ocr_carea' id='block_1_44' title="bbox 571 2864 2170 2959">
    <p class='ocr_par' dir='ltr' id='par_1_44' title="bbox 571 2864 2170 2959">
     <span class='ocr_line' id='line_1_44' title="bbox 571 2864 2170 2959; baseline -0.018 -15"><span class='ocrx_word' id='word_1_271' title='bbox 571 2887 721 2959; x_wconf 67' lang='lat' dir='ltr'><strong>quid</strong></span> <span class='ocrx_word' id='word_1_272' title='bbox 748 2883 814 2942; x_wconf 91' lang='lat' dir='ltr'><strong>ad</strong></span> <span class='ocrx_word' id='word_1_273' title='bbox 853 2883 970 2952; x_wconf 85' lang='lat' dir='ltr'><strong>ipsa</strong></span> <span class='ocrx_word' id='word_1_274' title='bbox 997 2880 1114 2936; x_wconf 90' lang='lat' dir='ltr'><strong>loca</strong></span> <span class='ocrx_word' id='word_1_275' title='bbox 1142 2874 1348 2948; x_wconf 81' lang='lat' dir='ltr'><strong>legibus</strong></span> <span class='ocrx_word' id='word_1_276' title='bbox 1377 2872 1643 2941; x_wconf 88' lang='lat' dir='ltr'><strong>pertinere</strong></span> <span class='ocrx_word' id='word_1_277' title='bbox 1669 2866 1912 2959; x_wconf 12' lang='lat' dir='ltr'><strong>rvidetur,</strong></span> <span class='ocrx_word' id='word_1_278' title='bbox 1942 2864 2170 2959; x_wconf 67' lang='lat' dir='ltr'><strong>adprae-</strong></span> 
     </span>
    </p>
   </div>
   <div class='ocr_carea' id='block_1_45' title="bbox 591 2953 2169 3034">
    <p class='ocr_par' dir='ltr' id='par_1_45' title="bbox 591 2953 2169 3034">
     <span class='ocr_line' id='line_1_45' title="bbox 591 2953 2169 3034; baseline -0.016 0"><span class='ocrx_word' id='word_1_279' title='bbox 591 2953 792 3034; x_wconf 79' lang='lat' dir='ltr'><strong>dictum</strong></span> <span class='ocrx_word' id='word_1_280' title='bbox 834 2969 1216 3030; x_wconf 87' lang='lat' dir='ltr'><strong>monasterium</strong></span> <span class='ocrx_word' id='word_1_281' title='bbox 1244 2963 1390 3020; x_wconf 88' lang='lat' dir='ltr'><strong>visus</strong></span> <span class='ocrx_word' id='word_1_282' title='bbox 1419 2962 1518 3017; x_wconf 87' lang='lat' dir='ltr'><strong>fuit</strong></span> <span class='ocrx_word' id='word_1_283' title='bbox 1544 2958 1886 3023; x_wconf 88' lang='lat' dir='ltr'><strong>condonare;</strong></span> <span class='ocrx_word' id='word_1_284' title='bbox 1933 2953 2027 3011; x_wconf 88' lang='lat' dir='ltr'><strong>sed</strong></span> <span class='ocrx_word' id='word_1_285' title='bbox 2075 2969 2169 3010; x_wconf 81' lang='lat' dir='ltr'><strong>ne-</strong></span> 
     </span>
    </p>
   </div>
   <div class='ocr_carea' id='block_1_46' title="bbox 585 3045 2172 3138">
    <p class='ocr_par' dir='ltr' id='par_1_46' title="bbox 585 3045 2172 3138">
     <span class='ocr_line' id='line_1_46' title="bbox 585 3045 2172 3138; baseline -0.016 -15"><span class='ocrx_word' id='word_1_286' title='bbox 585 3063 844 3138; x_wconf 85' lang='lat' dir='ltr'><strong>gligentia</strong></span> <span class='ocrx_word' id='word_1_287' title='bbox 871 3061 1168 3126; x_wconf 85' lang='lat' dir='ltr'><strong>eveniente,</strong></span> <span class='ocrx_word' id='word_1_288' title='bbox 1209 3067 1541 3125; x_wconf 86' lang='lat' dir='ltr'><strong>nequaquam</strong></span> <span class='ocrx_word' id='word_1_289' title='bbox 1570 3049 1771 3105; x_wconf 88' lang='lat' dir='ltr'><strong>cartula</strong></span> <span class='ocrx_word' id='word_1_290' title='bbox 1801 3045 2172 3102; x_wconf 75' lang='lat' dir='ltr'><strong>concessionis</strong></span> 
     </span>
    </p>
   </div>
   <div class='ocr_carea' id='block_1_47' title="bbox 572 3135 2171 3228">
    <p class='ocr_par' dir='ltr' id='par_1_47' title="bbox 572 3135 2171 3228">
     <span class='ocr_line' id='line_1_47' title="bbox 572 3135 2171 3228; baseline -0.016 -14"><span class='ocrx_word' id='word_1_291' title='bbox 572 3135 761 3228; x_wconf 67' lang='lat' dir='ltr'><strong>ipsius</strong></span> <span class='ocrx_word' id='word_1_292' title='bbox 800 3150 1039 3226; x_wconf 81' lang='lat' dir='ltr'><strong>germani</strong></span> <span class='ocrx_word' id='word_1_293' title='bbox 1079 3147 1246 3205; x_wconf 89' lang='lat' dir='ltr'><strong>nostri</strong></span> <span class='ocrx_word' id='word_1_294' title='bbox 1288 3143 1478 3202; x_wconf 78' lang='lat' dir='ltr'><strong>exinde</strong></span> <span class='ocrx_word' id='word_1_295' title='bbox 1516 3149 1734 3211; x_wconf 89' lang='lat' dir='ltr'><strong>accepta</strong></span> <span class='ocrx_word' id='word_1_296' title='bbox 1780 3138 1987 3193; x_wconf 85' lang='lat' dir='ltr'><strong>fuisset.</strong></span> <span class='ocrx_word' id='word_1_297' title='bbox 2019 3135 2171 3192; x_wconf 86' lang='lat' dir='ltr'><strong>Unde</strong></span> 
     </span>
    </p>
   </div>
   <div class='ocr_carea' id='block_1_48' title="bbox 593 3227 2170 3315">
    <p class='ocr_par' dir='ltr' id='par_1_48' title="bbox 593 3227 2170 3315">
     <span class='ocr_line' id='line_1_48' title="bbox 593 3227 2170 3315; baseline -0.015 -13"><span class='ocrx_word' id='word_1_298' title='bbox 593 3227 786 3304; x_wconf 82' lang='lat' dir='ltr'><strong>asserit</strong></span> <span class='ocrx_word' id='word_1_299' title='bbox 808 3245 917 3315; x_wconf 88' lang='lat' dir='ltr'><strong>iam</strong></span> <span class='ocrx_word' id='word_1_300' title='bbox 964 3241 1138 3297; x_wconf 90' lang='lat' dir='ltr'><strong>dictus</strong></span> <span class='ocrx_word' id='word_1_301' title='bbox 1168 3234 1501 3292; x_wconf 89' lang='lat' dir='ltr'><strong>Berneradus</strong></span> <span class='ocrx_word' id='word_1_302' title='bbox 1546 3227 1976 3300; x_wconf 86' lang='lat' dir='ltr'><strong>archiepisc0pus</strong></span> <span class='ocrx_word' id='word_1_303' title='bbox 2027 3227 2170 3296; x_wconf 90' lang='lat' dir='ltr'><strong>ipsas</strong></span> 
     </span>
    </p>
   </div>
   <div class='ocr_carea' id='block_1_49' title="bbox 592 3320 2179 3407">
    <p class='ocr_par' dir='ltr' id='par_1_49' title="bbox 592 3320 2179 3407">
     <span class='ocr_line' id='line_1_49' title="bbox 592 3320 2179 3407; baseline -0.014 -14"><span class='ocrx_word' id='word_1_304' title='bbox 592 3351 682 3393; x_wconf 86' lang='lat' dir='ltr'><strong>res</strong></span> <span class='ocrx_word' id='word_1_305' title='bbox 710 3335 892 3407; x_wconf 91' lang='lat' dir='ltr'><strong>quieto</strong></span> <span class='ocrx_word' id='word_1_306' title='bbox 919 3331 1109 3388; x_wconf 85' lang='lat' dir='ltr'><strong>ordine</strong></span> <span class='ocrx_word' id='word_1_307' title='bbox 1143 3327 1211 3384; x_wconf 89' lang='lat' dir='ltr'><strong>ad</strong></span> <span class='ocrx_word' id='word_1_308' title='bbox 1241 3335 1416 3396; x_wconf 90' lang='lat' dir='ltr'><strong>partes</strong></span> <span class='ocrx_word' id='word_1_309' title='bbox 1447 3324 1558 3394; x_wconf 89' lang='lat' dir='ltr'><strong>iam</strong></span> <span class='ocrx_word' id='word_1_310' title='bbox 1595 3322 1723 3378; x_wconf 90' lang='lat' dir='ltr'><strong>dicti</strong></span> <span class='ocrx_word' id='word_1_311' title='bbox 1764 3320 2072 3375; x_wconf 89' lang='lat' dir='ltr'><strong>monasterii</strong></span> <span class='ocrx_word' id='word_1_312' title='bbox 2106 3327 2179 3372; x_wconf 77' lang='lat' dir='ltr'><strong>te-</strong></span> 
     </span>
    </p>
   </div>
   <div class='ocr_carea' id='block_1_50' title="bbox 581 3407 2176 3492">
    <p class='ocr_par' dir='ltr' id='par_1_50' title="bbox 581 3407 2176 3492">
     <span class='ocr_line' id='line_1_50' title="bbox 581 3407 2176 3492; baseline -0.013 -8"><span class='ocrx_word' id='word_1_313' title='bbox 581 3441 763 3484; x_wconf 75' lang='lat' dir='ltr'><strong>nere:</strong></span> <span class='ocrx_word' id='word_1_314' title='bbox 789 3424 885 3481; x_wconf 90' lang='lat' dir='ltr'><strong>sed</strong></span> <span class='ocrx_word' id='word_1_315' title='bbox 912 3437 1008 3492; x_wconf 92' lang='lat' dir='ltr'><strong>pro</strong></span> <span class='ocrx_word' id='word_1_316' title='bbox 1034 3421 1112 3477; x_wconf 88' lang='lat' dir='ltr'><strong>rei</strong></span> <span class='ocrx_word' id='word_1_317' title='bbox 1134 3421 1296 3475; x_wconf 89' lang='lat' dir='ltr'><strong>totius</strong></span> <span class='ocrx_word' id='word_1_318' title='bbox 1320 3416 1588 3480; x_wconf 83' lang='lat' dir='ltr'><strong>ﬁrmitate,</strong></span> <span class='ocrx_word' id='word_1_319' title='bbox 1620 3411 1771 3482; x_wconf 88' lang='lat' dir='ltr'><strong>petiit</strong></span> <span class='ocrx_word' id='word_1_320' title='bbox 1800 3425 1828 3464; x_wconf 88' lang='lat' dir='ltr'><strong>a</strong></span> <span class='ocrx_word' id='word_1_321' title='bbox 1861 3407 2176 3465; x_wconf 87' lang='lat' dir='ltr'><strong>celsitudine</strong></span> 
     </span>
    </p>
   </div>
   <div class='ocr_carea' id='block_1_51' title="bbox 579 3500 2178 3581">
    <p class='ocr_par' dir='ltr' id='par_1_51' title="bbox 579 3500 2178 3581">
     <span class='ocr_line' id='line_1_51' title="bbox 579 3500 2178 3581; baseline -0.012 -7"><span class='ocrx_word' id='word_1_322' title='bbox 579 3529 800 3581; x_wconf 83' lang='lat' dir='ltr'><strong>nostra,</strong></span> <span class='ocrx_word' id='word_1_323' title='bbox 840 3523 898 3569; x_wconf 91' lang='lat' dir='ltr'><strong>ut</strong></span> <span class='ocrx_word' id='word_1_324' title='bbox 937 3513 1039 3568; x_wconf 88' lang='lat' dir='ltr'><strong>hoc</strong></span> <span class='ocrx_word' id='word_1_325' title='bbox 1081 3525 1178 3566; x_wconf 87' lang='lat' dir='ltr'><strong>nos</strong></span> <span class='ocrx_word' id='word_1_326' title='bbox 1204 3509 1379 3564; x_wconf 89' lang='lat' dir='ltr'><strong>denuo</strong></span> <span class='ocrx_word' id='word_1_327' title='bbox 1405 3507 1458 3561; x_wconf 91' lang='lat' dir='ltr'><strong>in</strong></span> <span class='ocrx_word' id='word_1_328' title='bbox 1500 3500 1845 3572; x_wconf 45' lang='lat' dir='ltr'><strong>eleemo‘syna</strong></span> <span class='ocrx_word' id='word_1_329' title='bbox 1887 3510 2091 3563; x_wconf 91' lang='lat' dir='ltr'><strong>nostra,</strong></span> <span class='ocrx_word' id='word_1_330' title='bbox 2123 3509 2178 3556; x_wconf 86' lang='lat' dir='ltr'><strong>et</strong></span> 
     </span>
    </p>
   </div>
   <div class='ocr_carea' id='block_1_52' title="bbox 589 3591 2175 3680">
    <p class='ocr_par' dir='ltr' id='par_1_52' title="bbox 589 3591 2175 3680">
     <span class='ocr_line' id='line_1_52' title="bbox 589 3591 2175 3680; baseline -0.012 -19"><span class='ocrx_word' id='word_1_331' title='bbox 589 3608 701 3680; x_wconf 78' lang='lat' dir='ltr'><strong>iam</strong></span> <span class='ocrx_word' id='word_1_332' title='bbox 730 3606 854 3662; x_wconf 90' lang='lat' dir='ltr'><strong>dicti</strong></span> <span class='ocrx_word' id='word_1_333' title='bbox 883 3601 1120 3675; x_wconf 87' lang='lat' dir='ltr'><strong>germani</strong></span> <span class='ocrx_word' id='word_1_334' title='bbox 1165 3597 1333 3656; x_wconf 89' lang='lat' dir='ltr'><strong>nostri</strong></span> <span class='ocrx_word' id='word_1_335' title='bbox 1377 3611 1472 3666; x_wconf 90' lang='lat' dir='ltr'><strong>per</strong></span> <span class='ocrx_word' id='word_1_336' title='bbox 1517 3602 1752 3648; x_wconf 89' lang='lat' dir='ltr'><strong>nostram</strong></span> <span class='ocrx_word' id='word_1_337' title='bbox 1799 3591 2175 3644; x_wconf 89' lang='lat' dir='ltr'><strong>auctoritatem</strong></span> 
     </span>
    </p>
   </div>
   <div class='ocr_carea' id='block_1_53' title="bbox 581 3680 2178 3768">
    <p class='ocr_par' dir='ltr' id='par_1_53' title="bbox 581 3680 2178 3768">
     <span class='ocr_line' id='line_1_53' title="bbox 581 3680 2178 3768; baseline -0.011 -14"><span class='ocrx_word' id='word_1_338' title='bbox 581 3713 720 3768; x_wconf 86' lang='lat' dir='ltr'><strong>erga</strong></span> <span class='ocrx_word' id='word_1_339' title='bbox 753 3696 925 3765; x_wconf 89' lang='lat' dir='ltr'><strong>ipsum</strong></span> <span class='ocrx_word' id='word_1_340' title='bbox 971 3699 1214 3746; x_wconf 89' lang='lat' dir='ltr'><strong>sanctum</strong></span> <span class='ocrx_word' id='word_1_341' title='bbox 1251 3690 1427 3744; x_wconf 89' lang='lat' dir='ltr'><strong>locum</strong></span> <span class='ocrx_word' id='word_1_342' title='bbox 1465 3683 1759 3741; x_wconf 88' lang='lat' dir='ltr'><strong>concedere</strong></span> <span class='ocrx_word' id='word_1_343' title='bbox 1797 3689 1958 3751; x_wconf 88' lang='lat' dir='ltr'><strong>atque</strong></span> <span class='ocrx_word' id='word_1_344' title='bbox 1992 3680 2178 3738; x_wconf 78' lang='lat' dir='ltr'><strong>con-ﬁr-</strong></span> 
     </span>
    </p>
   </div>
   <div class='ocr_carea' id='block_1_54' title="bbox 581 3787 1107 3844">
    <p class='ocr_par' dir='ltr' id='par_1_54' title="bbox 581 3787 1107 3844">
     <span class='ocr_line' id='line_1_54' title="bbox 581 3787 1107 3844; baseline -0.013 1"><span class='ocrx_word' id='word_1_345' title='bbox 581 3803 746 3844; x_wconf 37' lang='lat' dir='ltr'><strong>a-mare</strong></span> <span class='ocrx_word' id='word_1_346' title='bbox 776 3787 1107 3843; x_wconf 88' lang='lat' dir='ltr'><strong>deberemus.</strong></span> 
     </span>
    </p>
   </div>
   <div class='ocr_carea' id='block_1_55' title="bbox 669 3866 2176 3948">
    <p class='ocr_par' dir='ltr' id='par_1_55' title="bbox 669 3866 2176 3948">
     <span class='ocr_line' id='line_1_55' title="bbox 669 3866 2176 3948; baseline -0.01 -14"><span class='ocrx_word' id='word_1_347' title='bbox 669 3879 833 3948; x_wconf 89' lang='lat' dir='ltr'><strong>Cuius</strong></span> <span class='ocrx_word' id='word_1_348' title='bbox 862 3875 1169 3948; x_wconf 86' lang='lat' dir='ltr'><strong>petitionem</strong></span> <span class='ocrx_word' id='word_1_349' title='bbox 1201 3886 1300 3943; x_wconf 91' lang='lat' dir='ltr'><strong>pro</strong></span> <span class='ocrx_word' id='word_1_350' title='bbox 1348 3869 1532 3926; x_wconf 87' lang='lat' dir='ltr'><strong>divino</strong></span> <span class='ocrx_word' id='word_1_351' title='bbox 1560 3867 1753 3923; x_wconf 88' lang='lat' dir='ltr'><strong>intuitu</strong></span> <span class='ocrx_word' id='word_1_352' title='bbox 1793 3875 1849 3922; x_wconf 78' lang='lat' dir='ltr'><strong>et</strong></span> <span class='ocrx_word' id='word_1_353' title='bbox 1877 3866 2176 3922; x_wconf 81' lang='lat' dir='ltr'><strong>reverentia</strong></span> 
     </span>
    </p>
   </div>
   <div class='ocr_carea' id='block_1_56' title="bbox 589 3958 2177 4043">
    <p class='ocr_par' dir='ltr' id='par_1_56' title="bbox 589 3958 2177 4043">
     <span class='ocr_line' id='line_1_56' title="bbox 589 3958 2177 4043; baseline -0.01 -15"><span class='ocrx_word' id='word_1_354' title='bbox 589 3973 766 4043; x_wconf 79' lang='lat' dir='ltr'><strong>ipsius</strong></span> <span class='ocrx_word' id='word_1_355' title='bbox 793 3968 965 4024; x_wconf 85' lang='lat' dir='ltr'><strong>sancti</strong></span> <span class='ocrx_word' id='word_1_356' title='bbox 999 3966 1102 4022; x_wconf 81' lang='lat' dir='ltr'><strong>loci</strong></span> <span class='ocrx_word' id='word_1_357' title='bbox 1143 3965 1390 4018; x_wconf 90' lang='lat' dir='ltr'><strong>nolumus</strong></span> <span class='ocrx_word' id='word_1_358' title='bbox 1418 3962 1702 4030; x_wconf 84' lang='lat' dir='ltr'><strong>denegare,</strong></span> <span class='ocrx_word' id='word_1_359' title='bbox 1726 3960 1818 4014; x_wconf 90' lang='lat' dir='ltr'><strong>sed</strong></span> <span class='ocrx_word' id='word_1_360' title='bbox 1850 3958 1901 4013; x_wconf 89' lang='lat' dir='ltr'><strong>in</strong></span> <span class='ocrx_word' id='word_1_361' title='bbox 1931 3958 2177 4013; x_wconf 85' lang='lat' dir='ltr'><strong>omnibus</strong></span> 
     </span>
    </p>
   </div>
   <div class='ocr_carea' id='block_1_57' title="bbox 597 4050 2178 4133">
    <p class='ocr_par' dir='ltr' id='par_1_57' title="bbox 597 4050 2178 4133">
     <span class='ocr_line' id='line_1_57' title="bbox 597 4050 2178 4133; baseline -0.009 -15"><span class='ocrx_word' id='word_1_362' title='bbox 597 4078 696 4133; x_wconf 90' lang='lat' dir='ltr'><strong>pro</strong></span> <span class='ocrx_word' id='word_1_363' title='bbox 745 4059 1007 4116; x_wconf 88' lang='lat' dir='ltr'><strong>mercedis</strong></span> <span class='ocrx_word' id='word_1_364' title='bbox 1060 4065 1259 4112; x_wconf 64' lang='lat' dir='ltr'><strong>nostrae</strong></span> <span class='ocrx_word' id='word_1_365' title='bbox 1307 4062 1620 4124; x_wconf 88' lang='lat' dir='ltr'><strong>augmento,</strong></span> <span class='ocrx_word' id='word_1_366' title='bbox 1689 4051 1788 4106; x_wconf 93' lang='lat' dir='ltr'><strong>hoc</strong></span> <span class='ocrx_word' id='word_1_367' title='bbox 1848 4050 2178 4105; x_wconf 87' lang='lat' dir='ltr'><strong>concessisse</strong></span> 
     </span>
    </p>
   </div>
   <div class='ocr_carea' id='block_1_58' title="bbox 597 4143 2179 4220">
    <p class='ocr_par' dir='ltr' id='par_1_58' title="bbox 597 4143 2179 4220">
     <span class='ocr_line' id='line_1_58' title="bbox 597 4143 2179 4220; baseline -0.009 -13"><span class='ocrx_word' id='word_1_368' title='bbox 597 4162 760 4220; x_wconf 88' lang='lat' dir='ltr'><strong>atque</strong></span> <span class='ocrx_word' id='word_1_369' title='bbox 800 4148 1147 4204; x_wconf 87' lang='lat' dir='ltr'><strong>conﬁrmasse</strong></span> <span class='ocrx_word' id='word_1_370' title='bbox 1182 4144 1507 4214; x_wconf 87' lang='lat' dir='ltr'><strong>cognoscite.</strong></span> <span class='ocrx_word' id='word_1_371' title='bbox 1550 4143 1888 4211; x_wconf 86' lang='lat' dir='ltr'><strong>Quapropter</strong></span> <span class='ocrx_word' id='word_1_372' title='bbox 1919 4155 2012 4210; x_wconf 91' lang='lat' dir='ltr'><strong>per</strong></span> <span class='ocrx_word' id='word_1_373' title='bbox 2051 4156 2179 4209; x_wconf 73' lang='lat' dir='ltr'><strong>prte-</strong></span> 
     </span>
    </p>
   </div>
   <div class='ocr_carea' id='block_1_59' title="bbox 597 4231 2180 4304">
    <p class='ocr_par' dir='ltr' id='par_1_59' title="bbox 597 4231 2180 4304">
     <span class='ocr_line' id='line_1_59' title="bbox 597 4231 2180 4304; baseline -0.008 -8"><span class='ocrx_word' id='word_1_374' title='bbox 597 4256 723 4298; x_wconf 86' lang='lat' dir='ltr'><strong>sens</strong></span> <span class='ocrx_word' id='word_1_375' title='bbox 746 4239 1102 4303; x_wconf 83' lang='lat' dir='ltr'><strong>decrevimus,</strong></span> <span class='ocrx_word' id='word_1_376' title='bbox 1135 4244 1294 4304; x_wconf 87' lang='lat' dir='ltr'><strong>atque</strong></span> <span class='ocrx_word' id='word_1_377' title='bbox 1321 4235 1566 4303; x_wconf 90' lang='lat' dir='ltr'><strong>iubemus</strong></span> <span class='ocrx_word' id='word_1_378' title='bbox 1598 4242 1942 4301; x_wconf 65' lang='lat' dir='ltr'><strong>pratceptum,</strong></span> <span class='ocrx_word' id='word_1_379' title='bbox 1978 4239 2036 4284; x_wconf 91' lang='lat' dir='ltr'><strong>ut</strong></span> <span class='ocrx_word' id='word_1_380' title='bbox 2069 4231 2180 4284; x_wconf 89' lang='lat' dir='ltr'><strong>nul-</strong></span> 
     </span>
    </p>
   </div>
   <div class='ocr_carea' id='block_1_60' title="bbox 597 4322 2177 4410">
    <p class='ocr_par' dir='ltr' id='par_1_60' title="bbox 597 4322 2177 4410">
     <span class='ocr_line' id='line_1_60' title="bbox 597 4322 2177 4410; baseline -0.006 -24"><span class='ocrx_word' id='word_1_381' title='bbox 597 4330 684 4388; x_wconf 82' lang='lat' dir='ltr'><strong>lus</strong></span> <span class='ocrx_word' id='word_1_382' title='bbox 713 4331 965 4401; x_wconf 87' lang='lat' dir='ltr'><strong>quislibet</strong></span> <span class='ocrx_word' id='word_1_383' title='bbox 992 4329 1061 4385; x_wconf 90' lang='lat' dir='ltr'><strong>de</strong></span> <span class='ocrx_word' id='word_1_384' title='bbox 1091 4328 1333 4382; x_wconf 87' lang='lat' dir='ltr'><strong>ﬁdelibus</strong></span> <span class='ocrx_word' id='word_1_385' title='bbox 1362 4325 1582 4410; x_wconf 67' lang='lat' dir='ltr'><strong>nostris,</strong></span> <span class='ocrx_word' id='word_1_386' title='bbox 1605 4339 1781 4392; x_wconf 83' lang='lat' dir='ltr'><strong>neque</strong></span> <span class='ocrx_word' id='word_1_387' title='bbox 1807 4340 1870 4379; x_wconf 88' lang='lat' dir='ltr'><strong>ex</strong></span> <span class='ocrx_word' id='word_1_388' title='bbox 1898 4322 2177 4393; x_wconf 90' lang='lat' dir='ltr'><strong>iudiciaria</strong></span> 
     </span>
    </p>
   </div>
   <div class='ocr_carea' id='block_1_61' title="bbox 597 4414 2176 4488">
    <p class='ocr_par' dir='ltr' id='par_1_61' title="bbox 597 4414 2176 4488">
     <span class='ocr_line' id='line_1_61' title="bbox 597 4414 2176 4488; baseline -0.005 -14"><span class='ocrx_word' id='word_1_389' title='bbox 597 4429 864 4488; x_wconf 82' lang='lat' dir='ltr'><strong>potestate</strong></span> <span class='ocrx_word' id='word_1_390' title='bbox 889 4420 998 4473; x_wconf 94' lang='lat' dir='ltr'><strong>ullo</strong></span> <span class='ocrx_word' id='word_1_391' title='bbox 1026 4432 1256 4485; x_wconf 91' lang='lat' dir='ltr'><strong>unquam</strong></span> <span class='ocrx_word' id='word_1_392' title='bbox 1291 4426 1529 4484; x_wconf 90' lang='lat' dir='ltr'><strong>tempore</strong></span> <span class='ocrx_word' id='word_1_393' title='bbox 1558 4424 1680 4469; x_wconf 88' lang='lat' dir='ltr'><strong>ante</strong></span> <span class='ocrx_word' id='word_1_394' title='bbox 1707 4425 2002 4469; x_wconf 89' lang='lat' dir='ltr'><strong>memorato</strong></span> <span class='ocrx_word' id='word_1_395' title='bbox 2043 4414 2176 4468; x_wconf 88' lang='lat' dir='ltr'><strong>Ber-</strong></span> 
     </span>
    </p>
   </div>
   <div class='ocr_carea' id='block_1_62' title="bbox 2264 1875 3821 1952">
    <p class='ocr_par' dir='ltr' id='par_1_62' title="bbox 2264 1875 3821 1952">
     <span class='ocr_line' id='line_1_62' title="bbox 2264 1875 3821 1952; baseline -0.008 -13"><span class='ocrx_word' id='word_1_396' title='bbox 2264 1892 2442 1949; x_wconf 88' lang='lat' dir='ltr'><strong>natur,</strong></span> <span class='ocrx_word' id='word_1_397' title='bbox 2484 1890 2695 1952; x_wconf 90' lang='lat' dir='ltr'><strong>oportet</strong></span> <span class='ocrx_word' id='word_1_398' title='bbox 2725 1890 2940 1950; x_wconf 91' lang='lat' dir='ltr'><strong>propter</strong></span> <span class='ocrx_word' id='word_1_399' title='bbox 2967 1880 3260 1933; x_wconf 86' lang='lat' dir='ltr'><strong>futurorum</strong></span> <span class='ocrx_word' id='word_1_400' title='bbox 3293 1875 3580 1931; x_wconf 80' lang='lat' dir='ltr'><strong>hominum</strong></span> <span class='ocrx_word' id='word_1_401' title='bbox 3617 1877 3821 1929; x_wconf 76' lang='lat' dir='ltr'><strong>notitiam</strong></span> 
     </span>
    </p>
   </div>
   <div class='ocr_carea' id='block_1_63' title="bbox 2266 1971 3821 2045">
    <p class='ocr_par' dir='ltr' id='par_1_63' title="bbox 2266 1971 3821 2045">
     <span class='ocr_line' id='line_1_63' title="bbox 2266 1971 3821 2045; baseline -0.006 -17"><span class='ocrx_word' id='word_1_402' title='bbox 2266 1991 2360 2045; x_wconf 90' lang='lat' dir='ltr'><strong>per</strong></span> <span class='ocrx_word' id='word_1_403' title='bbox 2387 1976 2775 2044; x_wconf 86' lang='lat' dir='ltr'><strong>scripturarum</strong></span> <span class='ocrx_word' id='word_1_404' title='bbox 2804 1972 2997 2028; x_wconf 89' lang='lat' dir='ltr'><strong>seriem</strong></span> <span class='ocrx_word' id='word_1_405' title='bbox 3031 1971 3306 2035; x_wconf 86' lang='lat' dir='ltr'><strong>roborare,</strong></span> <span class='ocrx_word' id='word_1_406' title='bbox 3340 1979 3397 2023; x_wconf 89' lang='lat' dir='ltr'><strong>ut</strong></span> <span class='ocrx_word' id='word_1_407' title='bbox 3431 1971 3487 2023; x_wconf 90' lang='lat' dir='ltr'><strong>in</strong></span> <span class='ocrx_word' id='word_1_408' title='bbox 3522 1971 3821 2038; x_wconf 83' lang='lat' dir='ltr'><strong>postmodum</strong></span> 
     </span>
    </p>
   </div>
   <div class='ocr_carea' id='block_1_64' title="bbox 2263 2057 3821 2134">
    <p class='ocr_par' dir='ltr' id='par_1_64' title="bbox 2263 2057 3821 2134">
     <span class='ocr_line' id='line_1_64' title="bbox 2263 2057 3821 2134; baseline -0.006 -16"><span class='ocrx_word' id='word_1_409' title='bbox 2263 2065 2382 2134; x_wconf 90' lang='lat' dir='ltr'><strong>iure</strong></span> <span class='ocrx_word' id='word_1_410' title='bbox 2411 2064 2716 2118; x_wconf 88' lang='lat' dir='ltr'><strong>ﬁrmissimo</strong></span> <span class='ocrx_word' id='word_1_411' title='bbox 2745 2070 2956 2116; x_wconf 87' lang='lat' dir='ltr'><strong>maneat</strong></span> <span class='ocrx_word' id='word_1_412' title='bbox 2987 2059 3379 2116; x_wconf 89' lang='lat' dir='ltr'><strong>inconvulsum.</strong></span> <span class='ocrx_word' id='word_1_413' title='bbox 3411 2057 3651 2126; x_wconf 74' lang='lat' dir='ltr'><strong>Ideoque</strong></span> <span class='ocrx_word' id='word_1_414' title='bbox 3675 2070 3821 2112; x_wconf 66' lang='lat' dir='ltr'><strong>notua</strong></span> 
     </span>
    </p>
   </div>
   <div class='ocr_carea' id='block_1_65' title="bbox 2266 2135 3820 2221">
    <p class='ocr_par' dir='ltr' id='par_1_65' title="bbox 2266 2135 3820 2221">
     <span class='ocr_line' id='line_1_65' title="bbox 2266 2135 3820 2221; baseline -0.006 -9"><span class='ocrx_word' id='word_1_415' title='bbox 2266 2158 2338 2212; x_wconf 89' lang='lat' dir='ltr'><strong>sit</strong></span> <span class='ocrx_word' id='word_1_416' title='bbox 2375 2158 2609 2212; x_wconf 91' lang='lat' dir='ltr'><strong>omnium</strong></span> <span class='ocrx_word' id='word_1_417' title='bbox 2653 2155 2887 2210; x_wconf 89' lang='lat' dir='ltr'><strong>ﬁdelium</strong></span> <span class='ocrx_word' id='word_1_418' title='bbox 2935 2163 3235 2209; x_wconf 89' lang='lat' dir='ltr'><strong>nostrorum</strong></span> <span class='ocrx_word' id='word_1_419' title='bbox 3283 2151 3667 2221; x_wconf 85' lang='lat' dir='ltr'><strong>magnitudini,</strong></span> <span class='ocrx_word' id='word_1_420' title='bbox 3707 2135 3820 2220; x_wconf 53' lang='lat' dir='ltr'><strong>pri;</strong></span> 
     </span>
    </p>
   </div>
   <div class='ocr_carea' id='block_1_66' title="bbox 2268 2240 3820 2311">
    <p class='ocr_par' dir='ltr' id='par_1_66' title="bbox 2268 2240 3820 2311">
     <span class='ocr_line' id='line_1_66' title="bbox 2268 2240 3820 2311; baseline -0.006 -9"><span class='ocrx_word' id='word_1_421' title='bbox 2268 2248 2498 2302; x_wconf 90' lang='lat' dir='ltr'><strong>sentium</strong></span> <span class='ocrx_word' id='word_1_422' title='bbox 2530 2245 2738 2300; x_wconf 89' lang='lat' dir='ltr'><strong>scilicet</strong></span> <span class='ocrx_word' id='word_1_423' title='bbox 2760 2254 2815 2300; x_wconf 91' lang='lat' dir='ltr'><strong>et</strong></span> <span class='ocrx_word' id='word_1_424' title='bbox 2840 2250 3158 2307; x_wconf 89' lang='lat' dir='ltr'><strong>Inturorum,</strong></span> <span class='ocrx_word' id='word_1_425' title='bbox 3181 2240 3414 2311; x_wconf 89' lang='lat' dir='ltr'><strong>qualiter</strong></span> <span class='ocrx_word' id='word_1_426' title='bbox 3435 2241 3686 2296; x_wconf 78' lang='lat' dir='ltr'><strong>Asoarius</strong></span> <span class='ocrx_word' id='word_1_427' title='bbox 3711 2242 3820 2293; x_wconf 81' lang='lat' dir='ltr'><strong>abba</strong></span> 
     </span>
    </p>
   </div>
   <div class='ocr_carea' id='block_1_67' title="bbox 2268 2334 3819 2404">
    <p class='ocr_par' dir='ltr' id='par_1_67' title="bbox 2268 2334 3819 2404">
     <span class='ocr_line' id='line_1_67' title="bbox 2268 2334 3819 2404; baseline -0.004 -10"><span class='ocrx_word' id='word_1_428' title='bbox 2268 2355 2332 2394; x_wconf 78' lang='lat' dir='ltr'><strong>ex</strong></span> <span class='ocrx_word' id='word_1_429' title='bbox 2365 2338 2688 2394; x_wconf 85' lang='lat' dir='ltr'><strong>monasterio</strong></span> <span class='ocrx_word' id='word_1_430' title='bbox 2714 2337 2886 2393; x_wconf 89' lang='lat' dir='ltr'><strong>sancti</strong></span> <span class='ocrx_word' id='word_1_431' title='bbox 2917 2336 3230 2398; x_wconf 85' lang='lat' dir='ltr'><strong>Salvatoris,</strong></span> <span class='ocrx_word' id='word_1_432' title='bbox 3254 2334 3394 2404; x_wconf 89' lang='lat' dir='ltr'><strong>quod</strong></span> <span class='ocrx_word' id='word_1_433' title='bbox 3421 2335 3648 2389; x_wconf 86' lang='lat' dir='ltr'><strong>domnus</strong></span> <span class='ocrx_word' id='word_1_434' title='bbox 3672 2347 3721 2388; x_wconf 88' lang='lat' dir='ltr'><strong>et</strong></span> <span class='ocrx_word' id='word_1_435' title='bbox 3743 2347 3819 2402; x_wconf 76' lang='lat' dir='ltr'><strong>ge-</strong></span> 
     </span>
    </p>
   </div>
   <div class='ocr_carea' id='block_1_68' title="bbox 2270 2425 3818 2495">
    <p class='ocr_par' dir='ltr' id='par_1_68' title="bbox 2270 2425 3818 2495">
     <span class='ocr_line' id='line_1_68' title="bbox 2270 2425 3818 2495; baseline -0.006 -9"><span class='ocrx_word' id='word_1_436' title='bbox 2270 2432 2412 2486; x_wconf 89' lang='lat' dir='ltr'><strong>nitor</strong></span> <span class='ocrx_word' id='word_1_437' title='bbox 2463 2439 2648 2486; x_wconf 90' lang='lat' dir='ltr'><strong>noster</strong></span> <span class='ocrx_word' id='word_1_438' title='bbox 2693 2436 2881 2484; x_wconf 84' lang='lat' dir='ltr'><strong>sancta</strong></span> <span class='ocrx_word' id='word_1_439' title='bbox 2931 2426 3234 2484; x_wconf 87' lang='lat' dir='ltr'><strong>recordatio</strong></span> <span class='ocrx_word' id='word_1_440' title='bbox 3283 2427 3533 2495; x_wconf 89' lang='lat' dir='ltr'><strong>Pippinus</strong></span> <span class='ocrx_word' id='word_1_441' title='bbox 3579 2425 3818 2495; x_wconf 76' lang='lat' dir='ltr'><strong>quondam</strong></span> 
     </span>
    </p>
   </div>
   <div class='ocr_carea' id='block_1_69' title="bbox 2269 2515 3815 2592">
    <p class='ocr_par' dir='ltr' id='par_1_69' title="bbox 2269 2515 3815 2592">
     <span class='ocr_line' id='line_1_69' title="bbox 2269 2515 3815 2592; baseline -0.006 -15"><span class='ocrx_word' id='word_1_442' title='bbox 2269 2520 2683 2592; x_wconf 84' lang='lat' dir='ltr'><strong>gloriosissimus</strong></span> <span class='ocrx_word' id='word_1_443' title='bbox 2709 2535 2832 2588; x_wconf 82' lang='lat' dir='ltr'><strong>rex,</strong></span> <span class='ocrx_word' id='word_1_444' title='bbox 2858 2535 2920 2574; x_wconf 91' lang='lat' dir='ltr'><strong>ac</strong></span> <span class='ocrx_word' id='word_1_445' title='bbox 2942 2518 3138 2574; x_wconf 90' lang='lat' dir='ltr'><strong>domna</strong></span> <span class='ocrx_word' id='word_1_446' title='bbox 3168 2526 3224 2574; x_wconf 93' lang='lat' dir='ltr'><strong>et</strong></span> <span class='ocrx_word' id='word_1_447' title='bbox 3245 2518 3469 2588; x_wconf 80' lang='lat' dir='ltr'><strong>genitrix</strong></span> <span class='ocrx_word' id='word_1_448' title='bbox 3495 2529 3665 2572; x_wconf 84' lang='lat' dir='ltr'><strong>nostra</strong></span> <span class='ocrx_word' id='word_1_449' title='bbox 3690 2515 3815 2570; x_wconf 83' lang='lat' dir='ltr'><strong>bona</strong></span> 
     </span>
    </p>
   </div>
   <div class='ocr_carea' id='block_1_70' title="bbox 2272 2605 3807 2680">
    <p class='ocr_par' dir='ltr' id='par_1_70' title="bbox 2272 2605 3807 2680">
     <span class='ocr_line' id='line_1_70' title="bbox 2272 2605 3807 2680; baseline -0.008 -12"><span class='ocrx_word' id='word_1_450' title='bbox 2272 2614 2526 2668; x_wconf 89' lang='lat' dir='ltr'><strong>memoria</strong></span> <span class='ocrx_word' id='word_1_451' title='bbox 2558 2611 2814 2667; x_wconf 89' lang='lat' dir='ltr'><strong>Bertrada</strong></span> <span class='ocrx_word' id='word_1_452' title='bbox 2861 2610 3043 2680; x_wconf 84' lang='lat' dir='ltr'><strong>regina</strong></span> <span class='ocrx_word' id='word_1_453' title='bbox 3063 2651 3078 2673; x_wconf 93' lang='lat'><strong>,</strong></span> <span class='ocrx_word' id='word_1_454' title='bbox 3125 2609 3181 2663; x_wconf 90' lang='lat' dir='ltr'><strong>in</strong></span> <span class='ocrx_word' id='word_1_455' title='bbox 3223 2609 3333 2664; x_wconf 88' lang='lat' dir='ltr'><strong>loco</strong></span> <span class='ocrx_word' id='word_1_456' title='bbox 3358 2606 3441 2676; x_wconf 83' lang='lat' dir='ltr'><strong>qui</strong></span> <span class='ocrx_word' id='word_1_457' title='bbox 3465 2607 3653 2660; x_wconf 85' lang='lat' dir='ltr'><strong>dicitur</strong></span> <span class='ocrx_word' id='word_1_458' title='bbox 3685 2605 3807 2659; x_wconf 85' lang='lat' dir='ltr'><strong>Pru-</strong></span> 
     </span>
    </p>
   </div>
   <div class='ocr_carea' id='block_1_71' title="bbox 2269 2699 3806 2773">
    <p class='ocr_par' dir='ltr' id='par_1_71' title="bbox 2269 2699 3806 2773">
     <span class='ocr_line' id='line_1_71' title="bbox 2269 2699 3806 2773; baseline -0.006 -12"><span class='ocrx_word' id='word_1_459' title='bbox 2269 2709 2396 2771; x_wconf 85' lang='lat' dir='ltr'><strong>mia,</strong></span> <span class='ocrx_word' id='word_1_460' title='bbox 2442 2719 2582 2760; x_wconf 91' lang='lat' dir='ltr'><strong>novo</strong></span> <span class='ocrx_word' id='word_1_461' title='bbox 2629 2718 2794 2773; x_wconf 88' lang='lat' dir='ltr'><strong>opere</strong></span> <span class='ocrx_word' id='word_1_462' title='bbox 2839 2703 3271 2767; x_wconf 77' lang='lat' dir='ltr'><strong>construxerunt,</strong></span> <span class='ocrx_word' id='word_1_463' title='bbox 3307 2699 3575 2756; x_wconf 83' lang='lat' dir='ltr'><strong>Serenitati</strong></span> <span class='ocrx_word' id='word_1_464' title='bbox 3618 2706 3806 2753; x_wconf 66' lang='lat' dir='ltr'><strong>nostra</strong></span> 
     </span>
    </p>
   </div>
   <div class='ocr_carea' id='block_1_72' title="bbox 2271 2793 3814 2868">
    <p class='ocr_par' dir='ltr' id='par_1_72' title="bbox 2271 2793 3814 2868">
     <span class='ocr_line' id='line_1_72' title="bbox 2271 2793 3814 2868; baseline -0.005 -14"><span class='ocrx_word' id='word_1_465' title='bbox 2271 2799 2541 2854; x_wconf 90' lang='lat' dir='ltr'><strong>multoties</strong></span> <span class='ocrx_word' id='word_1_466' title='bbox 2566 2799 2881 2868; x_wconf 89' lang='lat' dir='ltr'><strong>deprecatus</strong></span> <span class='ocrx_word' id='word_1_467' title='bbox 2903 2807 3010 2863; x_wconf 91' lang='lat' dir='ltr'><strong>est,</strong></span> <span class='ocrx_word' id='word_1_468' title='bbox 3034 2813 3132 2868; x_wconf 91' lang='lat' dir='ltr'><strong>pro</strong></span> <span class='ocrx_word' id='word_1_469' title='bbox 3157 2797 3411 2865; x_wconf 85' lang='lat' dir='ltr'><strong>aliquibus</strong></span> <span class='ocrx_word' id='word_1_470' title='bbox 3435 2796 3597 2850; x_wconf 82' lang='lat' dir='ltr'><strong>rebus</strong></span> <span class='ocrx_word' id='word_1_471' title='bbox 3619 2796 3742 2848; x_wconf 81' lang='lat' dir='ltr'><strong>sitas</strong></span> <span class='ocrx_word' id='word_1_472' title='bbox 3767 2793 3814 2847; x_wconf 90' lang='lat' dir='ltr'><strong>in</strong></span> 
     </span>
    </p>
   </div>
   <div class='ocr_carea' id='block_1_73' title="bbox 2272 2884 3810 2959">
    <p class='ocr_par' dir='ltr' id='par_1_73' title="bbox 2272 2884 3810 2959">
     <span class='ocr_line' id='line_1_73' title="bbox 2272 2884 3810 2959; baseline -0.005 -13"><span class='ocrx_word' id='word_1_473' title='bbox 2272 2891 2578 2956; x_wconf 81' lang='lat' dir='ltr'><strong>Andecavo,</strong></span> <span class='ocrx_word' id='word_1_474' title='bbox 2623 2889 2778 2945; x_wconf 89' lang='lat' dir='ltr'><strong>villas</strong></span> <span class='ocrx_word' id='word_1_475' title='bbox 2825 2900 3156 2959; x_wconf 89' lang='lat' dir='ltr'><strong>nuncupatas</strong></span> <span class='ocrx_word' id='word_1_476' title='bbox 3206 2889 3462 2944; x_wconf 85' lang='lat' dir='ltr'><strong>Lauriaco</strong></span> <span class='ocrx_word' id='word_1_477' title='bbox 3499 2897 3564 2942; x_wconf 78' lang='lat' dir='ltr'><strong>et</strong></span> <span class='ocrx_word' id='word_1_478' title='bbox 3607 2884 3810 2949; x_wconf 84' lang='lat' dir='ltr'><strong>Catiaco,</strong></span> 
     </span>
    </p>
   </div>
   <div class='ocr_carea' id='block_1_74' title="bbox 2271 2976 3807 3050">
    <p class='ocr_par' dir='ltr' id='par_1_74' title="bbox 2271 2976 3807 3050">
     <span class='ocr_line' id='line_1_74' title="bbox 2271 2976 3807 3050; baseline -0.006 -14"><span class='ocrx_word' id='word_1_479' title='bbox 2271 2983 2601 3044; x_wconf 89' lang='lat' dir='ltr'><strong>adserentes,</strong></span> <span class='ocrx_word' id='word_1_480' title='bbox 2625 2980 2767 3050; x_wconf 82' lang='lat' dir='ltr'><strong>quod</strong></span> <span class='ocrx_word' id='word_1_481' title='bbox 2795 2980 2861 3035; x_wconf 92' lang='lat' dir='ltr'><strong>de</strong></span> <span class='ocrx_word' id='word_1_482' title='bbox 2890 2989 3042 3049; x_wconf 91' lang='lat' dir='ltr'><strong>parte</strong></span> <span class='ocrx_word' id='word_1_483' title='bbox 3070 2978 3346 3049; x_wconf 87' lang='lat' dir='ltr'><strong>genitricis</strong></span> <span class='ocrx_word' id='word_1_484' title='bbox 3375 2992 3489 3032; x_wconf 66' lang='lat' dir='ltr'><strong>suae</strong></span> <span class='ocrx_word' id='word_1_485' title='bbox 3513 2976 3807 3037; x_wconf 69' lang='lat' dir='ltr'><strong>Wilharanz,</strong></span> 
     </span>
    </p>
   </div>
   <div class='ocr_carea' id='block_1_75' title="bbox 2275 3067 3803 3139">
    <p class='ocr_par' dir='ltr' id='par_1_75' title="bbox 2275 3067 3803 3139">
     <span class='ocr_line' id='line_1_75' title="bbox 2275 3067 3803 3139; baseline -0.005 -13"><span class='ocrx_word' id='word_1_486' title='bbox 2275 3079 2330 3127; x_wconf 90' lang='lat' dir='ltr'><strong>et</strong></span> <span class='ocrx_word' id='word_1_487' title='bbox 2351 3085 2465 3126; x_wconf 75' lang='lat' dir='ltr'><strong>ava:</strong></span> <span class='ocrx_word' id='word_1_488' title='bbox 2493 3087 2604 3126; x_wconf 67' lang='lat' dir='ltr'><strong>suae</strong></span> <span class='ocrx_word' id='word_1_489' title='bbox 2624 3069 2898 3126; x_wconf 73' lang='lat' dir='ltr'><strong>Teodildze</strong></span> <span class='ocrx_word' id='word_1_490' title='bbox 2918 3070 2966 3125; x_wconf 91' lang='lat' dir='ltr'><strong>ei</strong></span> <span class='ocrx_word' id='word_1_491' title='bbox 2999 3069 3203 3139; x_wconf 87' lang='lat' dir='ltr'><strong>legibus</strong></span> <span class='ocrx_word' id='word_1_492' title='bbox 3232 3067 3509 3137; x_wconf 86' lang='lat' dir='ltr'><strong>pertinere</strong></span> <span class='ocrx_word' id='word_1_493' title='bbox 3530 3067 3803 3128; x_wconf 81' lang='lat' dir='ltr'><strong>debuissent,</strong></span> 
     </span>
    </p>
   </div>
   <div class='ocr_carea' id='block_1_76' title="bbox 2196 3159 3800 3239">
    <p class='ocr_par' dir='ltr' id='par_1_76' title="bbox 2196 3159 3800 3239">
     <span class='ocr_line' id='line_1_76' title="bbox 2196 3159 3800 3239; baseline -0.004 -22"><span class='ocrx_word' id='word_1_494' title='bbox 2196 3179 2243 3239; x_wconf 71' lang='grc' dir='ltr'>ο</span> <span class='ocrx_word' id='word_1_495' title='bbox 2271 3171 2326 3217; x_wconf 89' lang='lat' dir='ltr'><strong>et</strong></span> <span class='ocrx_word' id='word_1_496' title='bbox 2350 3177 2380 3216; x_wconf 92' lang='lat' dir='ltr'><strong>a</strong></span> <span class='ocrx_word' id='word_1_497' title='bbox 2411 3161 2688 3216; x_wconf 86' lang='lat' dir='ltr'><strong>retroactis</strong></span> <span class='ocrx_word' id='word_1_498' title='bbox 2718 3161 3045 3230; x_wconf 90' lang='lat' dir='ltr'><strong>temporibus</strong></span> <span class='ocrx_word' id='word_1_499' title='bbox 3081 3175 3202 3215; x_wconf 92' lang='lat' dir='ltr'><strong>cum</strong></span> <span class='ocrx_word' id='word_1_500' title='bbox 3231 3159 3352 3215; x_wconf 83' lang='lat' dir='ltr'><strong>aliis</strong></span> <span class='ocrx_word' id='word_1_501' title='bbox 3381 3159 3578 3226; x_wconf 81' lang='lat' dir='ltr'><strong>rebus,</strong></span> <span class='ocrx_word' id='word_1_502' title='bbox 3606 3175 3701 3228; x_wconf 74' lang='lat' dir='ltr'><strong>qua:</strong></span> <span class='ocrx_word' id='word_1_503' title='bbox 3721 3172 3800 3224; x_wconf 78' lang='lat' dir='ltr'><strong>pm-</strong></span> 
     </span>
    </p>
   </div>
   <div class='ocr_carea' id='block_1_77' title="bbox 2277 3251 3790 3326">
    <p class='ocr_par' dir='ltr' id='par_1_77' title="bbox 2277 3251 3790 3326">
     <span class='ocr_line' id='line_1_77' title="bbox 2277 3251 3790 3326; baseline -0.004 -16"><span class='ocrx_word' id='word_1_504' title='bbox 2277 3263 2396 3326; x_wconf 85' lang='lat' dir='ltr'><strong>pter</strong></span> <span class='ocrx_word' id='word_1_505' title='bbox 2425 3254 2798 3311; x_wconf 90' lang='lat' dir='ltr'><strong>inﬁdelitatem</strong></span> <span class='ocrx_word' id='word_1_506' title='bbox 2829 3255 3132 3324; x_wconf 89' lang='lat' dir='ltr'><strong>aliquorum</strong></span> <span class='ocrx_word' id='word_1_507' title='bbox 3165 3251 3442 3307; x_wconf 86' lang='lat' dir='ltr'><strong>hominum</strong></span> <span class='ocrx_word' id='word_1_508' title='bbox 3485 3262 3790 3322; x_wconf 66' lang='lat' dir='ltr'><strong>parentumque</strong></span> 
     </span>
    </p>
   </div>
   <div class='ocr_carea' id='block_1_78' title="bbox 2272 3341 3771 3411">
    <p class='ocr_par' dir='ltr' id='par_1_78' title="bbox 2272 3341 3771 3411">
     <span class='ocr_line' id='line_1_78' title="bbox 2272 3341 3771 3411; baseline -0.009 -7"><span class='ocrx_word' id='word_1_509' title='bbox 2272 3362 2487 3404; x_wconf 84' lang='lat' dir='ltr'><strong>suorum</strong></span> <span class='ocrx_word' id='word_1_510' title='bbox 2519 3346 2571 3401; x_wconf 92' lang='lat' dir='ltr'><strong>in</strong></span> <span class='ocrx_word' id='word_1_511' title='bbox 2599 3346 2728 3402; x_wconf 89' lang='lat' dir='ltr'><strong>ﬁsco</strong></span> <span class='ocrx_word' id='word_1_512' title='bbox 2773 3346 3004 3401; x_wconf 68' lang='lat' dir='ltr'><strong>redacta:</strong></span> <span class='ocrx_word' id='word_1_513' title='bbox 3031 3347 3258 3411; x_wconf 87' lang='lat' dir='ltr'><strong>fuerant,</strong></span> <span class='ocrx_word' id='word_1_514' title='bbox 3291 3343 3439 3398; x_wconf 85' lang='lat' dir='ltr'><strong>malo</strong></span> <span class='ocrx_word' id='word_1_515' title='bbox 3471 3344 3650 3400; x_wconf 77' lang='lat' dir='ltr'><strong>ordine</strong></span> <span class='ocrx_word' id='word_1_516' title='bbox 3665 3341 3771 3397; x_wconf 77' lang='lat' dir='ltr'><strong>etil-</strong></span> 
     </span>
    </p>
   </div>
   <div class='ocr_carea' id='block_1_79' title="bbox 2267 3432 3780 3510">
    <p class='ocr_par' dir='ltr' id='par_1_79' title="bbox 2267 3432 3780 3510">
     <span class='ocr_line' id='line_1_79' title="bbox 2267 3432 3780 3510; baseline -0.005 -15"><span class='ocrx_word' id='word_1_517' title='bbox 2267 3438 2412 3510; x_wconf 86' lang='lat' dir='ltr'><strong>iuste</strong></span> <span class='ocrx_word' id='word_1_518' title='bbox 2439 3449 2701 3507; x_wconf 77' lang='lat' dir='ltr'><strong>usurpata:</strong></span> <span class='ocrx_word' id='word_1_519' title='bbox 2729 3437 3092 3493; x_wconf 90' lang='lat' dir='ltr'><strong>devenissent.</strong></span> <span class='ocrx_word' id='word_1_520' title='bbox 3138 3437 3243 3493; x_wconf 84' lang='lat' dir='ltr'><strong>Nos</strong></span> <span class='ocrx_word' id='word_1_521' title='bbox 3268 3436 3498 3506; x_wconf 87' lang='lat' dir='ltr'><strong>quidem</strong></span> <span class='ocrx_word' id='word_1_522' title='bbox 3544 3432 3780 3507; x_wconf 55' lang='lat' dir='ltr'><strong>eiuscm&#39;v</strong></span> 
     </span>
    </p>
   </div>
   <div class='ocr_carea' id='block_1_80' title="bbox 2274 3523 3795 3593">
    <p class='ocr_par' dir='ltr' id='par_1_80' title="bbox 2274 3523 3795 3593">
     <span class='ocr_line' id='line_1_80' title="bbox 2274 3523 3795 3593; baseline -0.006 -13"><span class='ocrx_word' id='word_1_523' title='bbox 2274 3526 2526 3581; x_wconf 87' lang='lat' dir='ltr'><strong>derantes</strong></span> <span class='ocrx_word' id='word_1_524' title='bbox 2552 3525 2931 3590; x_wconf 86' lang='lat' dir='ltr'><strong>sacerdotium,</strong></span> <span class='ocrx_word' id='word_1_525' title='bbox 2956 3534 3012 3580; x_wconf 89' lang='lat' dir='ltr'><strong>et</strong></span> <span class='ocrx_word' id='word_1_526' title='bbox 3035 3523 3177 3579; x_wconf 78' lang='lat' dir='ltr'><strong>ﬁdeli</strong></span> <span class='ocrx_word' id='word_1_527' title='bbox 3201 3523 3450 3590; x_wconf 86' lang='lat' dir='ltr'><strong>servitio,</strong></span> <span class='ocrx_word' id='word_1_528' title='bbox 3476 3524 3550 3578; x_wconf 85' lang='lat' dir='ltr'><strong>ita</strong></span> <span class='ocrx_word' id='word_1_529' title='bbox 3573 3538 3665 3593; x_wconf 84' lang='lat' dir='ltr'><strong>per</strong></span> <span class='ocrx_word' id='word_1_530' title='bbox 3678 3534 3795 3573; x_wconf 78' lang='lat' dir='ltr'><strong>omn</strong></span> 
     </span>
    </p>
   </div>
   <div class='ocr_carea' id='block_1_81' title="bbox 2275 3610 3800 3684">
    <p class='ocr_par' dir='ltr' id='par_1_81' title="bbox 2275 3610 3800 3684">
     <span class='ocr_line' id='line_1_81' title="bbox 2275 3610 3800 3684; baseline -0.005 -11"><span class='ocrx_word' id='word_1_531' title='bbox 2275 3632 2461 3673; x_wconf 86' lang='lat' dir='ltr'><strong>verum</strong></span> <span class='ocrx_word' id='word_1_532' title='bbox 2493 3630 2614 3672; x_wconf 83' lang='lat' dir='ltr'><strong>esse</strong></span> <span class='ocrx_word' id='word_1_533' title='bbox 2655 3615 3001 3677; x_wconf 86' lang='lat' dir='ltr'><strong>credidimus.</strong></span> <span class='ocrx_word' id='word_1_534' title='bbox 3049 3629 3112 3668; x_wconf 87' lang='lat' dir='ltr'><strong>ac</strong></span> <span class='ocrx_word' id='word_1_535' title='bbox 3149 3614 3215 3670; x_wconf 92' lang='lat' dir='ltr'><strong>de</strong></span> <span class='ocrx_word' id='word_1_536' title='bbox 3255 3613 3386 3684; x_wconf 90' lang='lat' dir='ltr'><strong>ipsis</strong></span> <span class='ocrx_word' id='word_1_537' title='bbox 3431 3614 3604 3670; x_wconf 82' lang='lat' dir='ltr'><strong>rebus</strong></span> <span class='ocrx_word' id='word_1_538' title='bbox 3642 3610 3800 3682; x_wconf 63' lang='lat' dir='ltr'><strong>piutita</strong></span> 
     </span>
    </p>
   </div>
   <div class='ocr_carea' id='block_1_82' title="bbox 2272 3699 3807 3778">
    <p class='ocr_par' dir='ltr' id='par_1_82' title="bbox 2272 3699 3807 3778">
     <span class='ocr_line' id='line_1_82' title="bbox 2272 3699 3807 3778; baseline -0.007 -13"><span class='ocrx_word' id='word_1_539' title='bbox 2272 3708 2530 3765; x_wconf 81' lang='lat' dir='ltr'><strong>revestire</strong></span> <span class='ocrx_word' id='word_1_540' title='bbox 2569 3707 2862 3778; x_wconf 84' lang='lat' dir='ltr'><strong>iussimus,</strong></span> <span class='ocrx_word' id='word_1_541' title='bbox 2911 3715 2966 3762; x_wconf 90' lang='lat' dir='ltr'><strong>et</strong></span> <span class='ocrx_word' id='word_1_542' title='bbox 3013 3721 3108 3777; x_wconf 87' lang='lat' dir='ltr'><strong>per</strong></span> <span class='ocrx_word' id='word_1_543' title='bbox 3153 3713 3486 3776; x_wconf 66' lang='lat' dir='ltr'><strong>praeceptum</strong></span> <span class='ocrx_word' id='word_1_544' title='bbox 3535 3699 3807 3760; x_wconf 72' lang='lat' dir='ltr'><strong>auctoritatis</strong></span> 
     </span>
    </p>
   </div>
   <div class='ocr_carea' id='block_1_83' title="bbox 2274 3795 3808 3855">
    <p class='ocr_par' dir='ltr' id='par_1_83' title="bbox 2274 3795 3808 3855">
     <span class='ocr_line' id='line_1_83' title="bbox 2274 3795 3808 3855; baseline -0.005 -1"><span class='ocrx_word' id='word_1_545' title='bbox 2274 3808 2472 3855; x_wconf 71' lang='lat' dir='ltr'><strong>nostra:</strong></span> <span class='ocrx_word' id='word_1_546' title='bbox 2491 3798 2664 3854; x_wconf 89' lang='lat' dir='ltr'><strong>eidem</strong></span> <span class='ocrx_word' id='word_1_547' title='bbox 2685 3798 3004 3853; x_wconf 87' lang='lat' dir='ltr'><strong>conﬁrmare</strong></span> <span class='ocrx_word' id='word_1_548' title='bbox 3025 3796 3379 3852; x_wconf 80' lang='lat' dir='ltr'><strong>decrevimus.</strong></span> <span class='ocrx_word' id='word_1_549' title='bbox 3410 3795 3705 3850; x_wconf 78' lang='lat' dir='ltr'><strong>Transacto</strong></span> <span class='ocrx_word' id='word_1_550' title='bbox 3721 3804 3808 3844; x_wconf 76' lang='lat' dir='ltr'><strong>rm</strong></span> 
     </span>
    </p>
   </div>
   <div class='ocr_carea' id='block_1_84' title="bbox 2273 3883 3811 3957">
    <p class='ocr_par' dir='ltr' id='par_1_84' title="bbox 2273 3883 3811 3957">
     <span class='ocr_line' id='line_1_84' title="bbox 2273 3883 3811 3957; baseline -0.007 -14"><span class='ocrx_word' id='word_1_551' title='bbox 2273 3888 2455 3956; x_wconf 89' lang='lat' dir='ltr'><strong>aliquo</strong></span> <span class='ocrx_word' id='word_1_552' title='bbox 2484 3897 2728 3957; x_wconf 89' lang='lat' dir='ltr'><strong>tempore</strong></span> <span class='ocrx_word' id='word_1_553' title='bbox 2767 3888 3037 3942; x_wconf 82' lang='lat' dir='ltr'><strong>inventum</strong></span> <span class='ocrx_word' id='word_1_554' title='bbox 3068 3896 3152 3949; x_wconf 81' lang='lat' dir='ltr'><strong>est</strong></span> <span class='ocrx_word' id='word_1_555' title='bbox 3179 3884 3464 3940; x_wconf 79' lang='lat' dir='ltr'><strong>manifeste</strong></span> <span class='ocrx_word' id='word_1_556' title='bbox 3496 3899 3598 3954; x_wconf 87' lang='lat' dir='ltr'><strong>per</strong></span> <span class='ocrx_word' id='word_1_557' title='bbox 3622 3883 3811 3939; x_wconf 79' lang='lat' dir='ltr'><strong>OdiIhar-</strong></span> 
     </span>
    </p>
   </div>
   <div class='ocr_carea' id='block_1_85' title="bbox 2275 3974 3815 4046">
    <p class='ocr_par' dir='ltr' id='par_1_85' title="bbox 2275 3974 3815 4046">
     <span class='ocr_line' id='line_1_85' title="bbox 2275 3974 3815 4046; baseline -0.007 -13"><span class='ocrx_word' id='word_1_558' title='bbox 2275 3979 2400 4034; x_wconf 90' lang='lat' dir='ltr'><strong>dum</strong></span> <span class='ocrx_word' id='word_1_559' title='bbox 2431 3987 2627 4033; x_wconf 81' lang='lat' dir='ltr'><strong>sanctae</strong></span> <span class='ocrx_word' id='word_1_560' title='bbox 2656 3978 2963 4032; x_wconf 70' lang='lat' dir='ltr'><strong>Nauneticae</strong></span> <span class='ocrx_word' id='word_1_561' title='bbox 2989 3976 3136 4034; x_wconf 89' lang='lat' dir='ltr'><strong>urbis</strong></span> <span class='ocrx_word' id='word_1_562' title='bbox 3166 3974 3410 4031; x_wconf 74' lang='lat' dir='ltr'><strong>ecclesia:</strong></span> <span class='ocrx_word' id='word_1_563' title='bbox 3437 3975 3755 4046; x_wconf 76' lang='lat' dir='ltr'><strong>episcOpum,</strong></span> <span class='ocrx_word' id='word_1_564' title='bbox 3777 3978 3815 4023; x_wconf 80' lang='lat' dir='ltr'><strong>et</strong></span> 
     </span>
    </p>
   </div>
   <div class='ocr_carea' id='block_1_86' title="bbox 2275 4061 3816 4136">
    <p class='ocr_par' dir='ltr' id='par_1_86' title="bbox 2275 4061 3816 4136">
     <span class='ocr_line' id='line_1_86' title="bbox 2275 4061 3816 4136; baseline -0.006 -14"><span class='ocrx_word' id='word_1_565' title='bbox 2275 4069 2409 4123; x_wconf 87' lang='lat' dir='ltr'><strong>alios</strong></span> <span class='ocrx_word' id='word_1_566' title='bbox 2450 4083 2668 4124; x_wconf 78' lang='lat' dir='ltr'><strong>veraces</strong></span> <span class='ocrx_word' id='word_1_567' title='bbox 2699 4068 2942 4127; x_wconf 83' lang='lat' dir='ltr'><strong>homines</strong></span> <span class='ocrx_word' id='word_1_568' title='bbox 2980 4064 3118 4121; x_wconf 89' lang='lat' dir='ltr'><strong>infra</strong></span> <span class='ocrx_word' id='word_1_569' title='bbox 3161 4067 3385 4136; x_wconf 88' lang='lat' dir='ltr'><strong>patriam</strong></span> <span class='ocrx_word' id='word_1_570' title='bbox 3426 4064 3742 4129; x_wconf 83' lang='lat' dir='ltr'><strong>habitantes,</strong></span> <span class='ocrx_word' id='word_1_571' title='bbox 3770 4061 3816 4113; x_wconf 80' lang='lat' dir='ltr'><strong>de</strong></span> 
     </span>
    </p>
   </div>
   <div class='ocr_carea' id='block_1_87' title="bbox 2279 4153 3819 4230">
    <p class='ocr_par' dir='ltr' id='par_1_87' title="bbox 2279 4153 3819 4230">
     <span class='ocr_line' id='line_1_87' title="bbox 2279 4153 3819 4230; baseline -0.007 -16"><span class='ocrx_word' id='word_1_572' title='bbox 2279 4160 2526 4230; x_wconf 86' lang='lat' dir='ltr'><strong>praedicta</strong></span> <span class='ocrx_word' id='word_1_573' title='bbox 2556 4159 2677 4213; x_wconf 89' lang='lat' dir='ltr'><strong>villa</strong></span> <span class='ocrx_word' id='word_1_574' title='bbox 2712 4158 2988 4222; x_wconf 88' lang='lat' dir='ltr'><strong>Lauriaco,</strong></span> <span class='ocrx_word' id='word_1_575' title='bbox 3019 4157 3158 4226; x_wconf 89' lang='lat' dir='ltr'><strong>quod</strong></span> <span class='ocrx_word' id='word_1_576' title='bbox 3199 4165 3396 4210; x_wconf 67' lang='lat' dir='ltr'><strong>nostra:</strong></span> <span class='ocrx_word' id='word_1_577' title='bbox 3435 4154 3734 4211; x_wconf 55' lang='lat' dir='ltr'><strong>havreditati</strong></span> <span class='ocrx_word' id='word_1_578' title='bbox 3765 4153 3819 4204; x_wconf 84' lang='lat' dir='ltr'><strong>lc-</strong></span> 
     </span>
    </p>
   </div>
   <div class='ocr_carea' id='block_1_88' title="bbox 2275 4244 3818 4320">
    <p class='ocr_par' dir='ltr' id='par_1_88' title="bbox 2275 4244 3818 4320">
     <span class='ocr_line' id='line_1_88' title="bbox 2275 4244 3818 4320; baseline -0.006 -16"><span class='ocrx_word' id='word_1_579' title='bbox 2275 4252 2426 4320; x_wconf 88' lang='lat' dir='ltr'><strong>gibns</strong></span> <span class='ocrx_word' id='word_1_580' title='bbox 2456 4265 2520 4304; x_wconf 92' lang='lat' dir='ltr'><strong>ac</strong></span> <span class='ocrx_word' id='word_1_581' title='bbox 2561 4251 2704 4320; x_wconf 90' lang='lat' dir='ltr'><strong>iuste</strong></span> <span class='ocrx_word' id='word_1_582' title='bbox 2745 4251 3050 4313; x_wconf 86' lang='lat' dir='ltr'><strong>deberetur,</strong></span> <span class='ocrx_word' id='word_1_583' title='bbox 3093 4256 3148 4303; x_wconf 89' lang='lat' dir='ltr'><strong>et</strong></span> <span class='ocrx_word' id='word_1_584' title='bbox 3193 4247 3394 4302; x_wconf 89' lang='lat' dir='ltr'><strong>nullam</strong></span> <span class='ocrx_word' id='word_1_585' title='bbox 3427 4247 3558 4302; x_wconf 85' lang='lat' dir='ltr'><strong>inibi</strong></span> <span class='ocrx_word' id='word_1_586' title='bbox 3609 4244 3818 4304; x_wconf 82' lang='lat' dir='ltr'><strong>Asoarius</strong></span> 
     </span>
    </p>
   </div>
   <div class='ocr_carea' id='block_1_89' title="bbox 2277 4324 3822 4410">
    <p class='ocr_par' dir='ltr' id='par_1_89' title="bbox 2277 4324 3822 4410">
     <span class='ocr_line' id='line_1_89' title="bbox 2277 4324 3822 4410; baseline -0.005 -14"><span class='ocrx_word' id='word_1_587' title='bbox 2277 4343 2415 4397; x_wconf 88' lang='lat' dir='ltr'><strong>abba</strong></span> <span class='ocrx_word' id='word_1_588' title='bbox 2447 4342 2668 4396; x_wconf 87' lang='lat' dir='ltr'><strong>deberet</strong></span> <span class='ocrx_word' id='word_1_589' title='bbox 2697 4341 2891 4396; x_wconf 85' lang='lat' dir='ltr'><strong>habere</strong></span> <span class='ocrx_word' id='word_1_590' title='bbox 2915 4324 3327 4410; x_wconf 65' lang='lat' dir='ltr'><strong>iustitiann&#39;Qui</strong></span> <span class='ocrx_word' id='word_1_591' title='bbox 3356 4341 3410 4394; x_wconf 85' lang='lat' dir='ltr'><strong>in</strong></span> <span class='ocrx_word' id='word_1_592' title='bbox 3437 4351 3729 4408; x_wconf 85' lang='lat' dir='ltr'><strong>conspectu</strong></span> <span class='ocrx_word' id='word_1_593' title='bbox 3751 4349 3822 4389; x_wconf 83' lang='lat' dir='ltr'><strong>no-</strong></span> 
     </span>
    </p>
   </div>
   <div class='ocr_carea' id='block_1_90' title="bbox 2276 4433 3822 4502">
    <p class='ocr_par' dir='ltr' id='par_1_90' title="bbox 2276 4433 3822 4502">
     <span class='ocr_line' id='line_1_90' title="bbox 2276 4433 3822 4502; baseline -0.006 -13"><span class='ocrx_word' id='word_1_594' title='bbox 2276 4445 2387 4489; x_wconf 91' lang='lat' dir='ltr'><strong>stro</strong></span> <span class='ocrx_word' id='word_1_595' title='bbox 2413 4448 2476 4488; x_wconf 91' lang='lat' dir='ltr'><strong>ac</strong></span> <span class='ocrx_word' id='word_1_596' title='bbox 2505 4433 2854 4502; x_wconf 91' lang='lat' dir='ltr'><strong>plurimorum</strong></span> <span class='ocrx_word' id='word_1_597' title='bbox 2877 4473 2893 4499; x_wconf 90' lang='lat'><strong>,</strong></span> <span class='ocrx_word' id='word_1_598' title='bbox 2938 4445 3327 4501; x_wconf 89' lang='lat' dir='ltr'><strong>procerumque</strong></span> <span class='ocrx_word' id='word_1_599' title='bbox 3369 4440 3690 4487; x_wconf 83' lang='lat' dir='ltr'><strong>nostrorum</strong></span> <span class='ocrx_word' id='word_1_600' title='bbox 3723 4440 3822 4498; x_wconf 72' lang='lat' dir='ltr'><strong>pra-</strong></span> 
     </span>
    </p>
   </div>
   <div class='ocr_carea' id='block_1_91' title="bbox 600 4506 3826 4592">
    <p class='ocr_par' dir='ltr' id='par_1_91' title="bbox 600 4506 3826 4592">
     <span class='ocr_line' id='line_1_91' title="bbox 600 4506 3826 4592; baseline -0.002 -27"><span class='ocrx_word' id='word_1_601' title='bbox 600 4508 803 4565; x_wconf 88' lang='lat' dir='ltr'><strong>nerado</strong></span> <span class='ocrx_word' id='word_1_602' title='bbox 831 4507 1249 4577; x_wconf 89' lang='lat' dir='ltr'><strong>archiepiscopo,</strong></span> <span class='ocrx_word' id='word_1_603' title='bbox 1284 4521 1455 4574; x_wconf 88' lang='lat' dir='ltr'><strong>neque</strong></span> <span class='ocrx_word' id='word_1_604' title='bbox 1491 4507 1909 4572; x_wconf 90' lang='lat' dir='ltr'><strong>successoribus,</strong></span> <span class='ocrx_word' id='word_1_605' title='bbox 1948 4506 2037 4576; x_wconf 92' lang='lat' dir='ltr'><strong>qui</strong></span> <span class='ocrx_word' id='word_1_606' title='bbox 2067 4507 2254 4578; x_wconf 75' lang='lat' dir='ltr'><strong>lue-1)</strong></span> <span class='ocrx_word' id='word_1_607' title='bbox 2278 4525 2446 4580; x_wconf 55' lang='lat' dir='ltr'><strong>genua</strong></span> <span class='ocrx_word' id='word_1_608' title='bbox 2491 4536 2639 4579; x_wconf 51' lang='lat' dir='ltr'><strong>stans</strong></span> <span class='ocrx_word' id='word_1_609' title='bbox 2689 4524 2742 4579; x_wconf 67' lang='lat' dir='ltr'><strong>in</strong></span> <span class='ocrx_word' id='word_1_610' title='bbox 2790 4523 3012 4592; x_wconf 53' lang='lat' dir='ltr'><strong>judicio,</strong></span> <span class='ocrx_word' id='word_1_611' title='bbox 3056 4524 3347 4579; x_wconf 64' lang='lat' dir='ltr'><strong>secundum</strong></span> <span class='ocrx_word' id='word_1_612' title='bbox 3393 4523 3537 4592; x_wconf 69' lang='lat' dir='ltr'><strong>quod</strong></span> <span class='ocrx_word' id='word_1_613' title='bbox 3565 4533 3596 4561; x_wconf 71' lang='grc' dir='ltr'><strong>ι</strong></span> <span class='ocrx_word' id='word_1_614' title='bbox 3633 4526 3713 4579; x_wconf 63' lang='grc' dir='ltr'>ια</span> <span class='ocrx_word' id='word_1_615' title='bbox 3750 4519 3826 4574; x_wconf 64' lang='grc' dir='ltr'><strong>Βο-</strong></span> 
     </span>
    </p>
   </div>
   <div class='ocr_carea' id='block_1_92' title="bbox 595 4594 2169 4662">
    <p class='ocr_par' dir='ltr' id='par_1_92' title="bbox 595 4594 2169 4662">
     <span class='ocr_line' id='line_1_92' title="bbox 595 4594 2169 4662; baseline -0.006 -5"><span class='ocrx_word' id='word_1_616' title='bbox 595 4601 706 4657; x_wconf 86' lang='lat' dir='ltr'><strong>rint</strong></span> <span class='ocrx_word' id='word_1_617' title='bbox 744 4608 978 4654; x_wconf 92' lang='lat' dir='ltr'><strong>rectores</strong></span> <span class='ocrx_word' id='word_1_618' title='bbox 1007 4595 1312 4652; x_wconf 87' lang='lat' dir='ltr'><strong>monasterii</strong></span> <span class='ocrx_word' id='word_1_619' title='bbox 1354 4594 1526 4649; x_wconf 90' lang='lat' dir='ltr'><strong>sancti</strong></span> <span class='ocrx_word' id='word_1_620' title='bbox 1555 4594 1914 4660; x_wconf 88' lang='lat' dir='ltr'><strong>Willibrordi,</strong></span> <span class='ocrx_word' id='word_1_621' title='bbox 1956 4597 2023 4650; x_wconf 92' lang='lat' dir='ltr'><strong>de</strong></span> <span class='ocrx_word' id='word_1_622' title='bbox 2063 4597 2169 4662; x_wconf 88' lang='lat' dir='ltr'><strong>iam</strong></span> 
     </span>
    </p>
   </div>
   <div class='ocr_carea' id='block_1_93' title="bbox 588 4690 2175 4761">
    <p class='ocr_par' dir='ltr' id='par_1_93' title="bbox 588 4690 2175 4761">
     <span class='ocr_line' id='line_1_93' title="bbox 588 4690 2175 4761; baseline -0.004 -10"><span class='ocrx_word' id='word_1_623' title='bbox 588 4696 757 4751; x_wconf 83' lang='lat' dir='ltr'><strong>dictis</strong></span> <span class='ocrx_word' id='word_1_624' title='bbox 785 4693 944 4749; x_wconf 91' lang='lat' dir='ltr'><strong>rebus</strong></span> <span class='ocrx_word' id='word_1_625' title='bbox 970 4692 1282 4761; x_wconf 90' lang='lat' dir='ltr'><strong>inquietare,</strong></span> <span class='ocrx_word' id='word_1_626' title='bbox 1314 4697 1405 4743; x_wconf 89' lang='lat' dir='ltr'><strong>aut</strong></span> <span class='ocrx_word' id='word_1_627' title='bbox 1430 4690 1752 4743; x_wconf 76' lang='lat' dir='ltr'><strong>calumniam</strong></span> <span class='ocrx_word' id='word_1_628' title='bbox 1780 4704 2060 4758; x_wconf 86' lang='lat' dir='ltr'><strong>generare,</strong></span> <span class='ocrx_word' id='word_1_629' title='bbox 2083 4700 2175 4744; x_wconf 86' lang='lat' dir='ltr'><strong>aut</strong></span> 
     </span>
    </p>
   </div>
   <div class='ocr_carea' id='block_1_94' title="bbox 585 4779 2176 4855">
    <p class='ocr_par' dir='ltr' id='par_1_94' title="bbox 585 4779 2176 4855">
     <span class='ocr_line' id='line_1_94' title="bbox 585 4779 2176 4855; baseline -0.003 -14"><span class='ocrx_word' id='word_1_630' title='bbox 585 4785 798 4855; x_wconf 77' lang='lat' dir='ltr'><strong>aliquid</strong></span> <span class='ocrx_word' id='word_1_631' title='bbox 825 4782 1153 4845; x_wconf 84' lang='lat' dir='ltr'><strong>abstrahere,</strong></span> <span class='ocrx_word' id='word_1_632' title='bbox 1188 4795 1287 4836; x_wconf 89' lang='lat' dir='ltr'><strong>nec</strong></span> <span class='ocrx_word' id='word_1_633' title='bbox 1333 4779 1573 4836; x_wconf 90' lang='lat' dir='ltr'><strong>minuere</strong></span> <span class='ocrx_word' id='word_1_634' title='bbox 1619 4780 1728 4834; x_wconf 90' lang='lat' dir='ltr'><strong>ullo</strong></span> <span class='ocrx_word' id='word_1_635' title='bbox 1773 4796 2001 4850; x_wconf 87' lang='lat' dir='ltr'><strong>unquam</strong></span> <span class='ocrx_word' id='word_1_636' title='bbox 2048 4791 2176 4851; x_wconf 76' lang='lat' dir='ltr'><strong>tem-</strong></span> 
     </span>
    </p>
   </div>
   <div class='ocr_carea' id='block_1_95' title="bbox 595 4870 2172 4948">
    <p class='ocr_par' dir='ltr' id='par_1_95' title="bbox 595 4870 2172 4948">
     <span class='ocr_line' id='line_1_95' title="bbox 595 4870 2172 4948; baseline -0.004 -15"><span class='ocrx_word' id='word_1_637' title='bbox 595 4892 732 4948; x_wconf 85' lang='lat' dir='ltr'><strong>pore</strong></span> <span class='ocrx_word' id='word_1_638' title='bbox 783 4883 1162 4945; x_wconf 74' lang='lat' dir='ltr'><strong>przcsumatur,</strong></span> <span class='ocrx_word' id='word_1_639' title='bbox 1221 4870 1314 4926; x_wconf 89' lang='lat' dir='ltr'><strong>sed</strong></span> <span class='ocrx_word' id='word_1_640' title='bbox 1370 4885 1464 4939; x_wconf 91' lang='lat' dir='ltr'><strong>pro</strong></span> <span class='ocrx_word' id='word_1_641' title='bbox 1519 4870 1778 4926; x_wconf 89' lang='lat' dir='ltr'><strong>mercedis</strong></span> <span class='ocrx_word' id='word_1_642' title='bbox 1831 4884 2025 4926; x_wconf 69' lang='lat' dir='ltr'><strong>nostra:</strong></span> <span class='ocrx_word' id='word_1_643' title='bbox 2077 4888 2172 4926; x_wconf 84' lang='lat' dir='ltr'><strong>au-</strong></span> 
     </span>
    </p>
   </div>
   <div class='ocr_carea' id='block_1_96' title="bbox 597 4963 2172 5039">
    <p class='ocr_par' dir='ltr' id='par_1_96' title="bbox 597 4963 2172 5039">
     <span class='ocr_line' id='line_1_96' title="bbox 597 4963 2172 5039; baseline -0.004 -16"><span class='ocrx_word' id='word_1_644' title='bbox 597 4980 840 5039; x_wconf 83' lang='lat' dir='ltr'><strong>gmento,</strong></span> <span class='ocrx_word' id='word_1_645' title='bbox 868 4975 924 5022; x_wconf 91' lang='lat' dir='ltr'><strong>et</strong></span> <span class='ocrx_word' id='word_1_646' title='bbox 949 4965 1138 5020; x_wconf 75' lang='lat' dir='ltr'><strong>anima:</strong></span> <span class='ocrx_word' id='word_1_647' title='bbox 1166 4963 1402 5033; x_wconf 84' lang='lat' dir='ltr'><strong>germani</strong></span> <span class='ocrx_word' id='word_1_648' title='bbox 1434 4964 1597 5016; x_wconf 86' lang='lat' dir='ltr'><strong>nostri</strong></span> <span class='ocrx_word' id='word_1_649' title='bbox 1629 4963 2003 5018; x_wconf 83' lang='lat' dir='ltr'><strong>Karolomanni</strong></span> <span class='ocrx_word' id='word_1_650' title='bbox 2034 4964 2172 5033; x_wconf 87' lang='lat' dir='ltr'><strong>regis</strong></span> 
     </span>
    </p>
   </div>
   <div class='ocr_carea' id='block_1_97' title="bbox 588 5053 2176 5130">
    <p class='ocr_par' dir='ltr' id='par_1_97' title="bbox 588 5053 2176 5130">
     <span class='ocr_line' id='line_1_97' title="bbox 588 5053 2176 5130; baseline -0.004 -15"><span class='ocrx_word' id='word_1_651' title='bbox 588 5058 672 5115; x_wconf 68' lang='lat' dir='ltr'><strong>ad</strong></span> <span class='ocrx_word' id='word_1_652' title='bbox 717 5057 828 5130; x_wconf 89' lang='lat' dir='ltr'><strong>iam</strong></span> <span class='ocrx_word' id='word_1_653' title='bbox 871 5057 1068 5112; x_wconf 91' lang='lat' dir='ltr'><strong>dictum</strong></span> <span class='ocrx_word' id='word_1_654' title='bbox 1110 5061 1349 5110; x_wconf 86' lang='lat' dir='ltr'><strong>sanctum</strong></span> <span class='ocrx_word' id='word_1_655' title='bbox 1396 5054 1568 5108; x_wconf 81' lang='lat' dir='ltr'><strong>locum</strong></span> <span class='ocrx_word' id='word_1_656' title='bbox 1617 5056 1832 5122; x_wconf 88' lang='lat' dir='ltr'><strong>nostris,</strong></span> <span class='ocrx_word' id='word_1_657' title='bbox 1879 5053 2176 5123; x_wconf 79' lang='lat' dir='ltr'><strong>futurisque</strong></span> 
     </span>
    </p>
   </div>
   <div class='ocr_carea' id='block_1_98' title="bbox 665 5223 2175 5295">
    <p class='ocr_par' dir='ltr' id='par_1_98' title="bbox 665 5223 2175 5295">
     <span class='ocr_line' id='line_1_98' title="bbox 665 5223 2175 5295; baseline -0.004 -10"><span class='ocrx_word' id='word_1_658' title='bbox 665 5245 703 5274; x_wconf 67' lang='grc' dir='ltr'><strong>ιιι</strong></span> <span class='ocrx_word' id='word_1_659' title='bbox 743 5223 1061 5285; x_wconf 75' lang='lat' dir='ltr'><strong>Berneradus</strong></span> <span class='ocrx_word' id='word_1_660' title='bbox 1097 5233 1286 5281; x_wconf 66' lang='lat' dir='ltr'><strong>sanctae</strong></span> <span class='ocrx_word' id='word_1_661' title='bbox 1326 5224 1632 5281; x_wconf 77' lang='lat' dir='ltr'><strong>Senoncnsis</strong></span> <span class='ocrx_word' id='word_1_662' title='bbox 1669 5223 1890 5279; x_wconf 72' lang='lat' dir='ltr'><strong>ecclesiae</strong></span> <span class='ocrx_word' id='word_1_663' title='bbox 1926 5223 2175 5295; x_wconf 77' lang='lat' dir='ltr'><strong>archiepi-</strong></span> 
     </span>
    </p>
   </div>
   <div class='ocr_carea' id='block_1_99' title="bbox 603 5295 2169 5372">
    <p class='ocr_par' dir='ltr' id='par_1_99' title="bbox 603 5295 2169 5372">
     <span class='ocr_line' id='line_1_99' title="bbox 603 5295 2169 5372; baseline -0.005 -15"><span class='ocrx_word' id='word_1_664' title='bbox 603 5318 812 5372; x_wconf 74' lang='lat' dir='ltr'><strong>scOpus.</strong></span> <span class='ocrx_word' id='word_1_665' title='bbox 842 5298 1183 5372; x_wconf 75' lang='lat' dir='ltr'><strong>Berneradus</strong></span> <span class='ocrx_word' id='word_1_666' title='bbox 1203 5297 1285 5350; x_wconf 89' lang='lat' dir='ltr'><strong>hic</strong></span> <span class='ocrx_word' id='word_1_667' title='bbox 1309 5295 1422 5372; x_wconf 82' lang='lat' dir='ltr'><strong>(cui</strong></span> <span class='ocrx_word' id='word_1_668' title='bbox 1453 5295 1620 5349; x_wconf 85' lang='lat' dir='ltr'><strong>Vitam</strong></span> <span class='ocrx_word' id='word_1_669' title='bbox 1649 5295 2169 5372; x_wconf 44' lang='lat' dir='ltr'><strong>sangiﬁﬁllibrordi</strong></span> 
     </span>
    </p>
   </div>
   <div class='ocr_carea' id='block_1_100' title="bbox 607 5362 2172 5435">
    <p class='ocr_par' dir='ltr' id='par_1_100' title="bbox 607 5362 2172 5435">
     <span class='ocr_line' id='line_1_100' title="bbox 607 5362 2172 5435; baseline -0.006 -7"><span class='ocrx_word' id='word_1_670' title='bbox 607 5362 877 5435; x_wconf 79' lang='lat' dir='ltr'><strong>inscripsit</strong></span> <span class='ocrx_word' id='word_1_671' title='bbox 919 5365 1192 5435; x_wconf 86' lang='lat' dir='ltr'><strong>Alcuinus)</strong></span> <span class='ocrx_word' id='word_1_672' title='bbox 1235 5369 1419 5421; x_wconf 90' lang='lat' dir='ltr'><strong>tertius</strong></span> <span class='ocrx_word' id='word_1_673' title='bbox 1456 5381 1487 5419; x_wconf 90' lang='lat' dir='ltr'><strong>a</strong></span> <span class='ocrx_word' id='word_1_674' title='bbox 1523 5373 1708 5435; x_wconf 89' lang='lat' dir='ltr'><strong>sancto</strong></span> <span class='ocrx_word' id='word_1_675' title='bbox 1737 5362 2078 5435; x_wconf 82' lang='lat' dir='ltr'><strong>Willibrordo</strong></span> <span class='ocrx_word' id='word_1_676' title='bbox 2105 5369 2172 5419; x_wconf 88' lang='lat' dir='ltr'><strong>ab</strong></span> 
     </span>
    </p>
   </div>
   <div class='ocr_carea' id='block_1_101' title="bbox 607 5433 2175 5497">
    <p class='ocr_par' dir='ltr' id='par_1_101' title="bbox 607 5433 2175 5497">
     <span class='ocr_line' id='line_1_101' title="bbox 607 5433 2175 5497; baseline -0.004 -2"><span class='ocrx_word' id='word_1_677' title='bbox 607 5457 747 5497; x_wconf 88' lang='lat' dir='ltr'><strong>anno</strong></span> <span class='ocrx_word' id='word_1_678' title='bbox 768 5433 870 5494; x_wconf 82' lang='lat'><strong>777</strong></span> <span class='ocrx_word' id='word_1_679' title='bbox 902 5439 967 5492; x_wconf 87' lang='lat' dir='ltr'><strong>ad</strong></span> <span class='ocrx_word' id='word_1_680' title='bbox 993 5433 1189 5492; x_wconf 88' lang='lat' dir='ltr'><strong>annum</strong></span> <span class='ocrx_word' id='word_1_681' title='bbox 1212 5436 1316 5489; x_wconf 85' lang='lat'><strong>798</strong></span> <span class='ocrx_word' id='word_1_682' title='bbox 1346 5434 1722 5488; x_wconf 81' lang='lat' dir='ltr'><strong>monasterium</strong></span> <span class='ocrx_word' id='word_1_683' title='bbox 1752 5435 1950 5488; x_wconf 81' lang='lat' dir='ltr'><strong>rexisse</strong></span> <span class='ocrx_word' id='word_1_684' title='bbox 1981 5433 2175 5489; x_wconf 89' lang='lat' dir='ltr'><strong>dicitur</strong></span> 
     </span>
    </p>
   </div>
   <div class='ocr_carea' id='block_1_102' title="bbox 611 5503 2174 5575">
    <p class='ocr_par' dir='ltr' id='par_1_102' title="bbox 611 5503 2174 5575">
     <span class='ocr_line' id='line_1_102' title="bbox 611 5503 2174 5575; baseline -0.006 -10"><span class='ocrx_word' id='word_1_685' title='bbox 611 5513 665 5565; x_wconf 91' lang='lat' dir='ltr'><strong>in</strong></span> <span class='ocrx_word' id='word_1_686' title='bbox 705 5511 850 5566; x_wconf 88' lang='lat' dir='ltr'><strong>brevi</strong></span> <span class='ocrx_word' id='word_1_687' title='bbox 879 5508 1143 5563; x_wconf 85' lang='lat' dir='ltr'><strong>Chronico</strong></span> <span class='ocrx_word' id='word_1_688' title='bbox 1182 5520 1286 5562; x_wconf 90' lang='lat' dir='ltr'><strong>ms.</strong></span> <span class='ocrx_word' id='word_1_689' title='bbox 1333 5504 1729 5575; x_wconf 85' lang='lat' dir='ltr'><strong>Epternacensi,</strong></span> <span class='ocrx_word' id='word_1_690' title='bbox 1775 5517 1803 5556; x_wconf 91' lang='lat' dir='ltr'><strong>a</strong></span> <span class='ocrx_word' id='word_1_691' title='bbox 1839 5503 2174 5575; x_wconf 60' lang='lat' dir='ltr'><strong>Theoderico</strong></span> 
     </span>
    </p>
   </div>
   <div class='ocr_carea' id='block_1_103' title="bbox 607 5572 2174 5635">
    <p class='ocr_par' dir='ltr' id='par_1_103' title="bbox 607 5572 2174 5635">
     <span class='ocr_line' id='line_1_103' title="bbox 607 5572 2174 5635; baseline -0.006 0"><span class='ocrx_word' id='word_1_692' title='bbox 607 5580 750 5635; x_wconf 85' lang='lat' dir='ltr'><strong>circa</strong></span> <span class='ocrx_word' id='word_1_693' title='bbox 775 5594 970 5634; x_wconf 83' lang='lat' dir='ltr'><strong>annum</strong></span> <span class='ocrx_word' id='word_1_694' title='bbox 1007 5576 1140 5633; x_wconf 77' lang='lat' dir='ltr'><strong>H90</strong></span> <span class='ocrx_word' id='word_1_695' title='bbox 1177 5572 1414 5630; x_wconf 79' lang='lat' dir='ltr'><strong>exorato.</strong></span> <span class='ocrx_word' id='word_1_696' title='bbox 1452 5574 1583 5627; x_wconf 87' lang='lat' dir='ltr'><strong>Cum</strong></span> <span class='ocrx_word' id='word_1_697' title='bbox 1623 5585 1797 5626; x_wconf 91' lang='lat' dir='ltr'><strong>autem</strong></span> <span class='ocrx_word' id='word_1_698' title='bbox 1837 5572 1972 5627; x_wconf 90' lang='lat' dir='ltr'><strong>inter</strong></span> <span class='ocrx_word' id='word_1_699' title='bbox 2009 5574 2174 5627; x_wconf 80' lang='lat' dir='ltr'><strong>Seno-</strong></span> 
     </span>
    </p>
   </div>
   <div class='ocr_carea' id='block_1_104' title="bbox 613 5642 2174 5715">
    <p class='ocr_par' dir='ltr' id='par_1_104' title="bbox 613 5642 2174 5715">
     <span class='ocr_line' id='line_1_104' title="bbox 613 5642 2174 5715; baseline -0.003 -12"><span class='ocrx_word' id='word_1_700' title='bbox 613 5663 811 5703; x_wconf 80' lang='lat' dir='ltr'><strong>nenses</strong></span> <span class='ocrx_word' id='word_1_701' title='bbox 837 5649 1085 5715; x_wconf 69' lang='lat' dir='ltr'><strong>prmsules</strong></span> <span class='ocrx_word' id='word_1_702' title='bbox 1109 5647 1247 5701; x_wconf 86' lang='lat' dir='ltr'><strong>circa</strong></span> <span class='ocrx_word' id='word_1_703' title='bbox 1280 5644 1390 5697; x_wconf 72' lang='lat' dir='ltr'><strong>lucc</strong></span> <span class='ocrx_word' id='word_1_704' title='bbox 1416 5653 1648 5715; x_wconf 49' lang='lat' dir='ltr'><strong>tempora</strong></span> <span class='ocrx_word' id='word_1_705' title='bbox 1674 5643 1878 5715; x_wconf 81' lang='lat' dir='ltr'><strong>legatur</strong></span> <span class='ocrx_word' id='word_1_706' title='bbox 1902 5642 2174 5715; x_wconf 68' lang='lat' dir='ltr'><strong>praefuisse</strong></span> 
     </span>
    </p>
   </div>
   <div class='ocr_carea' id='block_1_105' title="bbox 612 5709 2174 5782">
    <p class='ocr_par' dir='ltr' id='par_1_105' title="bbox 612 5709 2174 5782">
     <span class='ocr_line' id='line_1_105' title="bbox 612 5709 2174 5782; baseline -0.004 -10"><span class='ocrx_word' id='word_1_707' title='bbox 612 5709 877 5772; x_wconf 73' lang='lat' dir='ltr'><strong>lict-artius</strong></span> <span class='ocrx_word' id='word_1_708' title='bbox 913 5720 980 5771; x_wconf 89' lang='lat' dir='ltr'><strong>ab</strong></span> <span class='ocrx_word' id='word_1_709' title='bbox 1016 5731 1157 5770; x_wconf 88' lang='lat' dir='ltr'><strong>anno</strong></span> <span class='ocrx_word' id='word_1_710' title='bbox 1198 5715 1301 5768; x_wconf 69' lang='lat'><strong>705</strong></span> <span class='ocrx_word' id='word_1_711' title='bbox 1345 5729 1505 5782; x_wconf 83' lang='lat' dir='ltr'><strong>usque</strong></span> <span class='ocrx_word' id='word_1_712' title='bbox 1543 5709 1670 5782; x_wconf 65' lang='lat' dir='ltr'><strong>793i,</strong></span> <span class='ocrx_word' id='word_1_713' title='bbox 1710 5709 1799 5782; x_wconf 69' lang='lat' dir='ltr'><strong>sic</strong></span> <span class='ocrx_word' id='word_1_714' title='bbox 1827 5709 1988 5765; x_wconf 89' lang='lat' dir='ltr'><strong>unum</strong></span> <span class='ocrx_word' id='word_1_715' title='bbox 2018 5712 2174 5782; x_wconf 89' lang='lat' dir='ltr'><strong>hunc</strong></span> 
     </span>
    </p>
   </div>
   <div class='ocr_carea' id='block_1_106' title="bbox 607 5779 2174 5857">
    <p class='ocr_par' dir='ltr' id='par_1_106' title="bbox 607 5779 2174 5857">
     <span class='ocr_line' id='line_1_106' title="bbox 607 5779 2174 5857; baseline -0.005 -10"><span class='ocrx_word' id='word_1_716' title='bbox 607 5787 964 5857; x_wconf 70' lang='lat' dir='ltr'><strong>eundemque</strong></span> <span class='ocrx_word' id='word_1_717' title='bbox 986 5800 1126 5854; x_wconf 87' lang='lat' dir='ltr'><strong>esse,</strong></span> <span class='ocrx_word' id='word_1_718' title='bbox 1157 5779 1483 5853; x_wconf 77' lang='lat' dir='ltr'><strong>cottjicittttts.</strong></span> <span class='ocrx_word' id='word_1_719' title='bbox 1527 5779 1664 5836; x_wconf 71' lang='grc' dir='ltr'><strong>ΑΜ.</strong></span> <span class='ocrx_word' id='word_1_720' title='bbox 1706 5779 1964 5838; x_wconf 85' lang='lat' dir='ltr'><strong>lleumau.</strong></span> <span class='ocrx_word' id='word_1_721' title='bbox 1996 5781 2064 5839; x_wconf 84' lang='lat' dir='ltr'><strong>de</strong></span> <span class='ocrx_word' id='word_1_722' title='bbox 2093 5784 2174 5840; x_wconf 83' lang='grc' dir='ltr'>ιιο</span> 
     </span>
    </p>
   </div>
   <div class='ocr_carea' id='block_1_107' title="bbox 2274 4613 3828 4683">
    <p class='ocr_par' dir='ltr' id='par_1_107' title="bbox 2274 4613 3828 4683">
     <span class='ocr_line' id='line_1_107' title="bbox 2274 4613 3828 4683; baseline -0.006 -12"><span class='ocrx_word' id='word_1_723' title='bbox 2274 4630 2429 4671; x_wconf 88' lang='lat' dir='ltr'><strong>mana</strong></span> <span class='ocrx_word' id='word_1_724' title='bbox 2465 4616 2678 4681; x_wconf 84' lang='lat' dir='ltr'><strong>edocet,</strong></span> <span class='ocrx_word' id='word_1_725' title='bbox 2719 4623 2774 4670; x_wconf 91' lang='lat' dir='ltr'><strong>et</strong></span> <span class='ocrx_word' id='word_1_726' title='bbox 2810 4616 2888 4668; x_wconf 88' lang='lat' dir='ltr'><strong>sui</strong></span> <span class='ocrx_word' id='word_1_727' title='bbox 2932 4613 3156 4669; x_wconf 90' lang='lat' dir='ltr'><strong>scabinii</strong></span> <span class='ocrx_word' id='word_1_728' title='bbox 3197 4615 3244 4670; x_wconf 90' lang='lat' dir='ltr'><strong>ei</strong></span> <span class='ocrx_word' id='word_1_729' title='bbox 3281 4614 3687 4683; x_wconf 85' lang='lat' dir='ltr'><strong>iudicaverunt,</strong></span> <span class='ocrx_word' id='word_1_730' title='bbox 3725 4625 3828 4682; x_wconf 71' lang='lat' dir='ltr'><strong>pra-</strong></span> 
     </span>
    </p>
   </div>
   <div class='ocr_carea' id='block_1_108' title="bbox 2273 4707 3831 4777">
    <p class='ocr_par' dir='ltr' id='par_1_108' title="bbox 2273 4707 3831 4777">
     <span class='ocr_line' id='line_1_108' title="bbox 2273 4707 3831 4777; baseline -0.006 -13"><span class='ocrx_word' id='word_1_731' title='bbox 2273 4709 2443 4764; x_wconf 88' lang='lat' dir='ltr'><strong>dictas</strong></span> <span class='ocrx_word' id='word_1_732' title='bbox 2473 4707 2624 4761; x_wconf 91' lang='lat' dir='ltr'><strong>villas</strong></span> <span class='ocrx_word' id='word_1_733' title='bbox 2656 4707 2889 4776; x_wconf 87' lang='lat' dir='ltr'><strong>partibus</strong></span> <span class='ocrx_word' id='word_1_734' title='bbox 2919 4707 3121 4762; x_wconf 90' lang='lat' dir='ltr'><strong>nostris</strong></span> <span class='ocrx_word' id='word_1_735' title='bbox 3148 4707 3412 4777; x_wconf 86' lang='lat' dir='ltr'><strong>simulque</strong></span> <span class='ocrx_word' id='word_1_736' title='bbox 3445 4715 3504 4761; x_wconf 85' lang='lat' dir='ltr'><strong>et</strong></span> <span class='ocrx_word' id='word_1_737' title='bbox 3530 4716 3831 4775; x_wconf 66' lang='lat' dir='ltr'><strong>praeceptum</strong></span> 
     </span>
    </p>
   </div>
   <div class='ocr_carea' id='block_1_109' title="bbox 2273 4797 3833 4868">
    <p class='ocr_par' dir='ltr' id='par_1_109' title="bbox 2273 4797 3833 4868">
     <span class='ocr_line' id='line_1_109' title="bbox 2273 4797 3833 4868; baseline -0.004 -14"><span class='ocrx_word' id='word_1_738' title='bbox 2273 4797 2690 4854; x_wconf 88' lang='lat' dir='ltr'><strong>conﬁrmationis</strong></span> <span class='ocrx_word' id='word_1_739' title='bbox 2720 4807 2916 4852; x_wconf 69' lang='lat' dir='ltr'><strong>nostra:</strong></span> <span class='ocrx_word' id='word_1_740' title='bbox 2947 4797 3196 4852; x_wconf 89' lang='lat' dir='ltr'><strong>reddidit.</strong></span> <span class='ocrx_word' id='word_1_741' title='bbox 3231 4797 3304 4851; x_wconf 90' lang='lat' dir='ltr'><strong>De</strong></span> <span class='ocrx_word' id='word_1_742' title='bbox 3323 4798 3515 4868; x_wconf 85' lang='lat' dir='ltr'><strong>quibus</strong></span> <span class='ocrx_word' id='word_1_743' title='bbox 3538 4814 3651 4852; x_wconf 87' lang='lat' dir='ltr'><strong>nos</strong></span> <span class='ocrx_word' id='word_1_744' title='bbox 3674 4811 3833 4857; x_wconf 85' lang='lat' dir='ltr'><strong>unum,</strong></span> 
     </span>
    </p>
   </div>
   <div class='ocr_carea' id='block_1_110' title="bbox 2273 4887 3835 4959">
    <p class='ocr_par' dir='ltr' id='par_1_110' title="bbox 2273 4887 3835 4959">
     <span class='ocr_line' id='line_1_110' title="bbox 2273 4887 3835 4959; baseline -0.003 -16"><span class='ocrx_word' id='word_1_745' title='bbox 2273 4905 2390 4959; x_wconf 83' lang='lat' dir='ltr'><strong>quae</strong></span> <span class='ocrx_word' id='word_1_746' title='bbox 2414 4901 2630 4944; x_wconf 89' lang='lat' dir='ltr'><strong>vocatur</strong></span> <span class='ocrx_word' id='word_1_747' title='bbox 2657 4889 2994 4952; x_wconf 72' lang='lat' dir='ltr'><strong>Lauriacum,</strong></span> <span class='ocrx_word' id='word_1_748' title='bbox 3021 4904 3115 4958; x_wconf 86' lang='lat' dir='ltr'><strong>pro</strong></span> <span class='ocrx_word' id='word_1_749' title='bbox 3143 4890 3317 4943; x_wconf 88' lang='lat' dir='ltr'><strong>futura</strong></span> <span class='ocrx_word' id='word_1_750' title='bbox 3346 4890 3519 4943; x_wconf 84' lang='lat' dir='ltr'><strong>salute</strong></span> <span class='ocrx_word' id='word_1_751' title='bbox 3547 4887 3607 4942; x_wconf 91' lang='lat' dir='ltr'><strong>in</strong></span> <span class='ocrx_word' id='word_1_752' title='bbox 3634 4890 3835 4944; x_wconf 79' lang='lat' dir='ltr'><strong>eleemo-</strong></span> 
     </span>
    </p>
   </div>
   <div class='ocr_carea' id='block_1_111' title="bbox 2273 4979 3838 5049">
    <p class='ocr_par' dir='ltr' id='par_1_111' title="bbox 2273 4979 3838 5049">
     <span class='ocr_line' id='line_1_111' title="bbox 2273 4979 3838 5049; baseline -0.003 -15"><span class='ocrx_word' id='word_1_753' title='bbox 2273 4995 2404 5049; x_wconf 80' lang='lat' dir='ltr'><strong>syna</strong></span> <span class='ocrx_word' id='word_1_754' title='bbox 2435 4979 2616 5034; x_wconf 87' lang='lat' dir='ltr'><strong>domui</strong></span> <span class='ocrx_word' id='word_1_755' title='bbox 2650 4995 2713 5033; x_wconf 91' lang='lat' dir='ltr'><strong>ac</strong></span> <span class='ocrx_word' id='word_1_756' title='bbox 2741 4980 2997 5045; x_wconf 82' lang='lat' dir='ltr'><strong>genitoris</strong></span> <span class='ocrx_word' id='word_1_757' title='bbox 3040 4981 3207 5034; x_wconf 90' lang='lat' dir='ltr'><strong>nostri</strong></span> <span class='ocrx_word' id='word_1_758' title='bbox 3240 4981 3390 5034; x_wconf 66' lang='lat' dir='ltr'><strong>bona:</strong></span> <span class='ocrx_word' id='word_1_759' title='bbox 3420 4980 3705 5034; x_wconf 71' lang='lat' dir='ltr'><strong>memoria:</strong></span> <span class='ocrx_word' id='word_1_760' title='bbox 3741 4979 3838 5043; x_wconf 85' lang='lat' dir='ltr'><strong>Pip-</strong></span> 
     </span>
    </p>
   </div>
   <div class='ocr_carea' id='block_1_112' title="bbox 2274 5069 3841 5143">
    <p class='ocr_par' dir='ltr' id='par_1_112' title="bbox 2274 5069 3841 5143">
     <span class='ocr_line' id='line_1_112' title="bbox 2274 5069 3841 5143; baseline -0.004 -17"><span class='ocrx_word' id='word_1_761' title='bbox 2274 5074 2382 5143; x_wconf 90' lang='lat' dir='ltr'><strong>pini</strong></span> <span class='ocrx_word' id='word_1_762' title='bbox 2414 5072 2679 5143; x_wconf 85' lang='lat' dir='ltr'><strong>quondam</strong></span> <span class='ocrx_word' id='word_1_763' title='bbox 2709 5071 3079 5141; x_wconf 85' lang='lat' dir='ltr'><strong>gloriosissimi</strong></span> <span class='ocrx_word' id='word_1_764' title='bbox 3119 5072 3256 5140; x_wconf 88' lang='lat' dir='ltr'><strong>regis</strong></span> <span class='ocrx_word' id='word_1_765' title='bbox 3285 5072 3351 5124; x_wconf 89' lang='lat' dir='ltr'><strong>ad</strong></span> <span class='ocrx_word' id='word_1_766' title='bbox 3388 5070 3498 5141; x_wconf 86' lang='lat' dir='ltr'><strong>iam</strong></span> <span class='ocrx_word' id='word_1_767' title='bbox 3528 5069 3708 5126; x_wconf 86' lang='lat' dir='ltr'><strong>fatum</strong></span> <span class='ocrx_word' id='word_1_768' title='bbox 3749 5082 3841 5122; x_wconf 85' lang='lat' dir='ltr'><strong>mo-</strong></span> 
     </span>
    </p>
   </div>
   <div class='ocr_carea' id='block_1_113' title="bbox 2275 5229 3147 5300">
    <p class='ocr_par' dir='ltr' id='par_1_113' title="bbox 2275 5229 3147 5300">
     <span class='ocr_line' id='line_1_113' title="bbox 2275 5229 3147 5300; baseline -0.006 -11"><span class='ocrx_word' id='word_1_769' title='bbox 2275 5233 2667 5299; x_wconf 84' lang='lat' dir='ltr'><strong>Diplom.,cap.</strong></span> <span class='ocrx_word' id='word_1_770' title='bbox 2698 5230 2756 5295; x_wconf 72' lang='lat'><strong>2,</strong></span> <span class='ocrx_word' id='word_1_771' title='bbox 2792 5229 2938 5300; x_wconf 84' lang='lat'><strong>§66,</strong></span> <span class='ocrx_word' id='word_1_772' title='bbox 2971 5245 3024 5284; x_wconf 83' lang='grc' dir='ltr'><strong>η.</strong></span> <span class='ocrx_word' id='word_1_773' title='bbox 3059 5230 3147 5300; x_wconf 78' lang='lat' dir='ltr'><strong>II.</strong></span> 
     </span>
    </p>
   </div>
   <div class='ocr_carea' id='block_1_114' title="bbox 2343 5297 3843 5372">
    <p class='ocr_par' dir='ltr' id='par_1_114' title="bbox 2343 5297 3843 5372">
     <span class='ocr_line' id='line_1_114' title="bbox 2343 5297 3843 5372; baseline -0.001 -16"><span class='ocrx_word' id='word_1_774' title='bbox 2343 5297 2371 5343; x_wconf 63' lang='grc' dir='ltr'>Β</span> <span class='ocrx_word' id='word_1_775' title='bbox 2415 5297 2650 5372; x_wconf 62' lang='lat' dir='ltr'><strong>omam</strong></span> <span class='ocrx_word' id='word_1_776' title='bbox 2679 5297 2830 5372; x_wconf 67' lang='lat' dir='ltr'><strong>super</strong></span> <span class='ocrx_word' id='word_1_777' title='bbox 2860 5300 3068 5372; x_wconf 83' lang='lat' dir='ltr'><strong>Lisura.</strong></span> <span class='ocrx_word' id='word_1_778' title='bbox 3100 5299 3358 5366; x_wconf 77' lang='lat' dir='ltr'><strong>Martene,</strong></span> <span class='ocrx_word' id='word_1_779' title='bbox 3399 5297 3616 5355; x_wconf 85' lang='lat' dir='ltr'><strong>Calmet</strong></span> <span class='ocrx_word' id='word_1_780' title='bbox 3656 5309 3712 5356; x_wconf 80' lang='lat' dir='ltr'><strong>et</strong></span> <span class='ocrx_word' id='word_1_781' title='bbox 3735 5299 3843 5354; x_wconf 77' lang='lat' dir='ltr'><strong>Ber-</strong></span> 
     </span>
    </p>
   </div>
   <div class='ocr_carea' id='block_1_115' title="bbox 2276 5370 3399 5442">
    <p class='ocr_par' dir='ltr' id='par_1_115' title="bbox 2276 5370 3399 5442">
     <span class='ocr_line' id='line_1_115' title="bbox 2276 5370 3399 5442; baseline -0.005 -14"><span class='ocrx_word' id='word_1_782' title='bbox 2276 5370 2653 5442; x_wconf 85' lang='lat' dir='ltr'><strong>tltoletlegunt</strong></span> <span class='ocrx_word' id='word_1_783' title='bbox 2685 5370 2946 5442; x_wconf 55' lang='lat' dir='ltr'><strong>(Midam,</strong></span> <span class='ocrx_word' id='word_1_784' title='bbox 2977 5371 3068 5424; x_wconf 89' lang='lat' dir='ltr'><strong>sed</strong></span> <span class='ocrx_word' id='word_1_785' title='bbox 3103 5384 3399 5442; x_wconf 76' lang='lat' dir='ltr'><strong>perperam.</strong></span> 
     </span>
    </p>
   </div>
   <div class='ocr_carea' id='block_1_116' title="bbox 2349 5437 3846 5508">
    <p class='ocr_par' dir='ltr' id='par_1_116' title="bbox 2349 5437 3846 5508">
     <span class='ocr_line' id='line_1_116' title="bbox 2349 5437 3846 5508; baseline -0.003 -14"><span class='ocrx_word' id='word_1_786' title='bbox 2349 5455 2370 5482; x_wconf 79' lang='grc' dir='ltr'><strong>ο</strong></span> <span class='ocrx_word' id='word_1_787' title='bbox 2417 5437 2806 5495; x_wconf 68' lang='grc' dir='ltr'><strong>ιρωἠοηιαήα.</strong></span> <span class='ocrx_word' id='word_1_788' title='bbox 2841 5437 2944 5494; x_wconf 86' lang='lat' dir='ltr'><strong>Per</strong></span> <span class='ocrx_word' id='word_1_789' title='bbox 2984 5442 3151 5508; x_wconf 78' lang='lat' dir='ltr'><strong>legem</strong></span> <span class='ocrx_word' id='word_1_790' title='bbox 3193 5438 3487 5494; x_wconf 82' lang='lat' dir='ltr'><strong>Romanam</strong></span> <span class='ocrx_word' id='word_1_791' title='bbox 3529 5439 3625 5498; x_wconf 84' lang='lat' dir='ltr'><strong>hic</strong></span> <span class='ocrx_word' id='word_1_792' title='bbox 3667 5437 3846 5495; x_wconf 85' lang='lat' dir='ltr'><strong>intelli-</strong></span> 
     </span>
    </p>
   </div>
   <div class='ocr_carea' id='block_1_117' title="bbox 2274 5509 3846 5638">
    <p class='ocr_par' dir='ltr' id='par_1_117' title="bbox 2274 5509 3846 5638">
     <span class='ocr_line' id='line_1_117' title="bbox 2274 5509 3846 5638; baseline -0.004 -72"><span class='ocrx_word' id='word_1_793' title='bbox 2274 5514 2414 5638; x_wconf 57' lang='lat' dir='ltr'><strong>gitur</strong></span> <span class='ocrx_word' id='word_1_794' title='bbox 2453 5511 2634 5593; x_wconf 69' lang='lat' dir='ltr'><strong>tlodex</strong></span> <span class='ocrx_word' id='word_1_795' title='bbox 2675 5510 3109 5592; x_wconf 80' lang='lat' dir='ltr'><strong>Theodosianus;</strong></span> <span class='ocrx_word' id='word_1_796' title='bbox 3143 5509 3442 5591; x_wconf 40' lang='lat' dir='ltr'><strong>.l‘andectat</strong></span> <span class='ocrx_word' id='word_1_797' title='bbox 3487 5513 3636 5565; x_wconf 85' lang='lat' dir='ltr'><strong>enim</strong></span> <span class='ocrx_word' id='word_1_798' title='bbox 3678 5521 3733 5566; x_wconf 87' lang='lat' dir='ltr'><strong>et</strong></span> <span class='ocrx_word' id='word_1_799' title='bbox 3767 5509 3846 5593; x_wconf 53' lang='lat' dir='ltr'><strong>ius</strong></span> 
     </span>
     <span class='ocr_line' id='line_1_118' title="bbox 2309 5580 3843 5636; baseline -0.002 0"><span class='ocrx_word' id='word_1_800' title='bbox 2309 5596 2676 5636; x_wconf 71' lang='lat' dir='ltr'><strong>usttntantenm</strong></span> <span class='ocrx_word' id='word_1_801' title='bbox 2701 5581 2934 5634; x_wconf 91' lang='lat' dir='ltr'><strong>nondum</strong></span> <span class='ocrx_word' id='word_1_802' title='bbox 2958 5597 3009 5634; x_wconf 92' lang='lat' dir='ltr'><strong>tn</strong></span> <span class='ocrx_word' id='word_1_803' title='bbox 3032 5580 3320 5635; x_wconf 78' lang='lat' dir='ltr'><strong>Occulente</strong></span> <span class='ocrx_word' id='word_1_804' title='bbox 3343 5591 3715 5636; x_wconf 81' lang='lat' dir='ltr'><strong>innotuerant.</strong></span> <span class='ocrx_word' id='word_1_805' title='bbox 3746 5582 3843 5633; x_wconf 68' lang='lat' dir='ltr'><strong>hst-</strong></span> 
     </span>
    </p>
   </div>
   <div class='ocr_carea' id='block_1_118' title="bbox 2309 5579 3843 5636">
    <p class='ocr_par' dir='ltr' id='par_1_118' title="bbox 2309 5579 3843 5636">
     <span class='ocr_line' id='line_1_119' title="bbox 2309 5579 3843 5636; baseline -0.002 0"><span class='ocrx_word' id='word_1_806' title='bbox 2309 5584 2676 5636; x_wconf 69' lang='lat' dir='ltr'><strong>ustinianzenm</strong></span> <span class='ocrx_word' id='word_1_807' title='bbox 2701 5581 2934 5634; x_wconf 90' lang='lat' dir='ltr'><strong>nondum</strong></span> <span class='ocrx_word' id='word_1_808' title='bbox 2958 5581 3009 5634; x_wconf 92' lang='lat' dir='ltr'><strong>in</strong></span> <span class='ocrx_word' id='word_1_809' title='bbox 3032 5580 3320 5635; x_wconf 85' lang='lat' dir='ltr'><strong>Occidente</strong></span> <span class='ocrx_word' id='word_1_810' title='bbox 3343 5579 3715 5636; x_wconf 88' lang='lat' dir='ltr'><strong>innotuerant.</strong></span> <span class='ocrx_word' id='word_1_811' title='bbox 3746 5581 3843 5633; x_wconf 75' lang='lat' dir='ltr'><strong>Est-</strong></span> 
     </span>
    </p>
   </div>
   <div class='ocr_carea' id='block_1_119' title="bbox 2274 5648 3846 5720">
    <p class='ocr_par' dir='ltr' id='par_1_119' title="bbox 2274 5648 3846 5720">
     <span class='ocr_line' id='line_1_120' title="bbox 2274 5648 3846 5720; baseline -0.003 -14"><span class='ocrx_word' id='word_1_812' title='bbox 2274 5669 2377 5720; x_wconf 91' lang='lat' dir='ltr'><strong>que</strong></span> <span class='ocrx_word' id='word_1_813' title='bbox 2417 5653 2517 5707; x_wconf 89' lang='lat' dir='ltr'><strong>hoc</strong></span> <span class='ocrx_word' id='word_1_814' title='bbox 2545 5653 2771 5718; x_wconf 88' lang='lat' dir='ltr'><strong>primum</strong></span> <span class='ocrx_word' id='word_1_815' title='bbox 2809 5650 3126 5720; x_wconf 74' lang='lat' dir='ltr'><strong>vestigium,</strong></span> <span class='ocrx_word' id='word_1_816' title='bbox 3166 5650 3308 5719; x_wconf 90' lang='lat' dir='ltr'><strong>quod</strong></span> <span class='ocrx_word' id='word_1_817' title='bbox 3343 5650 3482 5705; x_wconf 88' lang='lat' dir='ltr'><strong>inter</strong></span> <span class='ocrx_word' id='word_1_818' title='bbox 3513 5661 3698 5706; x_wconf 79' lang='lat' dir='ltr'><strong>nostra</strong></span> <span class='ocrx_word' id='word_1_819' title='bbox 3737 5648 3846 5705; x_wconf 81' lang='lat' dir='ltr'><strong>mihi</strong></span> 
     </span>
    </p>
   </div>
   <div class='ocr_carea' id='block_1_120' title="bbox 2275 5719 3723 5792">
    <p class='ocr_par' dir='ltr' id='par_1_120' title="bbox 2275 5719 3723 5792">
     <span class='ocr_line' id='line_1_121' title="bbox 2275 5719 3723 5792; baseline -0.004 -10"><span class='ocrx_word' id='word_1_820' title='bbox 2275 5719 2528 5790; x_wconf 78' lang='lat' dir='ltr'><strong>Occurrit,</strong></span> <span class='ocrx_word' id='word_1_821' title='bbox 2559 5720 2700 5779; x_wconf 85' lang='lat' dir='ltr'><strong>Juris</strong></span> <span class='ocrx_word' id='word_1_822' title='bbox 2728 5721 2962 5778; x_wconf 72' lang='lat' dir='ltr'><strong>Romani</strong></span> <span class='ocrx_word' id='word_1_823' title='bbox 2982 5725 3035 5778; x_wconf 84' lang='lat' dir='ltr'><strong>iu</strong></span> <span class='ocrx_word' id='word_1_824' title='bbox 3067 5719 3290 5778; x_wconf 78' lang='lat' dir='ltr'><strong>Francia</strong></span> <span class='ocrx_word' id='word_1_825' title='bbox 3315 5724 3428 5790; x_wconf 82' lang='lat' dir='ltr'><strong>iam</strong></span> <span class='ocrx_word' id='word_1_826' title='bbox 3454 5723 3723 5792; x_wconf 86' lang='lat' dir='ltr'><strong>usurpati.</strong></span> 
     </span>
    </p>
   </div>
  </div>
