3964 6344
167 343 316 404 1069
383 340 620 400 CODEX
661 335 1185 402 υιριοδιΑτιουε.
1225 363 1295 378 ·-
1332 328 1751 390 PRIVILEGIA.
1789 353 1862 369 -ι
1895 325 1982 382 Ill.
2021 323 2272 383 PRlVlL.
2313 325 2448 381 PER
2475 323 2774 398 ,PARTES
2809 319 3215 378 GERMANL‘E.
3292 319 3428 376 1070

161 460 461 518 aasterium
492 456 662 512 sancti
701 454 994 510 Salvatoris
1021 468 1116 524 per
1154 458 1478 522 praeceptum
1517 445 1750 502 auctori-
1778 446 1830 504 Α
1857 441 2028 496 valeat
2068 453 2398 510 permanere,
2441 455 2601 495 manu
2641 437 2851 508 propria
2883 437 3234 502 firmavimus,
3269 445 3323 491 et
3361 434 3432 492 de

159 555 294 612 tatis
344 559 541 607 nostra:
583 547 968 617 delegavimus,
1018 554 1074 600 et
1120 545 1314 610 aliam,
1367 557 1485 609 quas
1534 548 1752 594 vocatur

157 647 406 710 Catiaco,
435 641 554 713 quia
597 641 695 710 ipsi
729 652 987 710 pagenses
1028 637 1204 693 testati
1245 647 1368 690 sunt
1393 634 1590 688 vidisse
1629 646 1748 687 eam

162 737 392 801 habere,
435 733 572 789 aviae
611 733 778 803 ipsius
823 731 1028 787 Asoarii
1057 729 1326 786 'l‘eodild:e
1369 729 1420 782 in
1461 726 1614 781 alode
1656 740 1752 794 per

158 838 411 884 nostram
435 822 875 880 conﬁrmavimus
903 819 1294 876 auctoritatem.
1341 819 1532 874 lterum
1573 826 1748 871 autem

155 928 291 990 post
329 916 631 985 aliquantos
669 927 840 968 annos
883 921 998 967 orta
1043 919 1126 968 est
1169 910 1392 966 intentio
1435 906 1750 982 [contentio]

151 1009 362 1067 exinde
381 1023 479 1076 pro
499 1006 765 1077 aliquibus
785 1003 1130 1074 appendiciis,
1157 1017 1274 1072 qua:
1293 1001 1358 1057 ad
1381 1001 1547 1070 ipsam
1571 1001 1748 1055 villam

158 1101 472 1171 pertinent,
515 1099 654 1154 inter
686 1097 800 1168 iam
842 1096 1043 1151 dictum
1086 1093 1365 1147 Asoarium
1409 1091 1652 1146 abbatem
1697 1099 1751 1145 et

155 1191 448 1248 Nunonem
483 1189 739 1245 comitem
783 1195 1054 1251 nostrum,
1083 1184 1174 1253 qui
1213 1182 1279 1238 ad
1319 1190 1553 1237 nostram
1586 1182 1748 1237 alter-

149 1283 341 1339 cando
361 1280 678 1338 accedentes
697 1277 1056 1348 przesentiam,
1080 1275 1412 1345 repperimus
1430 1273 1745 1340 certissime,

153 1387 278 1432 tam
307 1389 405 1445 per
432 1385 654 1428 veraces
683 1368 948 1431 homines,
972 1381 1127 1437 quam
1159 1381 1252 1434 per
1276 1373 1590 1429 strumenta,
1621 1378 1749 1432 qua-

157 1466 292 1520 liter
312 1473 436 1518 ante
456 1462 594 1516 dicta
619 1460 736 1514 avia
761 1473 858 1514 sua
881 1456 1280 1513 Theodelhildis
1308 1469 1466 1524 supra
1494 1455 1746 1524 scriptam

158 1555 352 1610 villam
401 1551 675 1606 Catiacum
715 1562 840 1604 cum
886 1548 1005 1602 aliis
1049 1549 1207 1603 rebus
1254 1545 1590 1616 proprietatis
1636 1559 1746 1598 sine

154 1647 369 1704 domno
391 1654 448 1700 et
487 1643 714 1714 genitori
755 1650 941 1696 nostro
971 1639 1296 1703 tradiderat,
1326 1647 1382 1693 et
1420 1637 1538 1692 ideo
1567 1649 1743 1692 nostra

155 1740 288 1810 plus
319 1737 520 1806 legibus
545 1749 662 1790 cum
691 1731 890 1802 justitia
919 1746 1040 1787 esse
1066 1730 1316 1794 deberet,
1344 1744 1500 1796 quam
1535 1728 1740 1784 Asuarii

1851 531 2010 585 anulo
2037 542 2219 587 nostro
2242 532 2475 602 sigillare
2497 532 2772 601 jnssimus.

1923 621 2138 692 Signum
2169 625 2341 677 Caroli
2370 623 2736 694 gloriosissimi
2766 621 2927 690 regis.
2961 617 3321 674 Ercanbaldus
3362 617 3430 673 ad

1854 715 2112 770 vicem....
2143 716 2446 786 recognovi.

1927 806 2053 860 Data
2091 821 2182 860 xm
2215 802 2442 862 Kalend.
2483 805 2728 871 martias,
2770 817 2910 858 anno
2955 817 3138 856 axvmt
3173 799 3342 874 [xm]
3375 810 3430 856 et

1853 909 1976 949 xxiv
2006 895 2150 964 regni
2182 895 2368 950 nostri.

1921 988 2112 1042 Actum
2153 985 2470 1057 Aquisgrani
2511 985 2708 1056 palatio
2747 992 2932 1040 nostro
2973 982 3212 1054 publice,
3248 980 3299 1034 in
3336 979 3430 1036 Dei

1849 1079 2064 1134 nomine
2091 1076 2329 1132 feliciter.
2364 1078 2551 1132 Amen.
2584 1145 2681 1201 xx

1847 1235 2024 1316 Caroli
2064 1236 2243 1307 Magni
2280 1237 2603 1316 imperatoris
2643 1237 2984 1316 donationquq
3019 1233 3216 1304 confert
3251 1233 3430 1316 ‘archi-

1919 1305 2236 1451 ἷρίεειιρὲὁ
2274 1307 2496 1362 εεσιειὲίε
2529 1305 2810 1362 Trevirensi
2840 1305 3069 1361 Cerviam
3098 1321 3211 1360 cum
3241 1306 3433 1375 forests

1945 1395 2077 1432 anno
2243 1417 2260 1434 .

1945 1395 2077 1432 anno
2108 1395 2260 1434 δυΖΙο

2269 1524 2282 1536 ο
2355 1467 2451 1530 (Ex
2475 1466 2754 1528 Honthelm,
2777 1466 2914 1528 ibid.)

1923 1551 1978 1604 ln
2025 1551 2242 1607 nomine
2282 1562 2470 1606 sancte
2501 1561 2554 1606 et
2592 1549 2860 1605 individue
2886 1547 3180 1604 Trinitatis.
3211 1546 3433 1603 Carolus

1847 1641 2025 1696 divina
2049 1642 2262 1698 favente
2285 1641 2572 1698 clementia
2603 1641 2892 1711 imperator
2910 1649 3164 1710 angustus
3192 1646 3250 1694 et
3277 1639 3432 1694 Fran-

1847 1747 2032 1787 corum
2059 1733 2330 1801 patricius.
2360 1734 2683 1800 Comitibus,
2711 1733 2937 1787 ducibus
2967 1742 3075 1786 tam
3103 1732 3238 1786 ultra
3270 1745 3432 1800 quam

156 1828 376 1884 abbatis
405 1827 473 1881 de
515 1834 662 1893 parte
696 1823 976 1896 genitricis
1004 1837 1116 1877 suae
1141 1822 1487 1877 Williaranm.
1522 1822 1614 1876 llis
1646 1821 1748 1876 ita-
1780 1811 1826 1871 B
1857 1822 1994 1878 circa
2028 1823 2268 1878 Rhenum
2309 1834 2364 1880 et
2406 1825 2636 1898 Ligerim
2668 1825 3000 1895 degentibus,
3048 1833 3150 1877 tam
3185 1825 3434 1893 presenti-

154 1933 275 1990 que
303 1917 464 1984 gestis
485 1916 688 1987 placuit
721 1914 1019 1969 oelsitudini
1050 1923 1276 1979 nostrae,
1311 1923 1367 1966 nt
1405 1913 1474 1966 ob
1510 1928 1746 1968 amorem

162 2011 264 2067 Dei
294 2020 348 2067 et
377 2011 728 2066 reverentiam
758 2009 946 2078 ipsius,
978 2009 1097 2078 quia
1129 2008 1212 2063 vir
1249 2008 1338 2062 Dei
1373 2024 1493 2063 esse
1519 2009 1750 2064 dinosci-

159 2114 279 2169 tur,
307 2117 372 2158 ex
404 2103 564 2156 corde
606 2115 735 2171 puro
773 2107 828 2154 et
863 2100 1068 2154 sincera
1103 2099 1404 2166 voluntate,
1446 2103 1566 2166 quia
1607 2100 1748 2156 aliud

160 2209 272 2264 pro
300 2192 441 2247 aliud
464 2233 480 2256 ,
508 2206 665 2262 quam
695 2190 774 2245 vir
802 2190 1133 2258 simpliciter,
1165 2191 1320 2246 nobis
1351 2194 1528 2246 retulit
1559 2202 1612 2247 et
1640 2194 1750 2248 cul-

164 2282 363 2355 pabilis
385 2292 544 2352 atque
559 2282 839 2337 convictus
860 2282 1124 2350 apparuit,
1141 2282 1192 2335 in
1211 2284 1548 2354 eleemosyna
1573 2295 1749 2340 nostra

166 2377 221 2432 ei
247 2377 422 2433 omnia
467 2374 765 2444 indulgere,
805 2383 862 2429 et
902 2374 1119 2444 insuper
1160 2374 1301 2442 ipsas
1327 2374 1479 2429 villas
1507 2375 1753 2444 superius

165 2470 472 2526 nominatas
510 2467 767 2523 Lauriaco
797 2477 851 2522 et
875 2467 1112 2522 Cattiaco
1137 2483 1256 2522 cum
1286 2470 1397 2524 suis
1426 2471 1752 2540 appendiciis

172 2579 272 2634 pro
298 2563 472 2619 salute
511 2563 807 2618 animarum
847 2562 1029 2617 domni
1061 2577 1124 2619 ac
1163 2565 1416 2635 genitoris
1457 2567 1620 2622 nostri
1658 2581 1752 2622 seu

170 2654 470 2724 genitricis,
501 2652 568 2708 ad
601 2652 908 2722 praedictum
939 2654 1318 2710 monasterium
1344 2671 1409 2712 ex
1439 2666 1620 2712 nostro
1649 2657 1752 2712 lar-

169 2745 352 2813 gitatis
386 2757 607 2800 munere
632 2743 936 2813 plenissima
962 2744 1345 2801 deliberatione
1378 2747 1573 2803 cedere
1600 2756 1658 2804 et
1697 2749 1750 2804 in

173 2833 428 2889 omnibus
457 2835 790 2890 conﬁrmare.
824 2834 1133 2892 Statuentes
1156 2851 1286 2906 ergo
1309 2837 1576 2908 jubcmus,
1609 2838 1750 2908 quod

175 2929 560 2997 perpetualiter
590 2942 890 2984 mansurum
916 2944 1042 2987 esse
1069 2931 1334 2998 volumus,
1369 2941 1427 2987 ut
1466 2933 1656 2988 amodo
1697 2922 1751 2990 et

175 3021 436 3089 deinceps
477 3033 616 3090 sape
654 3032 975 3078 memoratus
1014 3022 1096 3078 vir
1135 3023 1455 3079 venerabilis
1493 3023 1750 3081 Asuarins

179 3111 346 3166 abbas
383 3110 566 3180 suique
607 3113 658 3166 in
700 3123 1009 3183 perpetuum
1047 3127 1405 3179 successores,
1437 3117 1524 3186 qui
1556 3116 1750 3172 fuerint

181 3213 422 3270 pastores
465 3205 808 3275 snprascripti
853 3207 1164 3262 monasterii
1210 3209 1379 3264 sancti
1421 3209 1748 3276 Salvatoris,

172 3293 286 3362 jam
314 3294 482 3349 dictas
509 3297 660 3352 villas
691 3297 946 3354 Lauriaco
983 3309 1037 3355 et
1065 3300 1320 3368 Cattiaco,
1354 3317 1454 3356 una
1491 3317 1610 3357 cum
1649 3311 1752 3358 ter-

170 3384 271 3450 ris,
299 3384 566 3454 domibus,
599 3389 860 3458 ardiflciis,
902 3390 1205 3457 accolabns,
1236 3393 1533 3460 mancipiis,
1565 3394 1750 3459 vineis,

163 3477 401 3546 campis,
458 3479 628 3544 silvis,
683 3481 867 3548 pratis,
920 3483 1152 3551 pascuis,
1201 3486 1352 3553 aquis
1391 3500 1754 3554 aquarumque

168 3566 512 3631 decursibus,
557 3568 838 3624 mobilibus
879 3582 933 3624 et
982 3573 1369 3640 immobilibus,
1412 3577 1751 3644 appenditiis,

167 3658 514 3728 adjacentiis,
544 3659 725 3712 omnia
750 3669 804 3714 et
832 3677 896 3714 ex
925 3663 1193 3727 omnibus,
1221 3666 1358 3718 sicut
1384 3665 1448 3718 ad
1483 3667 1596 3733 ipsa
1639 3668 1752 3722 loca

160 3751 420 3816 aspicere
469 3749 695 3816 videtur,
741 3760 796 3806 et
826 3761 1026 3816 nostra.
1082 3753 1189 3808 Deo
1216 3754 1465 3819 donante,
1519 3756 1750 3826 legitima

163 3840 388 3894 videtur
414 3854 534 3896 esse
566 3843 848 3910 possessio,
889 3857 984 3911 per
1013 3845 1113 3898 hoc
1150 3854 1390 3898 nostrum
1421 3846 1752 3899 auctoritatis

160 3943 235 3988 et
257 3931 533 4000 cessionis,
561 3944 720 4004 atque
745 3935 1166 3990 confirmationis
1199 3946 1517 4005 praeceptum
1545 3935 1610 3990 ad
1643 3951 1754 4004 par-

164 4034 286 4080 tem
329 4025 493 4093 ipsins
531 4027 696 4081 sancti
727 4027 823 4082 loci
856 4027 906 4080 in
940 4028 1283 4097 eleemosyna
1315 4035 1496 4082 nostra
1538 4034 1754 4081 teneant

165 4123 337 4183 atque
364 4115 687 4183 possideant,
725 4127 777 4172 et
812 4119 876 4171 ad
906 4118 1074 4186 ipsam
1105 4131 1282 4173 casam
1316 4117 1409 4173 Dei
1441 4121 1635 4174 nostris
1665 4117 1751 4172 fn-

171 4205 420 4272 turisque
449 4207 778 4275 temporibus
825 4208 1101 4276 proficiant
1129 4209 1181 4263 in
1213 4210 1540 4279 angmentis,
1580 4219 1753 4278 quate-

172 4309 285 4350 mis
313 4296 500 4350 melius
527 4297 752 4353 delectet
783 4299 928 4368 ipsos
955 4313 1143 4355 servos
1170 4299 1282 4364 Dei,
1308 4301 1396 4368 qui
1423 4301 1617 4355 ibidem
1645 4302 1751 4356 Deo

171 4385 517 4453 famulantur,
567 4402 662 4454 pro
710 4392 861 4446 nobis
908 4399 963 4447 et
1012 4391 1196 4448 liberis
1241 4393 1457 4459 nosuis,
1510 4408 1604 4448 seu
1658 4409 1754 4462 pro

171 4476 468 4532 stabilitate
499 4481 645 4549 regni
677 4483 864 4551 nostri,
897 4495 951 4536 et
977 4498 1072 4550 pro
1100 4484 1378 4539 animabus
1405 4483 1662 4556 genitoris
1691 4499 1752 4538 ac

171 4568 456 4638 genitricis
495 4581 690 4624 nostra:
731 4573 926 4643 jugiter
962 4575 1170 4629 Domini
1211 4575 1626 4630 misericordiam
1669 4592 1754 4631 cx-

167 4677 358 4718 orare.
407 4663 472 4718 Et
517 4673 574 4719 ut
615 4664 727 4720 hac
762 4667 1048 4721 auctoritas
1094 4669 1343 4722 inviolata
1394 4669 1502 4724 Deo
1548 4673 1752 4727 auctori

255 4813 282 4842 ι
324 4801 636 4877 Wcontadus
658 4815 703 4859 et
724 4805 880 4874 pater
896 4807 1009 4877 ejus
1026 4805 1260 4860 Earinus.
1289 4805 1526 4860 Praesens
1546 4808 1750 4874 charta,

175 4873 359 4940 quoad
398 4888 510 4928 rem
546 4873 808 4942 ipsam’et
848 4873 1193 4929 substantiam
1239 4877 1366 4930 mihi
1410 4877 1627 4932 minime
1664 4873 1755 4932 sn;

179 4951 389 5008 specta,
435 4945 608 5011 quoad
654 4944 873 4998 formam
911 4956 1058 4999 certe
1102 4945 1220 5000 talis
1256 4945 1483 5000 videtur.
1531 4946 1756 5002 [δι-,νιετ-

178 5013 542 5081 quamenim,
575 5015 714 5080 quod
742 5015 914 5069 Caroli
942 5015 1125 5068 titulus
1152 5016 1471 5068 Francorum
1505 5017 1754 5081 patricius

180 5081 303 5164 (qui.
329 5080 548 5164 deberet
581 5097 704 5164 esse
740 5081 1074 5164 Francorum
1106 5080 1638 5164 llex,__ﬂtitt_tanortttti
1670 5104 1755 5154 pa-

183 5151 396 5231 tricius)
421 5160 690 5231 truncatus
710 5162 982 5222 appareat,
1010 5152 1281 5231 Weomadi
1305 5163 1364 5231 et
1383 5154 1554 5231 Dasini
1572 5151 1753 5231 cogeva

182 5222 295 5274 vita
321 5237 424 5276 non
453 5222 702 5276 convenit
730 5238 848 5276 cum
877 5238 1014 5276 anno
1041 5225 1308 5290 regiminis
1333 5222 1402 5278 δι
1429 5225 1605 5279 Caroli
1637 5228 1754 5279 Ma-

185 5291 298 5358 gni.
329 5290 622 5348 Convixere
659 5293 839 5361 utique
878 5291 1560 5357 Basinus-etWeomadus,
1595 5297 1754 5351 ambo

187 5363 488 5415 successive
514 5365 682 5417 sancti
713 5363 980 5417 Maximini
1005 5362 1242 5428 abbates,
1274 5373 1327 5416 et
1356 5365 1546 5418 deinde
1571 5365 1755 5418 Trevi-

188 5441 370 5482 rorum
410 5435 693 5498 praesules:
739 5441 795 5487 at
829 5435 984 5487 citius
1017 5448 1031 5484 :
1073 5448 1240 5501 neque
1267 5435 1406 5485 enim
1448 5436 1614 5502 potuit
1645 5445 1750 5488 tam

187 5503 655 5570 seroqsuperfuisse
676 5503 916 5566 Basinns,
945 5503 1032 5569 qui
1050 5502 1155 5568 jam
1176 5503 1275 5553 sub
1301 5507 1453 5555 linem
1477 5507 1658 5557 saeculi
1682 5521 1751 5559 vu

187 5569 419 5636 prafnil.
451 5569 609 5626 Juvat
648 5573 736 5628 hic
761 5574 947 5627 audire
976 5573 1132 5627 Alex.
1164 5571 1526 5625 Wilthetniutn
1559 5577 1748 5628 Annal.

184 5640 359 5718 sancti
390 5641 602 5718 binim.
641 5659 742 5696 ms.
775 5644 892 5698 Lib.
924 5657 960 5696 ιι
1000 5644 1050 5697 in
1091 5644 1205 5718 fine
1229 5643 1293 5695 ad
1329 5658 1456 5694 ann.
1491 5641 1624 5707 720,
1666 5645 1752 5718 ubi

186 5711 272 5791 ita
296 5725 310 5762 :
337 5728 374 5791 γρ
416 5711 632 5791 Basinus
668 5722 1154 5791 autem_qn_ousq_ue
1194 5715 1534 5791 imposternm
1558 5715 1751 5791 munia

185 5780 394 5836 abbatis
424 5784 666 5850 gesserit,
698 5782 833 5836 baud
861 5783 1013 5838 facile
1040 5784 1285 5839 dixerim.
1334 5783 1441 5838 lluc
1469 5786 1597 5838 satis
1627 5799 1748 5840 cou-

1851 1917 1950 1972 bns
1978 1934 2135 1987 quam
2167 1919 2376 1974 futuris.
2410 1920 2463 1975 ld
2496 1921 2648 1975 nobis
2675 1919 2739 1974 ad
2771 1927 3110 1989 augmentum
3149 1926 3205 1972 et
3243 1916 3434 1972 stabili-

1852 2017 2014 2088 tatem
2048 2011 2194 2080 regni
2228 2011 2393 2065 nostri
2425 2011 2606 2080 procul
2635 2009 2797 2066 dubio
2829 2009 2882 2063 in
2914 2009 3006 2063 Dei
3034 2008 3249 2062 nomine
3273 2005 3434 2062 credi-

1851 2117 1970 2156 mus
1996 2105 2282 2171 pertinere,
2307 2103 2351 2158 si
2376 2103 2715 2172 petitionibus
2743 2103 3079 2158 sacerdotum
3106 2110 3161 2156 et
3184 2100 3438 2157 ecclesia-

1851 2207 1968 2247 rum
2003 2193 2095 2247 Dei
2124 2193 2358 2248 fidelium
2388 2195 2550 2249 rectis
2575 2191 2915 2263 petitionibus
2941 2206 3215 2247 assensum
3246 2189 3434 2259 prebe-

1853 2301 1991 2341 mus.
2041 2285 2222 2355 itaque
2271 2287 2352 2341 vir
2396 2286 2722 2356 apostolicus
2751 2282 3128 2340 nWeomadus
3173 2290 3226 2338 et
3270 2280 3434 2336 frater

1852 2375 1968 2446 ejus
2021 2377 2245 2432 Basinus
2300 2385 2356 2432 et
2405 2377 2601 2432 missus
2653 2383 2834 2432 noster
2885 2374 3164 2430 Aufericus
3215 2373 3282 2427 ad
3334 2387 3432 2427 nos

1852 2468 2128 2522 venientes
2153 2467 2450 2522 retulerunt
2477 2464 2812 2547 nobis,_quod
2835 2465 3240 2534 predecessorcs
3263 2461 3434 2517 nostri

1853 2577 2007 2632 reges
2049 2565 2117 2618 ob
2157 2562 2549 2617 edificationcm
2589 2575 2804 2615 suarum
2843 2557 3138 2614 animarum
3175 2553 3435 2626 quasdam

1853 2671 1940 2711 res
1961 2655 2028 2710 ad
2050 2657 2234 2709 fiscum
2259 2655 2528 2724 publicum
2553 2653 2874 2722 pertinentes
2895 2649 3226 2706 tradiderunt
3243 2654 3434 2701 sancto

1855 2746 2014 2803 Petro
2037 2747 2104 2802 ad
2131 2747 2468 2802 Trevericam
2495 2745 2798 2810 ecclesiam,
2821 2742 3063 2797 videlicet
3085 2739 3434 2795 Valemacum

1850 2853 1972 2894 cum
2001 2838 2252 2893 omnibus
2276 2837 2607 2907 appendiciis
2634 2837 2765 2902 suis,
2797 2843 3021 2902 excepto
3049 2833 3164 2888 loco
3191 2831 3430 2887 Cerviam

1850 2929 2034 3003 (Germ
2063 2932 2357 2996 nominato,
2389 2939 2443 2984 et
2473 2929 2725 2985 Serviaco
2748 2941 2870 2982 cum
2903 2926 3100 2980 foreste
3127 2923 3291 2993 regia,
3319 2923 3432 2990 ipsa

1849 3031 2029 3077 autem
2059 3021 2412 3086 retinuerunt,
2441 3018 2537 3075 sed
2563 3032 2725 3074 causa
2754 3016 3068 3074 venationis.
3097 3016 3430 3086 Quapropter

1855 3115 2126 3185 deprecati
2153 3123 2278 3170 sunt
2309 3114 2527 3184 predicti
2559 3113 2743 3169 fideles
2771 3111 2956 3176 nostri,
2979 3117 3038 3164 ut
3057 3107 3289 3178 prodicta
3315 3107 3428 3160 loca

1855 3214 2096 3268 Cerviam
2134 3221 2190 3267 et
2223 3211 2537 3268 Serviacum
2578 3209 2773 3277 pariter
2804 3222 2924 3262 cum
2964 3205 3181 3270 foreste,
3219 3217 3325 3272 que
3361 3201 3429 3256 ad

1857 3305 2042 3361 fiscum
2072 3304 2422 3371 respiciebat,
2451 3303 2782 3358 traderemus
2808 3302 2872 3355 ad
2904 3306 3146 3354 sanctum
3174 3298 3384 3352 Petrum
3405 3336 3422 3360 ,

1856 3411 1924 3451 ne
1960 3411 2056 3451 sua
2093 3396 2372 3450 occasione
2411 3393 2575 3464 ipsius
2611 3391 2825 3447 forestis
2862 3388 3300 3458 circumjacentes
3339 3399 3425 3440 res

1854 3490 2024 3543 sancti
2057 3487 2198 3542 Petri
2228 3496 2581 3542 vastarentur.
2620 3484 2786 3556 Igitur
2816 3500 2912 3538 nos
2939 3497 3123 3539 eorum
3152 3479 3424 3552 petitioni-

1855 3582 1952 3636 bus
1981 3590 2298 3646 annuentes,
2329 3580 2480 3650 legali
2509 3579 2626 3649 jure
2655 3577 2968 3632 tradidimus
2995 3576 3059 3630 ad
3087 3574 3422 3630 Trevericam

1855 3673 2134 3727 ecclesiam
2187 3670 2356 3725 sancti
2409 3671 2548 3726 Petri
2596 3685 2752 3740 supra
2797 3667 2934 3722 dicta
2985 3667 3132 3734 loca,
3181 3663 3423 3719 Cerviam

1856 3761 2099 3816 videlicet
2142 3769 2197 3815 et
2233 3761 2563 3826 Serviacum,
2610 3775 2730 3814 cum
2773 3759 3018 3814 omnibus
3055 3757 3120 3811 ad
3161 3756 3271 3825 ipsa
3312 3757 3426 3808 loca

1857 3851 2261 3921 pertinentibus,
2295 3852 2520 3918 campis,
2559 3851 2752 3917 pratis,
2793 3849 3031 3917 pascuis,
3071 3847 3220 3916 aquis
3256 3861 3424 3914 aqua-

1857 3957 2076 4012 rumque
2119 3941 2453 4006 decursibus,
2484 3941 2651 4005 silvis,
2693 3939 2850 3993 cnlti§
2887 3947 2942 3992 ct
2984 3937 3212 4001 incultis,
3243 3935 3342 3988 viis
3370 3945 3424 3988 et

1855 4034 2032 4099 inviis,
2057 4035 2287 4090 exitibus
2315 4043 2368 4088 et
2397 4033 2669 4097 reditibus,
2695 4046 2814 4085 cum
2843 4031 3056 4093 foreste,
3077 4027 3425 4097 quemadmo-

1855 4127 1980 4179 dum
2010 4125 2075 4178 ad
2109 4124 2290 4178 fiscum
2323 4132 2560 4177 nostrum
2599 4119 2921 4190 pertinebat,
2960 4133 3079 4172 cum
3109 4117 3248 4170 omni
3292 4117 3427 4170 inte-

1853 4218 2043 4287 gritate
2073 4215 2383 4270 tradidimus
2423 4223 2476 4268 et
2513 4213 2782 4268 sanximus
2824 4210 2906 4264 his
2949 4209 3075 4263 locis
3104 4203 3421 4260 determina-

1857 4320 1962 4364 tam
1993 4326 2008 4362 :
2039 4323 2104 4363 ex
2143 4321 2208 4362 eo
2249 4306 2383 4371 loco,
2418 4305 2502 4360 ubi
2544 4304 2841 4360 l’remantia
2875 4299 3115 4373 (Brimbs)
3143 4297 3288 4351 fluvii
3317 4295 3425 4350 orio-

1856 4407 1941 4454 tur
1968 4413 2132 4468 usque
2158 4397 2224 4453 ad
2267 4395 2664 4461 Bischoll‘svelt,
2709 4406 2762 4449 et
2801 4394 2880 4449 sic
2909 4393 2988 4446 via
3020 4388 3227 4459 publica
3260 4401 3425 4456 usque

1786 4525 1835 4585 Β
1857 4491 2263 4572 εάοδιατοίαοιιηι
2293 4487 2512 4560 (Merzig
2537 4487 2604 4540 ad
2633 4485 2842 4554 Suram)
2886 4493 2942 4539 et
2980 4481 3059 4585 sic
3096 4481 3219 4585 ita-de
3260 4494 3426 4585 usqum

1858 4570 2054 4638 Sarova
2086 4581 2242 4651 (Sara
2262 4596 2348 4634 sctt
2373 4579 2626 4635 Surorum
2645 4578 2730 4647 fl.)
2763 4577 2813 4630 in
2845 4573 3111 4629 Mosellam
3135 4571 3273 4637 fluit,
3301 4570 3425 4624 inde

1853 4675 1918 4728 ad
1947 4674 2119 4728 locum
2161 4673 2300 4744 Lyve
2334 4672 2522 4742 (Leges
2561 4670 2629 4722 ad
2659 4665 2950 4738 Mosellam)
2991 4665 3351 4728 nominatum;
3397 4679 3425 4716 a

1853 4817 1976 4870 stat,
2009 4804 2364 4868 Wiomadnin,
2395 4819 2550 4870 quem
2592 4799 3062 4856 Mediolacensihus
3089 4810 3295 4870 quoque
3325 4795 3422 4870 ab-

1856 4866 2062 4930 batibus
2102 4885 2218 4928 acta
2262 4866 2516 4927 Ledtvvini
2567 4873 2870 4929 inseruere.
2917 4871 3092 4925 serius
3129 4868 3283 4921 citius
3328 4866 3425 4916 lia-

1856 4947 2030 4999 bnisse
2059 4957 2443 4998 successorem.
2484 4942 2580 4996 Cui
2622 4957 2688 4994 an
2733 4941 2952 4994 Basinus
2995 4937 3264 5007 religionis
3313 4951 3427 4988 niu-

1853 5016 2144 5084 destireque
2187 5029 2334 5082 ergo,
2383 5028 2449 5064 an
2495 5020 2651 5064 aetate
2689 5010 2811 5084 jam
2845 5011 3108 5062 diuturnis
3156 5008 3424 5084 laboribus

1855 5077 2146 5139 devexa-ad
2177 5077 2339 5136 otium
2368 5084 2654 5136 decesserit
2674 5077 2945 5144 .iarduutn
2976 5093 3105 5132 sane
3135 5077 3423 5145 explicatu.

1855 5155 1931 5208 Ex
1962 5154 2129 5221 Pipini
2161 5154 2349 5207 tabulis
2373 5148 3205 5221 compertmn'habeo,Basinum
3239 5146 3309 5221 ad,
3333 5161 3428 5221 an-

1857 5241 1980 5278 num
2010 5217 2173 5293 usque
2202 5217 2588 5293 sexagesimum
2619 5218 2909 5274 secundum
2941 5217 3425 5293 hujus_sa:cnli_vi-

1853 5294 2027 5348 vendo
2058 5287 2398 5362 processisse.
2445 5292 2594 5346 Unde
2629 5301 2855 5362 apparet
2885 5300 2974 5342 aut
3005 5290 3069 5342 ad
3105 5287 3423 5362 fungendunt

1855 5356 2228 5417 munus-astate
2254 5361 2560 5427 inhabilem,
2589 5356 2916 5415 citantis-tite
2948 5357 3257 5412 monasterii
3289 5356 3426 5408 inter

1856 5435 2091 5502 privatos
2125 5434 2424 5495 redactum,
2453 5441 2575 5498 aut,
2613 5447 2715 5502 qun
2747 5429 3165 5502 magisvinclinat
3194 5428 3422 5502 animus,

1853 5496 2296 5571 quemadmodum
2325 5517 2491 5570 nuper
2521 5496 2902 5568 pontificatum.
2929 5498 3006 5571 sic
3037 5497 3194 5571 modo
3215 5496 3425 5549 abbatis

1854 5567 2162 5641 dignitatem
2193 5581 2381 5638 suapte
2400 5567 2598 5636 sponte
2627 5571 2951 5641 deseruisse.
2979 5567 3150 5635 Atque
3179 5567 3246 5620 ita
3278 5579 3427 5641 more

1855 5637 2010 5697 nn'cttt
2042 5637 2390 5710 gradientium
2421 5659 2576 5694 manu
2606 5640 2988 5708 propemodum
3017 5637 3421 5706 explorandum,

1855 5729 1954 5779 qua
1981 5724 2090 5764 lutn
2113 5713 2348 5778 citraque
2371 5713 2592 5782 lapsum,
2612 5711 2952 5781 caliginosum
2979 5717 3425 5779 praatervtniamur

1852 5784 2234 5853 antiquitatem.
2271 5800 2289 5833 ι
