3964 6344
566 325 693 381 1071

1431 323 1503 376 ~'I'I.
1545 323 1789 377 CAllliIJ
1833 319 2043 376 MAGNI
2083 319 2237 376 OPP.
2280 319 2451 376 I‘ARS
2491 321 2528 374 I.
2572 321 2815 378 SECTIO
2846 321 2922 378 ﬂ.

3697 326 3831 384 1073

565 439 711 509 byve
764 446 939 490 autem
991 433 1119 488 illuc
1174 433 1260 487 ubi
1329 433 1668 490 Butlelschica
1726 435 1776 487 in
1831 433 2128 502 Troganum
2162 439 2207 492 Α
2307 433 2383 486 Ad
2417 434 2796 501 perliciendum
2844 443 3022 490 autem
3063 435 3341 491 incudem
3383 436 3509 494 loco
3562 454 3833 499 monaste-

566 530 795 600 (Drolm)
834 527 1045 581 ﬂuvium
1078 526 1321 581 (ειιάἰι.ιίιι
1364 526 1568 581 directo
1606 528 1818 582 tramite
1858 528 2137 580 ad-ortnm

563 621 796 672 uiittiinis
826 619 1142 672 Prenmntic.
1175 619 1319 671 IIanc
1347 633 1473 688 ergo
1501 619 1774 682 loreslem,
1801 634 1954 687 quam
1987 619 2137 685 legali

561 725 712 765 more
741 717 922 762 sancto
952 709 1106 762 Petro
1138 708 1475 772 tradidimus,
1519 723 1612 777 per
1641 689 1868 762 bannum
1900 720 2136 763 nostrum

559 803 808 859 Omnibus
847 801 1217 869 prohibemus,
1239 811 1298 853 ut
1339 815 1496 854 nemo
1525 814 1893 854 successorum
1925 812 2139 854 nostro-

560 911 680 949 rum
729 909 931 961 regum,
978 893 1058 945 vel
1107 892 1344 961 quelibet
1388 893 1484 945 alia
1531 907 1776 960 persona,
1825 893 2042 946 Ile-tiam
2088 894 2138 946 in

562 985 672 1054 ipsa
704 999 896 1052 capere
925 999 1240 1050 quacunque
1267 983 1560 1037 venationis
1587 993 1719 1048 arte,
1742 984 1947 1052 absque
1977 983 2138 1037 liceo-

543 1078 628 1128 ‘tia
661 1075 1007 1129 Treverensis
1050 1075 1274 1129 ecclesie
1317 1076 1604 1142 pontiﬁcis,
1654 1088 1951 1144 presumat;
1997 1076 2138 1144 quod

555 1166 602 1218 si
635 1166 752 1233 quis
783 1165 997 1232 fecerit,
1032 1166 1262 1219 bannum
1297 1177 1535 1220 nostrum
1567 1167 1777 1220 solvere
1807 1179 2041 1223 eoaamr.
2080 1168 2142 1219 lit

559 1266 616 1311 ut
646 1259 747 1313 hoc
791 1271 973 1313 uostre
1015 1258 1354 1312 authoritatis
1387 1268 1691 1325 preceptnm
1726 1238 1923 1326 absqu
1967 1267 2140 1311 trans-

557 1351 835 1420 gressione
861 1360 1121 1416 servetur,
1153 1351 1252 1403 hoc
1285 1360 1589 1418 preceptum
1621 1349 1778 1403 scribi
1803 1349 2065 1418 .jussimus
2089 1359 2141 1402 et

559 1459 718 1497 manu
761 1443 972 1511 propria
1018 1441 1366 1506 Iirmavimus,
1411 1451 1569 1510 atque
1608 1441 1787 1496 annuli
1830 1443 1996 1495 nostri
2042 1443 2142 1495 im-

560 1537 835 1606 pressione
865 1535 1080 1605 sigillari
1114 1533 1354 1588 fecimus.

629 1629 852 1696 Signum
891 1625 1068 1681 Caroli
1098 1625 1426 1680 serenissimi
1469 1627 1825 1696 imperatoris.
1870 1626 2141 1681 Servatius

559 1718 896 1776 Arcamboldi
929 1717 1157 1771 cancell.
1203 1716 1268 1769 ad
1300 1718 1466 1771 vicem
1499 1719 1823 1783 recognovit.

2239 527 2396 590 rium,
2447 536 2502 579 et
2544 526 2608 579 ad
2657 527 3085 597 congregandum
3134 530 3456 595 ctenobiutn,
3507 546 3834 602 suggerente

2237 634 2378 687 smpe
2403 619 2545 675 dicto
2580 620 2730 674 ﬁdeli
2777 630 2960 674 nostro
3007 623 3275 690 episcopo,
3325 624 3390 676 ad
3429 624 3671 678 easdem
3723 631 3834 682 reli-

2239 712 2389 778 quias
2417 711 2653 778 proprias
2703 726 2787 764 res
2819 723 3053 774 nostras,
3089 711 3141 764 id
3174 722 3276 777 est,
3309 712 3348 766 F
3356 713 3533 767 iscum
3574 727 3831 782 noctrurn,

2241 799 2330 867 qui
2363 810 2578 854 vocatur
2608 800 2838 854 Suthosa
2866 799 3059 870 (Vulgo
3092 800 3294 868 Leuat),
3325 800 3378 856 in
3407 819 3558 872 pago
3587 804 3832 869 Brahant,

2239 906 2360 943 cum
2406 891 2546 944 omni
2598 891 2902 959 integritate
2947 892 2999 945 in
3040 893 3413 961 proprietatem
3457 894 3761 958 donamus,
3787 908 3834 951 et

2241 982 2290 1033 in
2343 991 2652 1049 perpetuum
2707 980 2996 1049 perdurare
3049 983 3158 1036 Deo
3216 991 3511 1052 praestante
3564 984 3830 1052 iubemus,

2240 1085 2358 1124 eum
2401 1070 2647 1124 omnibus
2678 1072 2741 1123 ad
2791 1086 2850 1125 se
2881 1072 3303 1140 pertinentibus,
3351 1074 3520 1127 terris
3573 1082 3635 1128 et
3663 1076 3831 1141 sylvis,

2242 1161 2460 1226 mmsis,
2518 1172 2570 1215 et
2621 1162 3152 1234 mancipiisLaquis,
3205 1171 3260 1217 et
3317 1165 3514 1232 pratis,
3573 1164 3826 1234 aediliciis,

2241 1252 2420 1317 cultis,
2467 1261 2520 1306 et
2568 1253 2800 1319 incultis,
2831 1254 3106 1322 imperiali
3156 1269 3327 1323 more,
3372 1256 3440 1310 ad
3476 1270 3640 1325 sape
3682 1259 3829 1312 dictas

2245 1347 2664 1415 reliquias.qn:n
2694 1348 2746 1399 in
2795 1346 3077 1401 Werthina
3121 1357 3472 1413 venerantur,
3519 1346 3653 1417 jure
3679 1347 3824 1403 hare-

2245 1436 2435 1488 dizario
2460 1447 2796 1505 prmstamus,
2825 1446 2881 1492 et
2907 1437 3295 1492 condonamus.

2315 1527 2379 1580 Et
2409 1535 2466 1580 ut
2496 1529 2609 1582 bmc
2635 1529 2962 1582 auctoritatis
3006 1537 3204 1582 nostra;
3242 1529 3436 1582 robore
3470 1527 3680 1583 I’ntnris
3707 1536 3822 1583 teta-

2247 1619 2488 1687 poribus,
2524 1620 2634 1674 Deo
2662 1628 2995 1690 protegente,
3026 1620 3335 1675 inconvulsa
3365 1630 3660 1685 maneant,
3687 1636 3821 1674 manu

2246 1723 2425 1763 nostra
2456 1710 2938 1774 snbterﬁrmamus,
2971 1720 3022 1766 et
3049 1711 3229 1766 annuli
3259 1713 3425 1766 nostri
3481 1713 3820 1781 impressione

591 1827 612 1848 ο
637 1813 764 1865 Data
787 1809 1040 1864 Kalendis
1067 1807 1428 1878 Septembris,
1461 1817 1602 1865 anno
1632 1809 1900 1878 trigesimo
1929 1819 2136 1879 quarto,
2177 1788 2215 1845 Β
2243 1803 2436 1870 signari
2470 1803 2740 1869 iussimus.

562 1902 853 1958 indictione
880 1916 961 1955 Ix.

625 1996 823 2049 Actum
852 1990 1137 2046 Haristalio
1157 1990 1376 2059 palatio,
1407 1990 1458 2044 in
1482 1989 1584 2045 .Dei
1609 1991 1848 2046 nomine.
1879 1991 2070 2045 Amen.

1274 2150 1417 2239 XXI.

564 2288 737 2344 Caroli
771 2287 951 2358 Magni
989 2287 1316 2358 imperaturis
1338 2286 1562 2354 diploma
1590 2300 1688 2358 quo
1711 2294 1890 2358 sancto
1923 2284 2142 2355 Lnlgcro

671 2361 799 2413 rimo
850 2356 1084 2427 episcopo
1143 2357 1551 2427 Monasteriwsi,
1612 2356 1876 2427 laudatori
1922 2358 2143 2427 abbatim

665 2425 989 2484 I’erdinensis
1021 2425 1145 2484 iord.
1198 2428 1359 2480 stmcti
1408 2425 1596 2478 Bcned.
1646 2428 1698 2478 in
1743 2425 1944 2478 ditrresi
1994 2426 2143 2479 Colo-

634 2502 816 2566 niensi,
845 2500 1069 2568 assignat
1098 2499 1344 2550 indolem
1389 2496 1613 2568 ejusdem
1643 2498 1940 2549 monasterii
1967 2502 2143 2560 ﬁscum

604 2587 781 2623 usuum
819 2572 872 2623 in
916 2565 1156 2629 L'tttltosa,
1209 2569 1444 2633 quodest
1509 2565 1799 2619 Hannonim
1852 2569 2092 2634 Oppidum
2127 2582 2145 2626 ς

601 2642 769 2692 «unde
814 2641 930 2700 dein
981 2639 1262 2692 exsurrexit
1294 2639 1558 2707 collegium
1610 2639 1972 2690 canonicortmt
2033 2641 2147 2705 (an-

633 2726 700 2763 no
730 2709 880 2778 802).

801 2817 894 2880 (Ex
918 2819 1135 2868 Auberto
1155 2819 1337 2878 Mireo,
1363 2818 1521 2882 Opera
1546 2818 1894 2883 diplomalica.)

609 2944 694 2998 "In
742 2944 956 2999 nomine
1001 2953 1199 2998 sanctze
1246 2943 1530 2996 individua!
1574 2943 1870 3009 Trinitatis,
1923 2945 2146 2997 Carolus

563 3034 743 3089 divina
789 3033 1023 3088 donante
1072 3033 1350 3087 clementia
1408 3035 1696 3100 Imperator
1744 3032 2030 3103 Augustus.
2091 3035 2144 3088 Si

566 3124 907 3180 sacerdotum
962 3139 1026 3179 ac
1075 3139 1349 3178 servorum
1401 3124 1757 3191 petitionibus,
1812 3141 1943 3194 quas
1993 3126 2145 3180 nobis

567 3229 664 3282 pro
692 3214 1096 3269 necessitatibus
1124 3216 1235 3268 suis
1267 3213 1681 3268 insinuaverunt
1722 3230 1902 3269 aurem
1929 3231 2110 3270 accom
2131 3246 2143 3252 -

563 3305 868 3369 modamus,
917 3313 973 3359 et
1010 3305 1075 3357 ad
1117 3305 1360 3359 eﬁcctum
1411 3305 1768 3372 perducimus,
1821 3323 1925 3359 non
1974 3308 2144 3360 solum

567 3395 767 3466 regiam
818 3403 874 3449 et
925 3391 1250 3462 imperialem
1315 3397 1751 3451 consuetudinem
1811 3411 2143 3464 exercemus,

567 3502 752 3542 verum
779 3489 935 3541 etiam
957 3494 1175 3540 aeternae
1206 3487 1568 3540 retributionis
1598 3489 1812 3554 praemia
1847 3489 1994 3541 nobis
2027 3503 2147 3555 pro-

566 3571 740 3630 I'iitura
797 3591 900 3630 non
948 3577 1270 3630 dubitamus.
1322 3577 1623 3643 Comperiat
1686 3578 1860 3644 itaque
1908 3578 2143 3631 omnium

565 3666 802 3720 ﬁdelium
853 3674 1172 3728 nostrorum,
1237 3668 1575 3732 praasentium
1624 3666 1844 3727 scélicet.
1889 3678 1957 3721 -et
2009 3668 2145 3721 futu-

558 3771 749 3811 v-rorum
800 3755 1078 3821 industria,
1127 3755 1351 3825 qualiter
1381 3757 1434 3810 h.
1467 3771 1539 3810 ιιι.
1583 3757 1855 3828 Lndgerus
1883 3758 2149 3828 Mimiger—

558 3845 908 3902 deici-densis
954 3845 1158 3917 (Vulgo
1204 3845 1465 3917 Μαικία)
1530 3849 1809 3917 episcopus
1865 3851 2148 3916 postulavit

557 3938 939 3995 celsitudinem
990 3948 1262 4005 nostram,
1324 3949 1381 3993 ut
1428 3954 1548 3994 cum
1598 3939 1804 3992 licentia
1850 3950 1907 3994 et
1953 3941 2150 3994 auxilio

572 4031 784 4099 pietatis
811 4039 1005 4084 nostrae
1032 4027 1134 4084 sibi
1166 4030 1351 4085 liceret
1381 4031 1432 4084 in
1465 4033 1674 4098 propria
1704 4045 1795 4083 sua
1841 4031 2148 4085 hmreditate

571 4122 623 4175 in
656 4136 790 4190 pago
817 4121 1068 4182 nuricho,
1091 4163 1096 4174 ς
1119 4119 1170 4174 in
1206 4122 1320 4174 loco
1372 4122 1459 4188 qui
1510 4121 1702 4174 dicitur
1733 4119 2028 4184 Werthina,
2061 4137 2149 4173 su-

575 4230 668 4282 per
697 4214 910 4281 ﬁuvium
959 4212 1117 4267 Rura:
1158 4213 1208 4266 in
1253 4213 1382 4267 silva
1431 4213 1813 4279 Weoneswalt,
1867 4215 2146 4269 ecclesiam

559 4305 842 4362 aediﬁcare
889 4308 941 4360 in
982 4307 1237 4361 honorem
1289 4307 1455 4361 sancti
1493 4305 1806 4370 Salvatoris,
1837 4317 1906 4362 -et
1949 4316 2149 4361 sancta:

573 4397 751 4451 Maria
800 4395 1020 4464 virginis
1052 4439 1066 4462 ,
1121 4412 1220 4450 nec
1274 4413 1379 4451 non
1435 4408 1735 4451 sanctarum
1789 4397 2147 4466 reliquiarum,

2313 1894 2531 1960 Signum
2592 1892 2794 1947 domini
2858 1892 3032 1948 Caroli
3101 1893 3432 1950 serenissimi
3494 1893 3818 1964 imperatoris

2243 1987 2482 2053 Augusti.

2318 2075 2652 2145 llildcgrinus
2703 2075 2943 2131 notarius
2971 2074 3037 2131 ad
3077 2078 3254 2133 vicem
3303 2075 3544 2145 Aleuini,
3591 2079 3815 2133 ποδια-

2244 2169 2432 2235 peIIatti
2466 2171 2772 2237 recognovi.

2318 2262 2443 2313 Data
2485 2277 2531 2313 vi
2583 2259 2700 2314 Kal.
2755 2261 2870 2314 Maii
2923 2275 3062 2316 anno
3123 2261 3385 2317 incarnat.
3440 2262 3652 2317 Domini
3697 2263 3808 2317 803.

2245 2355 2397 2408 Anno
2444 2361 2620 2404 autem
2673 2353 2816 2417 regni
2868 2352 2987 2420 ejus
3033 2367 3215 2417 xaxnv,
3262 2363 3320 2408 et
3365 2353 3419 2407 in
3471 2354 3617 2408 Italia
3655 2368 3809 2418 nm,

2247 2443 2458 2512 Imperii
2492 2458 2616 2495 vero
2644 2457 2724 2504 ιιι,
2760 2443 3050 2496 indictione
3085 2459 3141 2496 ι.

2318 2538 2505 2590 Actum
2541 2535 2847 2589 \\-"orniatia:
2879 2535 2928 2589 in
2965 2535 3054 2588 Dei
3087 2533 3302 2590 nomine

2946 2665 3110 2719 XXII.

2246 2767 2418 2824 Caroli
2456 2767 2624 2838 .llogni
2681 2767 3003 2836 imperatoris
3035 2766 3263 2838 diploma
3290 2762 3803 2838 defendationr'epi-

2314 2835 2557 2903 ειόρατιιέ
2579 2838 2981 2907 lisitaburgemis
3005 2839 3054 2888 in
3081 2835 3392 2902 Weslphaliu
3415 2836 3572 2902 (antro
3593 2835 3738 2891 805’).

2475 2937 2567 2998 (Ex
2593 2938 2812 2988 Auberto
2838 2937 3019 2997 uinco,
3045 2933 3204 2996 Opera
3225 2933 3580 2994 diplomatica.)

2317 3022 2370 3075 In
2405 3023 2616 3074 nomine
2645 3028 2843 3074 sancire
2873 3029 2927 3072 ct
2959 3017 3244 3071 individua;
3273 3014 3578 3082 Trinitatis,
3607 3014 3801 3069 Carolus

2252 3114 2538 3181 Imperator
2592 3111 2884 3180 Augustus,
2939 3109 3301 3162 Roinanornm
3354 3107 3666 3176 gubernans
3714 3110 3793 3160 im-

2251 3209 2478 3274 perium,
2527 3204 2772 3258 dominus
2810 3215 2863 3256 et
2910 3217 3002 3256 rex
3054 3201 3378 3256 Francorum
3426 3210 3490 3256 et
3523 3199 3789 3270 Langobar-

2253 3297 2465 3362 dorum,
2498 3311 2596 3349 nec
2629 3310 2732 3348 non
2752 3295 3067 3348 dominator
3090 3302 3142 3346 et
3166 3293 3469 3346 Samnum.

2318 3387 2508 3440 Notum
2575 3387 2644 3439 sit
2697 3385 2945 3437 omnibus
2996 3393 3193 3435 saurtze
3248 3381 3507 3436 ecclesia:
3567 3380 3768 3444 ﬁdelibus,

2249 3495 2280 3531 ιι
2319 3479 2548 3545 strisque
2605 3476 2956 3544 prtesentibus
3006 3483 3061 3528 et
3117 3473 3340 3534 futuris,
3397 3475 3556 3541 quod
3616 3489 3705 3533 nos.
3737 3471 3783 3522 ab

2248 3576 2442 3626 nostra:
2472 3566 2728 3620 mercedis
2756 3573 3116 3632 augmentum,
3152 3561 3360 3616 Wihoni
3392 3564 3656 3632 episcopo
3681 3575 3700 3598 ι
3724 3562 3794 3614 Θε-

2248 3656 2562 3726 naburgensi
2593 3696 2608 3720 ,
2663 3666 2716 3710 et
2762 3671 2872 3708 suae
2917 3654 3196 3720 ecclesia,
3243 3668 3402 3722 quam
3483 3668 3588 3707 nos
3628 3655 3800 3720 primani

2247 3748 2299 3802 in
2330 3746 2472 3800 omni
2523 3746 2752 3802 Saxonis
2785 3745 2836 3798 in
2889 3745 3092 3798 honore
3139 3746 3308 3798 sancti
3365 3743 3541 3811 Petri,
3597 3742 3808 3811 principis

2249 3838 2635 3906 apostolorum,
2692 3846 2746 3889 ct
2795 3846 3100 3889 sanctorum
3159 3845 3455 3905 martyrum
3503 3835 3726 3902 Crispini
3767 3840 3810 3884 et

2247 3927 2594 3996 Crispiniani,
2649 3928 3048 3980 construximus
3099 3923 3126 3961 δ
3181 3926 3455 3995 quoddam
3509 3940 3707 3978 nemus
3752 3923 3813 3973 πει

2248 4023 2690 4088 Iorestum,-intra
2745 4023 2857 4077 haec
2899 4023 3011 4075 loca
3043 4021 3223 4082 situm,
3277 4019 3708 4080 Farnewinckel,
3731 4018 3817 4069 ιιι-

2248 4118 2522 4170 steinstein
2543 4157 2557 4181 ,
2590 4120 2819 4185 Angara,
2867 4115 3308 4182 Usuingsenethe,
3343 4111 3675 4170 Dershouet,
3700 4111 3817 4175 lige-

2250 4209 2494 4272 stervell,
2545 4209 2821 4260 innumera
2857 4202 3448 4259 collaudatione'illius
3491 4199 3726 4269 regionis
3747 4211 3821 4264 po-

2251 4308 2475 4364 tentnm,
2507 4314 2626 4353 cum
2656 4298 2800 4351 omni
2830 4297 3152 4365 integritate,
3188 4295 3237 4347 in
3275 4293 3450 4362 porcis
3481 4293 3818 4348 silvestribus,

2250 4391 2448 4454 cervis,
2478 4391 2686 4452 avibus,
2718 4399 2772 4443 et
2805 4387 3059 4456 piscibus,
3100 4387 3352 4453 omnique
3379 4386 3694 4448 venatione;
3725 4396 3820 4448 qu

575 4487 806 4558 quas-ab
832 4488 1126 4557 apostolico
1171 4504 1303 4556 papa
1352 4491 1418 4542 de
1469 4491 1633 4542 Roma
1681 4490 1967 4555 transtulit,
2016 4499 2068 4543 et
2107 4491 2152 4544 si
2185 4499 2236 4560 ι)
2260 4483 2361 4537 sub
2387 4481 2758 4534 banno-usuali
2795 4479 2863 4533 ad
2917 4482 3168 4532 lurestnm
3216 4477 3522 4543 deputatur,
3551 4476 3628 4529 ad
3661 4474 3826 4529 simili-

577 4581 797 4636 lacullas
822 4581 1060 4645 daretur,
1093 4579 1407 4649 quandoque
1456 4581 1830 4634 monasterium
1862 4581 2150 4647 aediﬁcare,

576 4682 631 4726 et
679 4671 969 4726 monachos
1008 4684 1079 4724 -se
1127 4670 1268 4724 velle
1322 4681 1667 4738 congregare,
1723 4671 2156 4726 manifestissime

579 4761 890 4816 testiﬁcatus
920 4769 1023 4815 est.
1071 4760 1233 4828 Cujus
1284 4759 1583 4814 rationabili
1633 4770 1685 4812 ct
1725 4762 1876 4827 justo:
1921 4761 2154 4827 petitioni

565 4852 926 4908 libentissime
975 4851 1318 4928 assentimus,
1369 4850 1705 4917 imperantes,
1757 4860 1812 4902 ut
1859 4851 2042 4904 eadem
2071 4866 2158 4904 ec-

571 4943 825 4998 clesia-in
853 4950 1087 4996 nostram
1140 4943 1410 4996 tuitionem
1458 4952 1722 5009 suscepta,
1763 4951 1818 4995 et
1849 4958 1951 4994 non
1983 4943 2155 4995 solum

556 5039 661 5098 οὐξι,
695 5049 811 5103 qum
843 5033 1100 5086 moderno
1131 5041 1392 5100 tempore,
1425 5047 1605 5086 verum
1652 5033 1836 5097 etiam,
1866 5048 1984 5101 quae
2012 5042 2158 5101 post-

566 5127 796 5184 nmodum
842 5124 1154 5179 aﬁdelibus
1203 5124 1296 5179 Dei
1344 5125 1532 5179 collata
1584 5125 1797 5189 fuerint,
1852 5124 2053 5178 ﬁrmius
2098 5137 2159 5178 ac

580 5219 802 5274 solidius
847 5217 1120 5286 possidere
1166 5216 1366 5285 absque
1418 5216 1577 5270 ullius
1625 5216 1817 5282 injusta
1866 5214 2040 5269 valeat
2070 5215 2159 5268 in-

570 5311 882 5368 destatione.

656 5506 1193 5576 aOsna'burgensimn
1245 5505 1450 5574 primus
1497 5502 1777 5570 episcopus
1824 5500 2161 5576 ltiirtrsancttts

582 5573 766 5642 Wiho,
796 5573 1283 5646 quem'Bernardns
1317 5575 1638 5646 Fui-meritis,
1665 5577 1714 5626 in
1736 5574 2025 5627 Annalibus
2050 5576 2160 5629 suis

584 5644 826 5730 Frisicis,’
850 5649 1156 5702 Leovardia:
1179 5647 1228 5699 in
1258 5646 1427 5700 Frisia
1458 5644 1770 5697 occidentali
1794 5654 1972 5698 natum
2002 5646 2162 5700 luisse

645 5723 741 5768 r'bi
774 5757 786 5770 .
1143 5747 1150 5752 -

578 5734 684 5827 sci:
712 5726 935 5844 Clarolus
957 5788 1173 5854 Magnus
1219 5788 1506 5853 imperator
1534 5797 1696 5840 novas
1721 5784 1982 5854 episcopis
2008 5785 2163 5841 sedes

2259 4576 2490 4629 tudinem
2549 4574 2731 4627 Ioresti
2787 4573 2954 4625 nostri
3013 4569 3328 4639 Aquisgrani
3383 4568 3747 4637 pertinentes,
3790 4566 3829 4615 ia

2255 4668 2385 4721 silva
2429 4667 2646 4736 Osmugi
2689 4667 2742 4720 in
2795 4673 3105 4735 perpetuum
3154 4661 3493 4732 proprietatis
3542 4677 3712 4716 nsum
3754 4661 3833 4713 do-

2257 4757 2514 4812 navimns.

2329 4852 2405 4904 Ea
2449 4849 2694 4902 videlicet
2737 4847 2963 4909 ratione,
3004 4845 3146 4914 quod
3187 4845 3234 4899 si
3261 4843 3538 4914 quisquam
3569 4843 3682 4898 hoc
3711 4844 3837 4896 idem

2259 4955 2446 4995 nemus
2469 4949 2659 4992 .nostru
2691 4939 2866 4991 banno
2914 4937 3196 5000 munitum,
3234 4936 3352 4991 sine
3382 4935 3668 5003 praedicta
3711 4935 3842 4988 sedis

2259 5030 2492 5098 episcopi
2527 5029 2762 5091 licentia,
2811 5027 2990 5080 studio
3022 5026 3267 5091 venandi,
3318 5026 3399 5080 vel
3444 5025 3643 5079 silvam
3689 5027 3844 5080 extir-

2259 5119 2440 5191 pandi,
2474 5120 2555 5173 vel
2605 5119 2746 5172 aliud
2792 5119 2983 5188 agendi
3031 5133 3260 5188 unquam
3307 5116 3598 5186 introierit,
3633 5120 3846 5173 sciatse

2261 5223 2368 5266 tam
2421 5212 2612 5265 divina:
2663 5225 2821 5278 quam
2871 5208 3033 5278 regia:
3080 5209 3295 5263 ultionis
3340 5206 3642 5261 vindictam
3679 5213 3845 5262 incar-

2259 5315 2461 5368 surum,
2493 5318 2590 5355 nec
2619 5317 2722 5355 nun
2765 5317 2863 5370 pro
2906 5301 3098 5356 delicto
3130 5316 3203 5356 ιι
3248 5300 3450 5355 solidos
3491 5302 3668 5356 nostri
3729 5315 3827 5370 pou

2262 5517 2450 5558 novem
2497 5501 2550 5556 in
2596 5500 2878 5556 Germania
2921 5500 3124 5570 posuit,
3171 5499 3672 5564 Monasteriensem,
3724 5500 3851 5555 lin-

2263 5577 2501 5636 densem,
2550 5572 3092 5631 Ilalberstadiensem,
3123 5572 3614 5636 Osnaburgensem,
3654 5570 3848 5624 Pader-

2265 5645 2604 5704 bornensem,
2653 5642 2971 5696 Verdensem
3000 5682 3013 5704 ,
3061 5640 3536 5710 llarnburgensem,
3578 5651 3635 5695 et
3670 5640 3853 5694 Hilde—

2264 5715 2664 5768 sbeimensem:
2697 5713 2826 5765 duas
2863 5715 2926 5765 ad
2972 5714 3280 5779 dignitatem
3332 5711 3850 5781 archiepiscopaletn

2269 5784 2534 5854 provexit,
2565 5783 2964 5848 Juv.iu’.ensem,
2995 5792 3048 5838 ct
3079 5782 3559 5851 Ilamburgensetu.
