3964 6344
459 219 605 320 tots

1357 255 1416 312 ιι.
1455 250 1711 313 CAROLI
1749 253 1974 314 MAGNI
2011 208 2164 311 ore.
2200 252 2387 315 rans
2425 253 2468 326 ι,
2508 251 2756 313 SEC‘I‘lO
2793 251 2862 314 tt.

3627 259 3770 317 me
3813 235 3822 254 ί

455 387 585 443 seps
611 371 664 428 in
693 367 1036 440 eleemosyna
1074 374 1278 435 nostra,
1307 375 1369 424 ut
1399 367 1650 434 diximus,
1683 367 1738 422 in
1767 363 2047 422 luminari-
2073 369 2125 430 Α
2150 368 2478 439 cognoscite.
2525 367 2835 426 Statuentes
2881 381 3014 440 ergo
3052 367 3325 440 iubemus,
3373 373 3536 443 quod
3584 390 3772 444 perpe-

459 467 564 522 bus
592 463 832 521 ecclesiae
886 462 1127 533 proﬁciat
1157 462 1210 518 in
1255 460 1576 534 augmentis,
1626 470 1684 517 ut
1733 461 1926 517 melius
1955 460 2051 515 de-

460 563 624 618 iectet
668 562 837 631 ipsam
868 569 1104 616 sanctam
1153 560 1619 631 congregationem
1674 572 1772 629 pro
1815 557 1969 613 nobis
1998 565 2052 610 et

466 673 567 727 pro
616 656 797 712 liberis
846 657 1066 724 nostris,
1114 671 1212 713 seu
1258 673 1356 728 pro
1405 657 1553 712 omni
1604 656 1802 725 popqu
1835 654 1991 709 nobis
2022 667 2053 707 a

466 748 580 804 Deo
607 761 886 814 concesso,
919 749 1156 803 divinam
1201 750 1400 820 jugiter
1425 763 1650 804 exorare
1687 748 2050 802 clementiam.

464 838 534 894 Et
563 847 621 892 ttt
651 838 767 893 haec
796 840 1094 894 auctoritas
1137 839 1342 894 ﬁrmior
1384 839 1643 894 habeatur
1686 845 1742 893 et
1786 837 2054 892 diuturnis

466 928 801 998 temporibus
827 928 1018 985 melius
1044 939 1414 995 conservetur,
1443 946 1632 984 manus
1657 938 1854 984 nostrae
1881 929 2058 999 signa—

469 1022 607 1076 eulis
636 1023 820 1078 subter
849 1038 968 1078 eam
1019 1024 1275 1079 roborare
1317 1024 1672 1090 decrevimus,
1703 1031 1755 1079 et
1783 1021 1852 1078 de
1899 1021 2059 1076 anulo

466 1123 651 1168 nostro
675 1113 906 1184 sigillare
927 1114 1206 1185 iussimus.

545 1205 766 1274 Signum
796 1206 973 1261 Caroli
1002 1207 1337 1263 serenissimi
1371 1206 1736 1277 imperatoris.

549 1297 894 1353 Amalbertus
923 1297 990 1353 ad
1018 1298 1187 1355 vicem
1216 1298 1553 1354 Ercambaldi
1584 1296 1796 1366 scripsi.

543 1387 676 1442 Data
706 1403 798 1443 xm
829 1387 1091 1444 Kalendas
1131 1389 1427 1456 Februarii,
1459 1405 1598 1443 anno
1627 1396 1810 1453 sexto,
1849 1384 2064 1442 Christo

471 1480 724 1548 prapitio,
759 1480 968 1551 imperii
998 1482 1191 1548 nostri,
1222 1483 1295 1538 58
1323 1482 1470 1552 regni
1502 1481 1669 1537 nostri
1717 1481 1769 1536 in
1811 1481 2058 1546 Francia,

475 1583 530 1628 et
556 1574 626 1629 55
653 1574 704 1627 in
731 1572 901 1642 Italia,
936 1574 1228 1631 indictione
1257 1590 1369 1631 xtv.

546 1665 736 1720 Actum
759 1663 1047 1723 Tlteodone
1065 1666 1189 1721 villa
1214 1666 1409 1736 palatio
1431 1677 1641 1734 nostro,
1663 1665 1712 1720 in
1733 1663 1826 1721 Dei
1844 1661 2063 1719 nomine

477 1752 719 1820 kliciter.
735 1753 932 1810 Amen.

1192 1845 1384 1902 XXIV.

483 1936 657 2010 Caroli
712 1935 893 2010 Hagni
949 1938 1273 2007 imperatoris
1328 1939 1558 2010 diploma
1606 1955 1705 2005 quo
1757 1937 2070 2010 monasterio

552 2007 855 2082 Prandensi
885 2010 1112 2064 concedit
1140 2011 1308 2065 uarias
1335 2007 1413 2066 res
1436 2011 1491 2065 in
1534 2026 1668 2082 pago
1720 2009 2071 2082 Andegat'ensi

555 2080 713 2150 (anno
735 2077 887 2151 807).

991 2189 1088 2252 (Ex
1112 2189 1396 2255 Hontheim,
1417 2192 1561 2255 ibid.)

554 2288 611 2346 ln
639 2289 855 2347 nomine
884 2290 1077 2358 Patris,
1104 2302 1158 2347 et
1180 2291 1318 2361 Filii,
1349 2301 1404 2348 et
1429 2293 1660 2364 Spiritus
1689 2295 1880 2352 sancti.
1907 2292 2076 2349 Caro-

483 2381 572 2437 lus
625 2381 1006 2440 serenissimus
1044 2383 1335 2453 Augustus,
1375 2399 1404 2439 a
1453 2385 1560 2440 Deo
1587 2394 1897 2452 coronatus,
1957 2401 2073 2440 ma-

487 2490 647 2545 gnus,
701 2477 951 2546 pacificus
1007 2477 1318 2546 imperator,
1347 2479 1706 2534 Romanorum
1765 2481 2073 2548 gubernans

484 2569 794 2638 imperium,
825 2569 913 2640 qui
939 2579 996 2626 et
1023 2585 1120 2641 per
1151 2571 1576 2628 misericordiam
1602 2573 1694 2629 Dei
1723 2589 1816 2628 rex
1851 2574 2076 2629 France--

486 2677 606 2716 rum
637 2670 691 2716 et
727 2661 1223 2730 Longobardorum.
1277 2663 1542 2733 Quidquid
1572 2667 1716 2720 enim
1741 2665 1811 2718 ob
1838 2677 2075 2718 amorem

491 2749 700 2804 Domini
731 2751 894 2806 nostri
925 2750 1051 2823 Jesu
1080 2750 1278 2806 Christi
1309 2753 1376 2806 ad
1423 2749 1537 2808 loca
1580 2757 1886 2808 sanctorum
1918 2768 2079 2809 vene-

486 2839 733 2897 rabilium
762 2842 1002 2898 cedimus
1026 2844 1112 2899 vel
1136 2847 1524 2915 condonamus,
1557 2848 1659 2902 hoc
1705 2848 1860 2903 nobis
1890 2848 2076 2916 procul

487 2931 781 2988 dubio~ad
836 2942 1089 2990 aeternam
1148 2936 1530 2993 beatitudinem
1585 2952 1682 2994 seu
1733 2939 2077 2995 stabilitatem

485 3023 700 3095 imperii
729 3026 996 3084 nostri....
1029 3028 1370 3085 confidimus.
1411 3030 1574 3100 igitur
1603 3039 1785 3086 notum
1815 3031 1884 3086 sit
1929 3032 2074 3086 omni

491 3115 730 3171 ﬁdelium
761 3125 1067 3174 nostrorum
1101 3097 1470 3190 magnitudini,
1503 3121 1845 3191 praesentium
1876 3121 2077 3178 scilicet
2103 3097 2150 3160 ο

487 3218 544 3263 et
591 3207 914 3275 futurorum,
959 3211 1187 3282 qualiter
1233 3213 1496 3269 donamus
1549 3215 1614 3269 ad
1667 3215 2078 3282 monasterium,

485 3298 628 3368 quod
668 3299 771 3370 pia:
816 3304 1091 3358 memoria:
1135 3305 1364 3362 domnus
1393 3321 1455 3362 ac
1494 3309 1704 3378 genitor
1733 3318 1916 3363 noster
1957 3307 2080 3378 Pip-

489 3391 675 3460 pinus,
707 3391 984 3461 quondam
1019 3393 1285 3462 gloriosus
1313 3411 1428 3462 rex,
1459 3413 1559 3453 suo
1593 3412 1756 3467 opere
1783 3397 2084 3454 construxit

488 3480 545 3533 in
580 3479 786 3537 honore
815 3482 1022 3538 Domini
1052 3494 1107 3539 et
1151 3486 1447 3542 Salvatoris
1492 3489 1658 3542 nostri
1703 3488 1834 3544 Jcsu
1863 3488 2080 3555 Christi,

491 3571 696 3627 inloco
746 3573 839 3643 qui
887 3575 1084 3631 dicitur
1116 3578 1352 3644 Prumia,
1403 3580 1490 3635 ubi
1527 3589 1722 3650 praeest
1765 3583 2085 3640 venerabilis

492 3659 809 3716 Tancradus
862 3663 1017 3730 abba,
1073 3664 1434 3738 donatumque
1490 3671 1542 3726 in
1595 3680 1912 3743 perpetuum
1967 3689 2088 3731 esse

493 3751 746 3808 volumus
784 3767 871 3808 res
917 3753 1121 3825 aliquas
1165 3767 1374 3815 nostras
1411 3760 1540 3817 sitas
1585 3763 1640 3817 in
1673 3778 1807 3835 pago
1847 3765 2088 3821 Andeca-

493 3843 642 3912 vino,
682 3843 736 3899 in
782 3844 900 3901 loco
927 3849 1014 3918 qui
1058 3847 1255 3904 dicitur
1298 3851 1556 3922 Laniaco,
1583 3869 1684 3911 nec
1712 3872 1819 3912 non
1851 3856 1904 3912 in
1952 3872 2089 3930 pago

492 3932 794 4002 Rodonico,
821 3936 874 3990 in
899 3936 1015 3992 loca
1043 3951 1412 4009 nuncnpantes
1438 3943 1662 4012 Stivale,
1686 3945 1798 4001 sive
1825 3944 2085 4014 Caucina,

495 4021 634 4079 etin
681 4023 929 4093 Turicas,
959 4034 1014 4082 et
1042 4027 1096 4082 in
1143 4029 1267 4084 villa
1296 4045 1460 4100 nova,
1504 4042 1560 4088 et
1587 4035 1722 4090 intra
1755 4043 1862 4091 tota
1895 4037 1983 4092 illa
2015 4038 2092 4092 lo-

496 4113 658 4184 cella,
700 4126 980 4173 manentes
1020 4135 1113 4174 xtx
1142 4136 1247 4176 una
1274 4137 1401 4180 cum
1430 4125 1609 4194 terris,
1655 4126 1923 4197 domibus,
1954 4129 2095 4184 aedi-

495 4203 662 4270 ﬁciis,
712 4206 1027 4277 accolabus,
1072 4211 1378 4282 mancipiis,
1421 4213 1612 4284 vineis,
1663 4217 1886 4287 campis,
1920 4219 2091 4287 silvis,

495 4295 692 4364 pratis,
743 4300 898 4368 aquis
935 4313 1302 4373 aquarumque
1345 4305 1683 4377 decursibus,
1732 4319 1900 4366 totum
1946 4321 2001 4368 et
2028 4315 2095 4369 ad

2153 460 2368 515 tualiter
2397 461 2543 516 circa
2576 472 2930 516 memoratum
2977 473 3221 517 sanctum
3263 463 3386 533 jure
3445 466 3771 524 firmissimo

2152 566 2460 607 mansurum
2503 567 2622 608 esse
2669 551 2939 618 volumus,
2980 562 3037 607 ut
3064 566 3388 610 memoratus
3441 557 3772 616 'l'ancradcs

2152 641 2286 696 abba
2317 643 2501 712 suique
2548 643 2600 697 in
2649 652 2963 711 perpetuum
3010 657 3373 714 successores,
3411 649 3518 716 qui
3563 646 3771 706 fuerint

2154 745 2389 790 rectores
2437 735 2691 791 antedicti
2742 736 3051 791 monasterii
3109 738 3280 792 sancti
3329 739 3677 818 Salvatoris,
3721 755 3772 796 et

2157 826 2404 881 monachi
2464 826 2667 882 ibidem
2729 826 2832 883 sub
2888 838 3075 883 sancta
3130 831 3312 899 regula
3368 832 3771 896 consistentes.

2157 918 2548 986 suprascriptas
2595 931 2682 972 res
2734 934 2856 973 cum
2903 921 3055 974 omni.
3097 920 3424 989 integritate,
3470 923 3618 976 sicut
3658 941 3773 991 par-

2159 1009 2298 1063 tibus
2329 1012 2532 1063 nostris
2583 1009 2788 1080 legibus
2836 1010 3188 1077 devenerunt,
3236 1023 3494 1080 inspecto
3535 1011 3775 1083 indit-ato

2160 1103 2439 1157 memorati
2487 1103 2693 1173 llugoni
2737 1104 2951 1158 comitis
2980 1104 3154 1159 ﬁdelis
3184 1108 3376 1166 nostri.
3410 1106 3772 1172 manibusque

2161 1194 2425 1250 honorum
2478 1195 2754 1250 hominum
2813 1196 3151 1263 roboratam,
3205 1200 3345 1252 sicut
3406 1198 3554 1252 inibi
3606 1199 3767 1252 decla-

2163 1294 2332 1351 ratur,
2365 1286 2593 1354 qualiter
2634 1301 2756 1342 cum
2801 1288 3003 1357 justitia
3035 1299 3092 1343 et
3141 1291 3392 1360 :rquitate
3441 1289 3515 1346 ad
3572 1301 3766 1361 partem

2168 1385 2408 1430 nostram
2457 1377 2743 1433 vindicata:
2786 1378 3138 1446 devenerunt,
3191 1397 3286 1448 per
3334 1383 3484 1436 hanc
3541 1394 3762 1436 nostram

2163 1468 2537 1523 auctoritatem
2596 1477 2814 1524 teneant
2872 1478 3034 1538 atque
3096 1471 3428 1540 possideant,
3491 1472 3569 1526 ita
3622 1482 3678 1526 ut
3718 1475 3761 1528 in

2163 1557 2517 1613 lnminaribus
2569 1559 2734 1629 ipsius
2772 1568 2974 1613 sancta:
3001 1561 3238 1615 ecclesiae
3272 1561 3388 1626 Dei,
3436 1575 3542 1615 seu
3574 1563 3761 1632 stipen-

2162 1649 2247 1704 dia
2273 1663 2552 1704 servorum
2603 1649 2720 1714 Dei,
2765 1664 2864 1718 pro
2909 1650 3100 1705 anima:
3130 1662 3327 1706 nostra:
3370 1653 3647 1719 remedio,
3684 1669 3760 1709 no-

2095 1739 2144 1800 B
2171 1741 2298 1796 stris
2329 1741 2625 1810 futurisque
2654 1741 3006 1810 temporibus,
3057 1743 3445 1811 perpetualiter
3487 1747 3757 1812 proficiant

2171 1835 2226 1889 in
2256 1832 2578 1902 augmentis.
2615 1833 2680 1888 Et
2707 1846 2766 1887 ut
2791 1833 2908 1888 hate
2945 1836 3235 1889 auctoritas
3276 1836 3490 1892 firmior
3521 1838 3761 1894 habeatur

2170 1934 2225 1980 et
2252 1925 2517 1979 diuturnis
2563 1925 2892 1994 temporibus
2941 1925 3139 1980 melius
3179 1940 3566 1997 causervetur,
3617 1947 3762 1984 manu

2171 2018 2384 2093 propria
2415 2016 2748 2074 firmavimus
2791 2017 2942 2073 etde
2982 2017 3143 2072 anulo
3187 2031 3376 2074 nostro
3403 2021 3596 2076 subter
3624 2022 3758 2093 sigilo

2173 2091 2284 2163 lare
2304 2106 2580 2177 iussimus.

2243 2199 2467 2270 Signum
2490 2197 2662 2254 Caroli
2707 2199 3066 2269 imperatoris.
3097 2197 3446 2256 Amalbertus
3490 2201 3557 2256 ad
3599 2203 3757 2258 vicem

2175 2291 2555 2349 Erchambaldi
2586 2293 2803 2361 scripsi.

2249 2386 2379 2440 Data
2407 2401 2457 2440 tv
2489 2385 2606 2441 Kal.
2651 2386 2792 2455 Mai],
2823 2401 2967 2440 anno
2998 2401 3095 2450 vn,
3137 2386 3379 2455 Christo,
3405 2389 3626 2459 prepitio
3651 2389 3750 2443 im-

2176 2478 2308 2548 perii
2338 2480 2527 2543 nostri,
2560 2487 2718 2548 atque
2763 2493 2906 2533 anno
2936 2477 3004 2534 59
3035 2478 3182 2548 regni
3214 2481 3376 2534 nostri
3413 2481 3466 2534 in
3502 2478 3740 2546 Francia,

2175 2580 2232 2628 et
2255 2573 2323 2628 54
2357 2575 2408 2627 in
2437 2573 2616 2641 Italia,
2639 2573 2924 2628 indictione
2953 2588 3044 2630 xv.

2249 2667 2440 2718 Actum
2483 2663 2650 2734 Aquis
2703 2663 2898 2730 palatio
2945 2673 3130 2718 nostro
3181 2661 3392 2733 publico,
3431 2663 3490 2718 in
3527 2662 3622 2717 Dei
3643 2676 3734 2716 uo-

2177 2754 2321 2812 mine
2344 2752 2595 2811 feliciter.
2626 2757 2820 2811 Amen.

2882 2823 3052 2881 XXV.

2181 2915 2353 2972 Caroli
2381 2915 2570 2989 Magni
2596 2915 2969 2989 regis_donatio
2992 2916 3126 2989 villa:
3163 2913 3488 2988 Vargolalta,
3513 2928 3746 2971 monaste-

2601 2985 2682 3041 rio
2711 2985 2966 3041 Fuldensi
3013 2987 3173 3052 (anno
3200 2985 3355 3056 δοῦ).

2447 3099 2546 3165 (Ex
2568 3100 2852 3158 Schannatq
2879 3101 3010 3151 Hist.
3037 3102 3192 3165 episc.
3219 3101 3483 3167 Fuldens.)

2251 3186 2476 3244 Carolus
2506 3188 2600 3244 Dei
2632 3191 2800 3260 gratia
2833 3189 3161 3245 Francorum
3187 3200 3239 3244 et
3290 3190 3726 3260 Langobardem

2181 3296 2279 3337 rex
2311 3291 2366 3336 et
2393 3281 2646 3351 patricius
2677 3281 3064 3336 Romanorum.
3089 3281 3347 3335 Noverint
3390 3298 3598 3337 omnes
3614 3285 3711 3335 nostri

2182 3374 2489 3444 Christique
2537 3373 2722 3428 ﬁdeles
2746 3375 2976 3445 qualiter
3001 3376 3070 3429 ob
3099 3385 3354 3430 mternam
3379 3378 3564 3430 nostri
3599 3391 3731 3431 meas.

2185 3469 2318 3523 riatn
2349 3477 2402 3520 et
2457 3477 2740 3538 parentum
2793 3480 3098 3524 nostrorum
3149 3469 3287 3536 piam
3345 3472 3742 3524 recordationem

2185 3561 2451 3616 donamus
2497 3571 2553 3615 et
2599 3561 2964 3615 euntradimus
3015 3561 3244 3614 Domino
3287 3572 3484 3614 nostro
3517 3562 3742 3618 Salvatnri

2187 3650 2313 3706 Jesn
2357 3650 2572 3706 Christo
2627 3661 2922 3721 sanctoque
2981 3651 3254 3705 Bonifacio
3301 3656 3563 3723 martyri,
3590 3655 3667 3724 qui
3709 3655 3745 3704 iu

2189 3741 2441 3796 Fuldensi
2481 3740 2772 3811 requiescit
2819 3743 3176 3808 monasterio,
3219 3752 3421 3796 terram
3469 3745 3750 3811 conceptio-

2195 3834 2279 3888 nis
2326 3842 2550 3897 nostrae,
2609 3835 2711 3888 hoc
2761 3845 2862 3900 e5t,
2925 3842 3091 3888 totam
3145 3837 3613 3905 comprovinciam
3655 3839 3761 3889 circa

2191 3923 2391 3978 llntnen
2428 3922 2673 3989 Unstrut,
2724 3925 3004 3996 ipsamque
3046 3934 3250 3980 curtem
3298 3940 3546 3982 nomram
3577 3929 3634 3984 in
3665 3930 3761 3981 Var-

2191 4015 2411 4086 galaha,
2442 4030 2562 4070 cum
2593 4016 2840 4070 omnibus
2883 4016 3342 4086 compertiuentiis
3378 4016 3533 4084 suis,
3574 4029 3640 4074 et
3669 4033 3767 4073 cum

2203 4108 2452 4163 omnibus
2480 4109 2644 4173 villis,
2679 4108 2836 4178 longe
2866 4110 2949 4163 vel
2980 4124 3146 4180 prOpe
3177 4109 3385 4179 positis,
3417 4127 3543 4181 qua:
3574 4112 3646 4166 ad
3674 4124 3770 4165 eam

2196 4199 2529 4267 respiciunt,
2575 4215 2697 4255 cum
2728 4203 2871 4255 omni
2905 4204 3269 4271 proprietate,
3309 4204 3448 4258 sicut
3483 4218 3585 4258 nos
3617 4219 3724 4259 eam
3745 4217 3771 4255 a

2199 4291 2507 4360 parentibus
2537 4294 2734 4347 nostris
2767 4294 2816 4347 in
2849 4293 3228 4362 proprietatem
3276 4295 3590 4363 accepimus
3619 4313 3638 4348 :
3667 4309 3776 4364 pra-

497 4386 795 4453 integrum,
822 4401 1292 4465 quantumcunque
1334 4398 1388 4453 in
1416 4402 1777 4472 suprascripta
1823 4405 2096 4462 eodem...
2127 4460 2171 4472 __
2198 4385 2426 4454 cipimus
2455 4385 2615 4440 etiam
2647 4400 2808 4455 super
2835 4387 2934 4442 hoc
2967 4403 3034 4442 ne
3060 4388 3250 4457 aliquis
3289 4389 3564 4442 hominum
3607 4394 3773 4444 eadem

499 4488 591 4536 tus
617 4481 881 4553 quondam
923 4487 1112 4554 tenuit,
1144 4497 1201 4544 et
1237 4500 1263 4527 α
1304 4506 1401 4560 pro
1446 4460 1752 4552 ittcestuosa
1781 4501 1864 4556 vel
1896 4501 2000 4556 alia
2031 4501 2096 4556 il-

2202 4477 2340 4531 bona
2384 4492 2415 4530 a
2462 4475 2714 4532 Fuldensi
2763 4481 3090 4534 monasterio
3141 4481 3389 4546 auferat,
3441 4483 3538 4535 sed
3590 4484 3699 4537 sint
3737 4483 3780 4534 in

499 4571 648 4628 lisita
678 4589 840 4645 opera
866 4576 1074 4648 legibus
1123 4580 1375 4650 perdidit,
1421 4585 1506 4640 vel
1550 4587 1615 4642 ad
1645 4587 1828 4643 ﬁscum
1858 4602 2097 4648 nostrum

500 4662 710 4754 legibus
738 4665 1094 4738 devenerunt,
1142 4680 1195 4728 et
1239 4673 1390 4745 Huge
1434 4691 1618 4735 comes
1665 4695 1769 4734 una
1799 4695 1919 4736 cum
1965 4699 2103 4754 prae-

504 4753 653 4846 dicto
699 4756 981 4815 Tanerado
1033 4765 1329 4822 venerabili
1385 4768 1598 4836 abbate,
1648 4771 1728 4828 vel
1775 4772 1894 4830 aliis
1940 4753 2102 4846 quam

504 4845 677 4917 pluris
725 4847 971 4906 ﬁdelibus
1023 4857 1224 4912 nostris
1251 4856 1278 4894 ι)
1309 4861 1602 4917 secundum
1648 4862 1928 4934 judicium,
1973 4867 2104 4938 legi-

495 4938 642 5024 itimo
667 4939 880 5007 ordine,
928 4957 994 4999 ac
1033 4945 1179 5014 juste
1217 4956 1273 5003 et
1309 4952 1698 5011 rationabiliter
1739 4957 1976 5024 partibus
2002 4974 2101 5014 no-

495 5019 643 5100 :stris
669 5032 952 5101 acquisivit
983 5037 1065 5092 vel
1097 5039 1442 5110 cvindicavit,
1475 5058 1571 5113 pro
1619 5019 1881 5102 mercedis
1907 5058 2102 5105 nostrae

497 5134 856 5194 augmentum
887 5127 951 5181 ad
1001 5130 1365 5198 supradictum
1412 5122 1654 5191 sanctum
1704 5137 1875 5192 locum
1909 5139 2106 5209 plenis-

513 5213 651 5270 sima
703 5214 1090 5276 deliberatione
1150 5223 1484 5281 concessisse
1539 5234 1697 5297 atque
1757 5230 2104 5289 conﬁrmasse

562 5389 765 5481 31.153!
781 5395 1068 5481 inportuosa
1103 5398 1202 5481 σεί-
1209 5400 1314 5453 alia
1356 5402 1542 5481 illicito
1567 5421 1723 5473 Opera
1768 5407 1958 5476 legibus
1988 5429 2106 5481 per-

505 5459 671 5537 didit.
705 5462 963 5520 Nimirum
989 5469 1131 5536 leges
1162 5469 1491 5528 Francorum
1516 5459 1838 5532 incestnosis
1850 5459 2102 5537 eisil'iu'm

927 5532 1340 5606 publicationem
1395 5547 1651 5616 irrogant.
1703 5548 1831 5619 Leg.
1883 5532 2101 5621 nip‘u‘iil

574 5669 950 5761 §ccttntlum
989 5681 1264 5761 judicium,
1311 5686 1542 5761 legitimo
1586 5689 1786 5746 ordine.
1842 5691 1920 5747 Eo
1967 5695 2104 5761 quod

525 5739 677 5817 H'ugo
703 5757 890 5806 comes
931 5739 1053 5807 cu'm
1082 5739 1272 5812 abbate
1310 5739 1939 5832 rinér'iao";ir}iiiéu€rii
1963 5739 2106 5836 filii:

2201 4576 2407 4622 acterna
2445 4567 2682 4622 subsidia
2714 4569 2968 4624 fratribus
2995 4570 3122 4626 ittibi
3156 4571 3266 4628 Deo
3297 4574 3697 4644 militantibus,
3726 4572 3782 4626 ad

2203 4660 2522 4715 memoriam
2556 4670 2752 4715 nostrae
2783 4663 3194 4719 recordationis.

2892 4776 3085 4832 XXVI.

2203 4882 2445 4963 Diploma
2475 4884 2651 4963 Caroli
2680 4885 2882 4963 Magni,
2908 4905 3012 4958 quo
3060 4893 3200 4959 piam
3227 4891 3302 4944 vir
3326 4891 3547 4944 illustris
3571 4893 3788 4963 disposi-

2275 4961 2461 5033 tionem
2481 4959 2531 5010 in
2563 4957 2786 5033 gratiam
2813 4957 3096 5016 Fuldensis
3131 4963 3358 5017 ecclesia
3382 4966 3576 5033 [astam
3605 4957 3786 5031 con/ir-

2276 5039 2377 5080 mat
2409 5030 2564 5098 (anno
2603 5029 2753 5099 810).

2427 5126 2522 5186 (Ex
2546 5129 2831 5194 Schannatg
2857 5133 3070 5186 Historia
3095 5139 3402 5201 episcopatus
3424 5136 3586 5199 ἰδυῖα.)

2277 5233 2503 5290 Carolus
2529 5239 2904 5296 serenissimus
2935 5243 3226 5313 Augustus,
3255 5259 3285 5297 a
3329 5245 3435 5299 Deo
3477 5255 3789 5313 coronatus,

2207 5412 2316 5493 cio,
2357 5429 2463 5493 quo
2492 5414 2826 5493 Godcbertus
2853 5420 3006 5476 bonis
3045 5423 3158 5476 suis
3185 5436 3373 5477 exutus
3412 5436 3516 5493 est,
3563 5425 3795 5480 Tuncru—

2208 5485 2332 5561 dutn
2367 5485 2586 5561 missum
2613 5491 2812 5559 regium
2845 5495 3002 5546 fuisse
3040 5505 3280 5549 autumo.
3329 5485 3549 5561 Reliqua
3591 5500 3664 5552 de
3689 5513 3795 5552 sca-

2210 5555 2348 5633 b‘inis
2389 5555 2923 5633 intelligo,_'quorunt
2975 5564 3169 5619 electio
3211 5580 3375 5633 penes
3423 5555 3621 5622 missos
3664 5577 3792 5622 erat.

2209 5625 2275 5679 Et
2304 5627 2386 5703 sic
2402 5626 2615 5681 dentutn
2649 5625 2882 5699 legitimo
2915 5633 3118 5703 judicio
3149 5625 3456 5702 processum
3501 5640 3791 5699 dicebatur,

2209 5697 2427 5764 quando
2453 5714 2632 5752 comes
2659 5697 2777 5753 cum
2801 5697 3192 5769 suis'scabinis,
3221 5707 3622 5767 interveniente
3639 5697 3791 5766 etiam

2208 5782 2589 5839 nonnunquam
2621 5771 2806 5845 misso,
2837 5774 2889 5831 in
2921 5777 3080 5833 mullo
3117 5779 3360 5836 sedebat.
3728 5792 3758 5880 ξ
