3964 6344
189 299 335 356 1077

888 294 1124 355 CODEX
1165 293 1689 355 DIPLOMA'IICUS.
1729 328 1796 342 —
1837 297 2248 358 PRIVILEGIA.
2286 328 2355 341 —
2393 298 2757 357 APPENDIX.

3311 296 3451 354 {078

183 424 435 482 magnus,
466 406 722 480 paciﬁcus
776 406 1088 480 imperator,
1146 410 1439 465 Romanum
1468 412 1771 483 gubernans
1799 421 1847 479 Α
1874 414 2057 483 quieto
2082 413 2269 469 ordine
2309 414 2555 481 deberet,
2606 424 2723 482 post
2757 420 2981 468 mortem
3014 425 3143 469 vero
3181 423 3331 467 suam
3385 413 3453 467 ai

185 503 497 569 imperium,
528 498 617 566 qui
656 510 710 554 et
750 514 844 569 per
874 501 1294 555 misericordiam
1329 502 1421 557 Dei
1471 518 1564 558 rex
1598 502 1770 557 Frau-

181 607 377 648 corum
398 600 452 645 et
494 588 992 661 Langobardorum,
1015 590 1270 647 omnibus
1298 592 1544 647 ﬁdelibus
1568 596 1767 651 nostris

183 682 527 754 presentibus
550 690 608 737 et
652 678 845 736 futuris
887 691 1068 737 notum
1104 682 1177 737 sit
1214 684 1337 753 quia
1368 684 1557 739 Bennit
1597 686 1769 741 fidelis

183 785 372 855 noster
410 773 640 828 innotuit
685 774 960 829 serenitati
1002 786 1198 830 nostra:
1244 768 1329 830 eo'
1357 776 1497 846 quod
1530 787 1680 845 pater
1709 778 1769 832 il-

186 864 298 921 lius
324 864 655 935 Amalangus
682 864 809 919 dum
839 866 1020 919 caeteri
1061 865 1309 923 Saxones
1340 877 1589 936 parentes
1623 871 1763 925 illius

180 965 377 1011 contra
405 969 504 1011 nos
534 954 819 1010 inﬁdeliter
864 956 1122 1025 egissent,
1155 956 1408 1025 prtelatus
1440 960 1767 1028 Amalungus

180 1047 412 1103 malleus
438 1046 596 1101 ﬁdem
621 1061 769 1100 suam
793 1061 1031 1111 servare,
1061 1061 1217 1116 quam
1247 1062 1369 1101 cum
1400 1050 1611 1104 czcteris
1640 1050 1764 1103 inﬁ-

181 1138 392 1192 delibus
405 1150 777 1205 perseverare,
803 1139 1110 1206 relinquens
1128 1138 1303 1193 locum
1325 1136 1615 1194 nativitatis
1631 1155 1764 1205 sum,

182 1227 408 1284 veniens
429 1228 495 1282 ad
522 1242 640 1293 nos,
672 1236 726 1281 et
751 1228 879 1281 dum
907 1229 958 1281 in
987 1240 1175 1283 nostro
1201 1238 1339 1284 esset
1366 1229 1646 1298 obsequio,
1676 1245 1767 1285 ve-

182 1322 268 1376 nit
323 1320 388 1374 ad
454 1319 635 1373 villam
690 1319 843 1389 cujus
897 1331 980 1375 est
1035 1321 1354 1376 vocabulum
1406 1320 1766 1394 Unsvisangar

181 1424 345 1480 quam
403 1418 511 1463 tum
560 1410 815 1478 temporis
869 1408 1060 1464 Franci
1086 1420 1142 1466 et
1181 1410 1425 1467 Saxones
1469 1413 1765 1468 inhabitare

180 1502 525 1568 videbantur,
546 1502 767 1571 cupiens
796 1501 869 1556 ibi
899 1518 1020 1556 cum
1051 1503 1131 1557 eis
1162 1518 1404 1571 manere,
1424 1505 1518 1559 sed
1549 1506 1765 1561 minime

183 1594 401 1663 potuit:
434 1602 542 1646 tum
594 1607 818 1662 pergens
865 1591 936 1646 ad
992 1593 1166 1649 locum
1220 1594 1308 1665 qui
1350 1595 1557 1649 dicitur
1606 1596 1766 1650 Unal-

182 1682 458 1737 disbccchi
490 1683 629 1737 inter
671 1682 887 1738 Viseraa
924 1692 979 1737 et
1008 1684 1207 1738 Fuldaa
1232 1684 1487 1754 preprisit
1516 1686 1616 1740 sibi
1644 1702 1766 1755 par-

1872 503 2136 560 Fuldense
2163 506 2544 559 monasterium
2572 503 2713 573 quod
2744 504 3038 559 construxit
3079 510 3296 558 sanctus
3340 502 3447 557 Do-

1869 593 2112 660 nifacius,
2142 595 2413 661 transiret,
2454 593 2604 664 cujus
2635 594 2944 664 petitionem
2984 593 3249 663 denegare
3276 593 3452 648 nolui-

1870 697 2014 751 mus,
2044 685 2139 739 scd
2187 686 2260 740 ita
2299 688 2634 741 concessisse
2662 694 2822 753 atque
2867 684 2919 739 iu
2956 685 3203 738 omnibus
3251 683 3448 738 conﬁr-

1868 788 2043 829 masse
2070 776 2392 843 cognoscite.
2422 774 2782 844 Precipieutes
2807 788 2935 844 ergo
2957 773 3210 843 jubemus
3238 783 3293 827 ut
3323 772 3444 827 nul-

1867 867 1947 921 lus
1976 867 2209 922 ﬁdelium
2232 879 2537 923 nostrorum
2563 868 2887 937 prescntium
2933 867 3139 921 scilicet
3166 875 3219 921 et
3241 866 3448 919 futuro-

1868 974 1983 1012 rum
2011 958 2269 1027 preratum
2305 959 2495 1014 Bennit
2522 961 2609 1015 vel
2641 960 2865 1014 heredes
2906 957 3051 1012 illius
3093 956 3294 1012 de.hoc
3322 971 3418 1025 pro

1868 1049 2032 1115 priso,
2057 1049 2196 1117 quod
2230 1051 2283 1103 in
2333 1047 2513 1119 lingua
2561 1065 2749 1105 eorum
2800 1048 2997 1103 dicitur
3044 1047 3239 1101 Bivanc
3289 1062 3448 1117 expo-

1868 1139 2018 1206 liare,
2073 1148 2167 1194 aut
2212 1139 2510 1209 inquietare
2583 1141 2695 1195 ullo
2744 1142 2905 1195 modo
2959 1138 3319 1209 presumatis;
3350 1137 3447 1193 sed

1866 1231 2044 1297 liceat,
2101 1234 2241 1286 sicut
2283 1232 2535 1297 diximus,
2593 1234 2641 1286 ei
2698 1246 2790 1301 per
2821 1233 2923 1284 hoc
2968 1239 3204 1284 nostrum
3262 1242 3449 1299 prece-

1865 1328 2009 1391 ptum
2070 1320 2236 1391 ipsam
2317 1332 2511 1377 terram
2574 1332 3037 1392 quantumcunque
3102 1328 3252 1389 pater
3298 1320 3442 1375 illius

1864 1414 2077 1482 proprio
2137 1424 2192 1468 et
2238 1414 2287 1469 ei
2347 1414 2399 1469 in
2453 1413 2751 1468 hereditate
2802 1412 3008 1467 dimisit
3056 1421 3240 1467 tenere
3285 1420 3447 1480 atque

1864 1505 2135 1572 possidere
2164 1514 2219 1559 ut
2249 1504 2602 1574 prescriptum
2630 1514 2738 1569 est,
2782 1512 2836 1559 et
2892 1515 2949 1558 ut
2995 1505 3109 1557 hac
3155 1504 3445 1558 auctoritas

1862 1592 2064 1645 ﬁrmior
2094 1592 2352 1648 habeatur
2382 1595 2464 1647 vel
2508 1608 2603 1662 per
2632 1601 2878 1661 tempora
2925 1592 3115 1646 melius
3158 1606 3443 1649 conserve-

1865 1691 1965 1749 tur,
1996 1683 2062 1737 de
2090 1685 2249 1739 anulo
2273 1693 2456 1739 nostro
2482 1685 2669 1739 subter
2695 1685 2935 1754 sigillare
2952 1683 3231 1753 jussimtts.

182 1785 293 1830 tem
323 1773 583 1843 quandam
614 1774 681 1829 de
720 1775 854 1829 silva
905 1790 1021 1844 quae
1072 1786 1291 1831 vocatur
1341 1777 1641 1831 Bocchonia
1698 1791 1724 1819 ει
1745 1820 1759 1845 ,
1795 1780 1840 1842 Β
1935 1773 2165 1829 Suavius
2191 1776 2255 1829 ad
2286 1778 2454 1853 vicem
2485 1773 2801 1829 Ercanbaldi
2833 1774 3139 1842 recognovi.

181 1881 343 1934 quam
397 1864 629 1920 moriens
693 1864 975 1933 dereliquit
1029 1866 1138 1919 ﬁlio
1167 1881 1265 1922 suo
1324 1868 1514 1921 Bennit
1560 1867 1652 1936 qui
1700 1868 1767 1923 ad

185 1966 421 2010 nostram
488 1955 751 2011 accedens
811 1958 1149 2012 clementiam
1210 1961 1495 2028 postulavit
1551 1960 1767 2015 celsitu-

188 2046 301 2101 dini
334 2055 533 2102 nostra:
565 2057 624 2101 ut
652 2058 849 2103 nostra:
892 2049 1224 2104 auctoritatis
1275 2060 1579 2119 preceptum
1622 2052 1764 2106 circa

180 2155 308 2194 eum
333 2140 653 2194 conﬁrmare
674 2138 1017 2205 deberemus,
1049 2152 1313 2210 quatenus
1338 2142 1451 2211 ipse
1489 2143 1660 2211 quoad
1688 2144 1763 2196 vi-

181 2239 329 2284 veret
356 2229 555 2299 absque
595 2229 754 2285 ullius
784 2229 1095 2301 prtejudicio
1146 2239 1331 2287 tenere
1377 2244 1431 2287 et
1484 2232 1760 2301 possidere

223 2392 283 2453 γε
316 2380 489 2437 Aliam
518 2381 1006 2453 hujusudonationis
1048 2382 1286 2437 chartam
1330 2384 1483 2438 nobis
1518 2382 1753 2453 ignotam

176 2449 632 2523 vidissehoportet
675 2451 1006 2516 Browerum,
1058 2454 1319 2521 siquidem
1362 2449 1561 2523 Autiqf
1598 2454 1752 2510 Fuld.

177 2534 299 2589 pag.
329 2520 556 2585 217,-ex
587 2535 649 2576 ea
672 2524 976 2577 observavit
1006 2520 1143 2577 hanc
1190 2524 1432 2577 Bettnithi
1467 2520 1753 2579 hieredita-

180 2598 289 2645 tem
334 2590 587 2647 habuisse
614 2592 713 2647 soli
742 2592 870 2647 culti
903 2600 1103 2647 tantum
1146 2605 1203 2647 ut
1248 2596 1380 2649 duas
1432 2594 1485 2648 iu
1515 2598 1753 2665 longum,

1948 1863 2079 1918 Data
2105 1863 2224 1919 Kal.
2258 1864 2509 1920 Decemb.
2542 1868 2695 1921 Anno
2719 1879 2793 1931 xt,
2825 1864 3040 1918 Christo
3069 1862 3321 1934 propitio,
3344 1861 3446 1917 im-

1818 1985 1823 1992 -
1868 1956 2000 2022 perii
2031 1956 2220 2023 nostri,
2264 1964 2327 2029 et
2356 1956 2423 2011 ιι
2480 1957 2629 2027 regni
2685 1955 2739 2010 in
2781 1953 3030 2022 Francia,
3079 1964 3240 2026 atque
3290 1954 3356 2010 '57
3390 1956 3444 2010 in

1865 2045 2036 2100 Italia.

1935 2142 2124 2193 Actum
2155 2137 2474 2209 Aquisgrani
2525 2136 2723 2207 palatio
2753 2137 2923 2206 regio,
2978 2135 3032 2192 in
3082 2134 3179 2192 Dei
3221 2134 3443 2191 nomine

1864 2229 2116 2286 feliciter.
2179 2232 2372 2285 Amen.

1861 2385 2077 2438 totidem
2109 2384 2158 2439 in
2191 2384 2379 2445 latum,
2411 2393 2465 2437 et
2502 2382 2552 2436 itt
2583 2384 2807 2437 circuitu
2848 2398 2941 2437 sex
2971 2382 3148 2438 leucas
3177 2381 3318 2438 circa
3346 2378 3439 2435 Vi-

1859 2457 2059 2523 surgim
2091 2459 2335 2519 ambiret,
2385 2453 2682 2523 cujusntodi
2714 2455 2813 2507 fuit
2858 2456 2946 2508 illa
2992 2454 3249 2523 Adalt‘ici,
3295 2454 3434 2523 apud

1859 2519 2128 2581 Malitllon.
2167 2526 2233 2579 de
2257 2527 2333 2579 Ite
2354 2519 2508 2595 αἱρῇ,
2536 2525 2628 2579 ltb.
2664 2539 2735 2591 v1,
2773 2540 2894 2595 ρης.
2937 2522 3063 2581 512.

535 2842 1097 2917 APPENDIX
1149 2846 1297 2918 AD
1355 2846 1999 2920 PRIVILEGIA
2056 2848 2148 2919 B.
2204 2846 2607 2919 CABULI
2666 2844 3057 2919 MAGNI.

286 3008 1059 3094 TESTAMENTUM
1131 3014 1260 3093 ET
1320 3012 2441 3195 DIPISaggllug‘éilTanEDAM
2504 3012 2899 3092 CAROLO
2973 3010 3332 3093 MAGNO

930 3365 985 3420 1.

172 3457 350 3517 Caroli
399 3455 575 3526 Magni
630 3457 951 3530 imperatoris
1000 3466 1151 3522 atque
1222 3455 1547 3530 Francorum
1617 3459 1761 3530 regis

249 3538 611 3583 testamentum
661 3542 760 3594 quo
811 3529 1076 3581 thesauros
1115 3543 1233 3581 suos
1283 3528 1542 3582 distribuit
1602 3528 1760 3598 (anno

357 3605 401 3667 )’
485 3662 828 3727 (Ex'Auberto
850 3662 1035 3725 lineo,
1070 3663 1193 3725 Opp.
1216 3663 1437 3725 diplom.)

248 3751 304 3806 In
334 3749 552 3805 nomine
577 3745 788 3800 Domini
830 3745 924 3799 Dei
960 3746 1342 3812 omnipotentis
1384 3744 1580 3809 Patris,
1612 3746 1755 3811 Filii,

174 3833 237 3879 et
258 3820 492 3890 Spiritus
518 3818 715 3890 sancti.
768 3814 959 3890 Incipit
1006 3815 1298 3883 descriptio
1321 3826 1511 3890 __atque
1565 3816 1759 3890 divisio

176 3884 467 3960 quaefacta
499 3896 583 3941 est
610 3902 638 3940 a
669 3886 1055 3960 gloriosissimo
1081 3896 1242 3952 atque
1286 3884 1521 3960 piissimo
1556 3886 1757 3939 domno

178 3956 401 4025 Kamlo,
448 3959 769 4026 imperatore
802 3956 1059 4026 Augusto,
1099 3970 1241 4009 anno
1281 3956 1348 4009 ab
1395 3956 1759 4012 incarnatmne

174 4031 393 4087 Domini
452 4030 619 4083 nostri
658 4026 785 4080 .Iesu
848 4026 1045 4081 Christi
1104 4026 1244 4090 8H,
1293 4040 1432 4080 anno
1484 4041 1611 4081 vero
1665 4042 1749 4081 re-

174 4103 273 4171 gni
306 4101 422 4168 ejus
450 4100 503 4152 in
536 4097 758 4171 Francia
792 4112 920 4152 thtt
942 4137 958 4161 ,
990 4107 1046 4152 et
1077 4098 1128 4151 in
1173 4096 1321 4150 Italia
1354 4111 1558 4171 xxxvi,
1588 4098 1758 4165 impe-

178 4168 252 4228 iii
292 4181 467 4225 autem
497 4183 550 4222 xt
575 4209 590 4233 ,
640 4168 927 4222 indictione
959 4177 1182 4235 Quarta;
1228 4180 1388 4235 quam
1434 4168 1518 4235 pia
1548 4176 1602 4220 et
1632 4182 1757 4236 pru-

180 4243 336 4295 denti
366 4240 793 4295 consideratione
836 4240 1012 4292 facere
1039 4237 1298 4299 decrevit,
1327 4247 1381 4290 et
1409 4236 1635 4291 Domino
1657 4254 1757 4291 an-

174 4320 386 4367 nuente
412 4308 657 4379 perfecit,
682 4309 749 4363 de
775 4306 1038 4379 thesauris
1061 4307 1173 4361 suis
1196 4316 1354 4376 atque
1383 4308 1606 4379 pecunia
1636 4322 1755 4379 qua;

178 4384 240 4436 in
279 4382 368 4435 illa
411 4377 497 4434 die
527 4383 578 4434 in
607 4393 822 4433 camera
863 4378 981 4449 ejus
1010 4381 1220 4433 inventa
1249 4386 1350 4449 est.
1385 4378 1442 4431 lu
1490 4391 1596 4446 qua
1626 4377 1754 4433 illud

173 4451 449 4522 praecipue
490 4464 792 4522 pracavere
816 4448 999 4522 voluit,
1030 4461 1091 4522 ut
1114 4464 1217 4502 nou
1248 4448 1753 4522 solum_ele_emosy-

173 4518 367 4576 irarum
415 4520 649 4589 largitio,
703 4535 823 4588 qua:
869 4520 1182 4574 solemniler
1225 4519 1367 4584 apud
1414 4518 1754 4573 Christianos

173 4592 253 4647 de
284 4590 711 4659 possessionibus
758 4604 943 4642 eorum
990 4592 1184 4655 agitur,
1226 4603 1328 4657 pro
1359 4603 1419 4641 se
1450 4602 1660 4657 quoque
1684 4590 1755 4645 de

173 4676 281 4717 sua
334 4659 556 4730 pecunia
603 4659 790 4712 ordine
818 4667 977 4730 atque
1006 4662 1214 4730 ratione
1244 4659 1625 4730 perﬁceretur,
1656 4661 1751 4714 sed

172 4728 348 4787 etiam
389 4740 447 4785 ut
487 4730 725 4783 heredes
767 4728 871 4791 sui,
919 4728 1063 4781 omni
1115 4728 1463 4795 ambiguitate
1515 4737 1747 4796 remota,

172 4803 306 4869 quid
344 4802 409 4853 ad
440 4815 500 4854 se
539 4799 805 4864 pertinere
848 4797 1069 4851 deberet
1109 4796 1305 4869 liquido
1335 4808 1742 4867 cognoscerent,

172 4868 239 4926 et
277 4871 394 4926 sine
443 4869 533 4923 lite
574 4878 732 4936 atque
781 4869 1120 4922 contentione
1155 4882 1249 4921 sua
1278 4868 1415 4923 inter
1446 4883 1503 4923 se
1531 4882 1748 4934 compe-

180 4942 317 4995 teuti
352 4940 633 5009 partitione
661 4936 905 5009 dividere
952 4940 1265 5005 potuissent.
1319 4938 1425 4992 Hac
1455 4938 1619 5009 igitur
1667 4940 1747 4993 in-

178 5008 422 5066 tentione
460 5017 619 5075 atque
657 5008 923 5076 proposito
951 5023 1164 5063 omnem
1209 5008 1555 5062 substantiam
1588 5016 1748 5075 atque

174 5078 564 5150 supelleCtilem
594 5092 765 5150 suam,
800 5078 999 5150 quzedin
1026 5094 1155 5131 auro
1182 5090 1235 5150 et
1254 5087 1474 5147 argento
1494 5080 1748 5150 gemmis-

177 5148 284 5220 que
309 5160 363 5205 et
387 5156 593 5220 ornatu
632 5149 801 5220 regiur
826 5152 879 5202 in
923 5148 1033 5214 illa,
1086 5156 1142 5202 ut
1177 5149 1379 5202 dictum
1415 5158 1527 5220 est,
1574 5148 1663 5220 die
1690 5148 1744 5204 in

177 5218 392 5275 camera
424 5218 539 5289 ejus
582 5218 806 5273 inveniri
859 5226 1086 5289 poterat,
1121 5222 1292 5286 primo
1339 5218 1554 5287 quidem
1603 5219 1744 5289 trina

179 5291 443 5345 divisione
456 5287 694 5360 partitus
721 5296 836 5354 est;
868 5287 1059 5360 deinde
1088 5288 1302 5360 easdem
1349 5299 1526 5358 partes
1564 5288 1747 5343 subdi-

186 5360 434 5424 videndo,
459 5358 527 5416 de
554 5362 758 5414 duabus
788 5358 1024 5427 partibus
1051 5358 1235 5428 viginti
1273 5367 1329 5413 et
1355 5374 1511 5413 unam
1542 5368 1744 5426 partem

183 5428 333 5496 fecit,
360 5430 567 5485 tertiam
607 5432 867 5498 integram
908 5428 1216 5483 reservavit.
1260 5428 1326 5483 Et
1361 5429 1746 5498 duarumqui-

182 5500 304 5553 dem
332 5500 557 5567 partium
582 5501 634 5555 in
665 5497 851 5567 viginti
877 5507 933 5555 et
973 5512 1131 5552 unam
1158 5509 1360 5568 partem
1393 5499 1527 5553 facta
1558 5497 1747 5552 divisio

183 5571 275 5625 tali
304 5569 511 5625 ratione
537 5572 803 5637 consistit,
843 5579 904 5625 ut
931 5569 1051 5640 quia
1081 5569 1133 5624 in
1181 5582 1346 5637 regno
1375 5568 1516 5624 illius
1545 5577 1745 5622 metro-

182 5641 433 5710 politana:
449 5641 691 5695 civitates
712 5640 894 5711 viginti
923 5651 977 5696 et
1006 5655 1107 5694 una
1131 5654 1251 5695 esse
1275 5648 1591 5705 noscuntur,
1621 5653 1750 5693 una-

182 5726 410 5784 quaeque
439 5712 647 5767 illarum
691 5714 920 5780 partium
964 5711 1030 5766 ad
1078 5724 1503 5782 unamquamque
1549 5720 1746 5768 metro.

1778 3378 1821 3437 C
1857 3390 2019 3460 polim
2046 3403 2138 3456 per
2157 3402 2346 3460 manus
2372 3387 2642 3460 literedum
2664 3394 2719 3442 et
2735 3386 3027 3445 amicorum
3054 3404 3272 3450 suorum
3286 3395 3435 3454 elee.

1862 3459 2097 3538 inosyttge
2140 3459 2700 3538 nuutiue_perveuiat,
2757 3469 2809 3538 et
2860 3460 3294 3538 archiepiscopus
3343 3471 3435 3538 qui

1860 3528 1994 3585 tunc
2016 3530 2163 3604 il_l_itts_
2192 3528 2439 3604 ECCICSiTD
2472 3538 2647 3582 rector
2672 3531 2952 3604 exstiterit,
2987 3528 3333 3604 partem-qum
3362 3528 3435 3593 ad

1856 3616 2008 3655 suam
2042 3600 2335 3655 Ecclesiam
2367 3602 2486 3653 data
2510 3609 2593 3654 est
2617 3601 2933 3667 suscipiens,
2958 3600 3078 3656 cum
3110 3604 3220 3660 suis
3234 3600 3350 3662 ’δυσ
3355 3622 3435 3664 ra-

1854 3674 2041 3745 ganeis
2067 3672 2360 3745 partiatur,
2399 3684 2464 3724 eo
2488 3671 2694 3726 scilicet
2719 3672 2877 3745 mudo
2907 3680 2964 3727 ut
2994 3673 3147 3745 tertia
3176 3691 3297 3745 pars
3321 3695 3435 3734 sua:

1857 3742 1938 3812 sit
1958 3740 2233 3812 Eccleshc,
2264 3740 2381 3792 duae
2414 3750 2750 3812 veropartes
2782 3740 2921 3795 inter
2942 3740 3303 3812 sttﬁraganeos
3341 3749 3428 3803 di-

1858 3808 2362 3885 vidaqturzllarum
2404 3807 2747 3885 divisionum,
2775 3827 2891 3876 quze
2925 3807 3226 3885 ex_duabus
3252 3818 3436 3885 primis

1858 3879 2097 3946 partibus
2129 3875 2282 3931 facta:
2310 3886 2457 3941 sunt,
2490 3886 2544 3931 et
2569 3878 2718 3943 juxta
2752 3875 3202 3945 metropoleurum
3244 3875 3437 3941 civita-

1857 3958 1965 4001 tum
2000 3963 2277 4002 numerum
2309 3947 2495 4016 viginti
2540 3957 2593 4001 et
2640 3962 2741 4000 una
2786 3964 2905 4002 esse
2935 3962 3248 4017 noscuntur,
3291 3970 3430 4009 una-

1856 4034 2077 4093 quaeque
2105 4018 2171 4072 ab
2195 4018 2358 4070 altera
2387 4027 2735 4093 sequestrata,
2770 4020 3018 4093 semotth
3051 4020 3103 4093 in
3132 4035 3231 4076 suo
3276 4039 3434 4093 repo-

1855 4090 2045 4163 sitorio
2091 4104 2211 4142 cum
2257 4089 2708 4163 superscriptioue
2750 4090 2983 4163 civitatis
3019 4090 3084 4143 ad
3115 4107 3271 4160 quam
3313 4089 3434 4163 per.

1855 4159 2069 4234 terenda
2101 4172 2203 4234 est,
2247 4158 2515 4234 recondita
2541 4158 2705 4234 jacet.
2748 4157 2975 4214 Nomina
3003 4157 3432 4234 vero'metropo-

1854 4229 2060 4304 [eorum
2103 4228 2170 4281 ad
2224 4243 2357 4304 quas
2413 4228 2599 4282 eadem
2632 4227 2988 4304 elcemogytta
3046 4227 3432 4304 siveilarg'itio

1855 4299 2094 4354 facienda
2121 4297 2386 4361 est,’htec
2432 4310 2599 4352 sunt:
2632 4298 2821 4362 Roma,
2854 4297 3128 4366 Ravenna,
3182 4297 3435 4360 Ilediola.

1854 4384 2001 4442 num,
2048 4370 2242 4424 Forum
2273 4367 2426 4435 Julii,
2468 4368 2698 4442 Gradus,
2748 4368 2987 4442 Colunia,
3046 4371 3430 4442 Moguntiacus,

1853 4438 2137 4514 ._l_uvavu_m,
2184 4453 2302 4514 qua:
2328 4446 2399 4514 -et
2450 4438 2817 4514 Saltz_burgus,
2847 4438 3430 4514 TrevgrisfSenonas,

1856 4507 2170 4587 yesontiou,
2200 4507 2559 4587 Lugdunutnlg
2582 4507 2945 4587 Ro_tomagtts._
2982 4507 3185 4587 Remis,
3216 4507 3429 4587 Arelas;

1855 4579 2081 4643 Vienna,
2128 4580 2462 4651 Tarantasia,
2499 4579 2866 4645 Ebrodunum,
2908 4581 3226 4651 Burdegala,
3260 4579 3434 4641 Tum;

1855 4664 1973 4715 nes,
2007 4652 2291 4723 Bituricus.
2321 4649 2490 4723 Unius
2537 4649 3126 4723 autem_partis,uquan'i
3166 4649 3429 4723 integram

1854 4724 2113 4776 reservari
2144 4721 2328 4786 voluit,
2364 4721 2481 4774 talis
2521 4732 2605 4774 est
2633 4721 2770 4776 ratio
2804 4730 2858 4774 ut
2898 4721 3001 4776 illis
3028 4722 3232 4779 duabus
3262 4721 3313 4779 in
3340 4740 3429 4783 su-

1851 4792 2121 4859 pradictas
2148 4791 2437 4845 divisiones
2462 4790 2787 4857 distributis,
2814 4801 2867 4845 et
2895 4792 2996 4846 sub
3024 4793 3199 4861 sigillo
3240 4809 3434 4851 recon-

1848 4861 1997 4925 ditis,
2034 4863 2147 4916 haec
2186 4861 2339 4931 tertia
2387 4861 2439 4931 in
2468 4874 2565 4931 usu
2594 4862 2903 4931 quotidiana
2926 4876 3258 4931 servaretur,
3286 4866 3432 4923 velut

1849 4945 1936 5004 res
1962 4944 2121 5004 quam
2151 4930 2293 4985 nulla
2317 4930 2422 4984 voti
2452 4929 2774 4999 obligatione
2813 4945 2844 4985 a
2875 4929 3112 5004 dominio
3150 4929 3432 5004 possiden-

1848 5002 1918 5056 tis
1971 5000 2255 5075 alienatam
2312 5015 2432 5055 esse
2459 5009 2758 5075 constaret;
2821 5002 3003 5057 ethoc
3032 5000 3434 5075 tandiuquoad-

1850 5085 2017 5145 usque
2064 5072 2151 5126 vel
2196 5072 2287 5145 ille
2328 5070 2608 5145 mansisset
2637 5071 2692 5125 in
2728 5085 2983 5145 corpore,
3012 5074 3095 5128 vel
3132 5070 3284 5130 usum
3312 5078 3432 5145 ejus

1848 5142 1950 5196 sibi
1989 5142 2351 5196 necessarium
2395 5143 2680 5208 judicaret.
2726 5140 2854 5196 Post
2881 5143 3085 5198 obitum
3117 5160 3243 5200 vero
3272 5140 3431 5203 suum

1850 5219 1944 5265 aut
1996 5211 2352 5266 voluntariam
2396 5213 2722 5267 secularium
2772 5227 2948 5269 rerum
2992 5215 3302 5280 carentiam,
3334 5230 3429 5273 ea-

1851 5282 1975 5337 dem
2004 5296 2127 5350 pars
2157 5292 2387 5352 quatuor
2424 5282 2878 5337 subdivisionibus
2905 5296 3211 5352 secaretur;
3242 5294 3298 5341 et
3325 5292 3431 5343 una

1848 5352 2062 5426 quidem
2102 5368 2287 5426 earum
2330 5352 2985 5426 supradictishvigintiet
3025 5370 3146 5410 una:
3188 5357 3431 5426 partibus

1849 5421 2170 5489 adderetur;
2203 5421 2369 5479 altera
2402 5437 2532 5478 vero
2570 5438 2600 5477 a
2635 5421 2769 5478 ﬁliis“
2796 5438 2858 5478 ac
2886 5424 3094 5479 ﬁliabus
3120 5421 3250 5493 suis,
3283 5428 3431 5483 ﬁliis-

1849 5508 1955 5566 que
1981 5507 2044 5548 ac
2063 5493 2281 5566 ﬁliabus
2321 5494 2547 5548 ﬁliorum
2570 5509 2810 5566 suorum,
2840 5507 3108 5564 assumpta
3128 5536 3144 5562 ,
3187 5497 3329 5566 justa
3370 5506 3429 5554 et

1849 5564 2154 5619 rationabili
2206 5564 2481 5635 interueos
2532 5565 2817 5633 partitione
2863 5564 3233 5635 divideretur;
3275 5569 3429 5624 tertia

1850 5648 1980 5708 vero
2025 5643 2285 5689 consueto
2311 5632 2630 5708 Christianis
2662 5650 2812 5708 more
2841 5636 2893 5708 in
2942 5650 3092 5708 usum
3140 5632 3428 5708 pauperum

1850 5704 2038 5763 fuisset
2062 5714 2314 5777 erogata;
2341 5714 2531 5777 quarta
2561 5705 2723 5763 simili
2767 5706 2927 5763 modo
2950 5704 3168 5767 nomine
3194 5704 3426 5767 eleemo-
