3974 6134
513 403 620 457 575

1325 401 1386 456 Β.
1425 360 1676 457 (ΞᾸΒΟΙᾸ
1719 397 1936 453 MAGNI
1973 396 2124 453 OPP.
2167 394 2346 450 PARS
2382 395 2421 448 1.
2464 393 2706 451 SECTIO
2742 393 2976 449 PRIMA.

3701 397 3798 452 576

511 530 654 586 quae
680 518 973 572 secundum
998 515 1368 586 supradictum
1405 517 1621 572 modum
1656 516 1711 570 in
1737 523 1980 570 nostrum
2007 515 2103 570 do—
2131 519 2180 573 Α
2207 508 2362 576 Quod
2383 509 2427 564 si
2457 522 2648 564 servus
2685 509 2751 564 de
2792 508 2937 563 furto
2983 515 3268 563 accusatus
3321 508 3504 576 fuerit,
3553 510 3800 567 dominus

509 609 740 663 minium
766 609 984 664 redacta
1011 616 1113 674 est,
1152 623 1252 678 per
1285 608 1558 678 praecepti
1602 607 1774 662 nostri
1814 607 2106 662 auctorita-

506 709 625 755 tem
649 701 706 754 in
730 700 816 754 ius
840 708 895 754 et
917 707 1241 771 potestatem
1265 700 1498 756 hominis
1523 700 1617 770 qui
1643 713 1761 754 eam
1788 701 2101 770 quaerebat,

505 791 558 848 si
583 805 684 848 sua
712 792 870 848 debet
895 805 1034 858 esse,
1059 791 1323 850 faciamus
1346 794 1648 863 pervenire.

579 881 671 938 24.
723 883 804 939 De
843 887 1102 940 mannire.
1147 885 1205 940 Si
1245 887 1368 956 quis
1415 886 1481 941 de
1520 895 1662 942 statu
1689 902 1808 952 suo,
1843 887 1898 942 id
1930 887 2105 944 estde

507 973 779 1039 libertate,
825 976 911 1030 vel
961 977 1026 1032 de
1072 978 1372 1034 hereditate
1415 980 1798 1049 conpellandus
1822 989 1924 1046 est,
1953 982 2103 1036 iuxta

503 1062 644 1134 legis
670 1065 1112 1123 constitutionem
1139 1068 1466 1123 manniatur.
1497 1069 1572 1123 De
1605 1071 1801 1126 ceteris
1825 1085 1955 1126 vero
1976 1087 2105 1126 cau-

505 1153 604 1218 sis,
632 1155 776 1209 unde
795 1155 916 1225 quis
939 1155 1204 1211 rationem
1238 1167 1323 1213 est
1362 1159 1686 1224 redditurus,
1718 1176 1824 1216 non
1860 1163 2104 1216 mannis-

505 1251 616 1309 tur,
644 1245 740 1300 sed
773 1258 873 1315 per
897 1247 1149 1302 comitem
1175 1248 1484 1303 banniatur.
1521 1249 1588 1304 Et
1617 1250 1662 1306 si
1688 1259 1810 1321 post
1845 1267 2006 1307 unam
2048 1259 2104 1307 et

503 1333 735 1390 alteram
785 1335 804 1366 ¹
841 1337 1058 1394 comitis
1089 1338 1508 1396 admonitionem
1559 1341 1799 1412 aliquis'
1857 1345 1923 1400 ad
1968 1345 2104 1400 mal-

504 1423 618 1480 lum
666 1425 851 1482 venire
884 1427 1136 1496 noluerit,
1187 1431 1349 1487 rebus
1381 1433 1499 1488 eius
1541 1431 1597 1487 in
1640 1434 1881 1490 bannum
1921 1437 2103 1492 missis

505 1517 692 1572 venire
713 1526 768 1572 et
793 1518 1052 1574 iustitiam
1089 1519 1268 1576 facere
1300 1522 1635 1592 conpellatur
1660 1535 1708 1578 α.

573 1607 666 1664 25.
694 1609 772 1666 De
799 1610 960 1680 [nidis
993 1612 1347 1668 cohercendis.
1379 1613 1436 1668 Si
1484 1614 1627 1684 quis,
1656 1614 1834 1684 aliqua
1867 1615 2102 1670 necessi-

503 1706 618 1754 tate
653 1708 899 1772 cogente,
945 1701 1296 1758 homicidium
1323 1706 1614 1771 commisit,
1653 1721 1835 1762 comes
1861 1707 1917 1762 in
1946 1707 2102 1763 cuius

503 1791 808 1848 ministerio
832 1793 854 1825 ³
894 1807 984 1849 res
1033 1802 1342 1865 perpetrata
1389 1804 1506 1863 est,
1567 1805 1624 1852 et
1671 1799 2096 1868 conpositionem

2203 603 2324 657 eius
2355 617 2453 672 pro
2475 616 2540 656 eo
2565 601 2816 656 emendet
2839 601 2882 632 ²¹
2907 610 3001 655 aut
3023 613 3150 655 eum
3183 609 3527 657 sacramento
3561 613 3799 668 excuset,

2195 696 2310 751 nisi
2347 695 2452 750 tale
2475 689 2678 749 furtum
2724 700 3093 764 perpetratum
3127 692 3344 758 habeat,
3394 703 3622 763 propter
3665 696 3803 764 quod

2203 789 2273 843 ad
2302 785 2626 856 supplicium
2654 785 2794 840 tradi
2820 785 3032 840 debeat.

2273 878 2364 934 28.
2403 877 2482 930 De
2515 876 2757 947 despectu
2801 875 3100 930 litterarum
3136 875 3542 931 dominicam.
3589 877 3652 932 Si
3689 879 3806 948 quis

2203 954 2410 1024 litteras
2443 977 2658 1023 nostras
2687 967 2984 1037 dispexerit
3018 967 3085 1034 “,
3118 967 3172 1022 id
3205 975 3290 1022 est
3324 969 3648 1024 tractoriam
3674 985 3808 1040 quae

2201 1066 2422 1128 propter
2474 1057 2670 1123 missos
2715 1057 3052 1128 recipiendos
3096 1056 3348 1128 dirigitur
3365 1098 3380 1124 ,
3425 1067 3522 1114 aut
3573 1061 3808 1116 honores

2201 1163 2340 1220 quos
2361 1151 2522 1206 habet
2547 1150 2762 1205 amittat
2785 1150 2853 1216 ”,
2886 1159 2982 1205 aut
3019 1150 3074 1205 in
3099 1163 3166 1205 eo
3208 1149 3327 1206 loco
3363 1151 3457 1206 ubi
3500 1155 3808 1223 praedictos

2202 1243 2398 1298 missos
2421 1243 2701 1312 suscipere
2727 1243 2934 1308 debuit,
2979 1243 3188 1298 tamdiu
3231 1242 3470 1298 resideat
3514 1251 3575 1299 et
3602 1245 3672 1300 de
3697 1238 3808 1302 suis

2203 1335 2366 1391 rebus
2401 1335 2702 1405 legationes
2725 1335 2854 1392 illuc
2888 1335 3170 1391 venientes
3216 1336 3495 1406 suscipiat,
3523 1352 3809 1408 quousque

2203 1427 2385 1482 animo
2413 1433 2600 1482 nostro
2624 1425 2962 1482 satisfactum
2988 1426 3206 1481 habeat.
3237 1424 3342 1493 Qui
3364 1441 3492 1482 vero
3517 1427 3807 1496 epistolam

2203 1527 2444 1574 nostram
2475 1533 2818 1590 quocumque
2859 1518 3020 1574 modo
3063 1517 3378 1588 dispexerit,
3427 1517 3581 1574 iussu
3621 1528 3808 1575 nostro

2202 1612 2271 1668 ad
2289 1611 2550 1682 palatium
2571 1612 2769 1678 veniat,
2796 1619 2852 1667 et
2871 1611 3022 1666 iuxta
3044 1609 3378 1666 voluntatem
3404 1618 3656 1665 nostram
3681 1626 3806 1666 con-

2201 1721 2390 1776 gruam
2435 1705 2698 1760 stultitiae
2740 1719 2872 1760 suae
2917 1702 3330 1774 castigationem
3370 1703 3628 1773 accipiat.
3670 1703 3738 1758 Et
3761 1705 3803 1759 si

2201 1798 2366 1853 homo
2390 1797 2526 1852 liber
2557 1797 2644 1851 vel
2670 1797 2718 1828 ”
2763 1795 3135 1852 ministerialis
3180 1794 3397 1850 comitis
3440 1795 3548 1850 hoc
3593 1792 3803 1860 fecerit,

502 1883 713 1940 solvere
747 1925 764 1949 ,
817 1893 874 1940 et
933 1883 1130 1942 faidam
1171 1887 1194 1919 ⁵
1231 1901 1330 1957 per
1367 1867 1790 1944 sacramentum
1810 1891 2099 1960 paciﬁcare
2131 1867 2174 1928 Β
2198 1891 2459 1946 honorem
2488 1890 2937 1960 qualemcumque
2963 1889 3214 1944 habuerit
3241 1889 3357 1944 sive
3397 1889 3444 1921 "
3477 1887 3804 1944 beneficium

501 1973 686 2030 faciat.
715 1975 869 2044 Quod
893 1976 938 2032 si
977 1991 1084 2032 una
1109 1993 1237 2048 pars
1269 1979 1320 2034 ei
1346 1979 1416 2034 ad
1447 1979 1550 2035 hoc
1576 1982 1884 2036 consentire
1905 1967 2094 2036 nolue-

499 2064 576 2118 rit
602 2064 642 2130 ⁸,
673 2065 729 2120 id
751 2073 836 2121 est
868 2074 964 2122 aut
997 2065 1088 2122 ille
1137 2068 1230 2138 qui
1270 2068 1622 2125 homicidium
1667 2071 1958 2138 commisit,
2003 2081 2099 2128 aut

500 2153 550 2208 is
571 2154 592 2186 ⁸
609 2156 702 2226 qui
725 2157 1150 2228 conpositionem
1195 2159 1471 2228 suscipere
1493 2159 1673 2224 debet,
1710 2159 1874 2216 faciat
1898 2161 2049 2218 illum
2074 2163 2095 2195 "

501 2246 595 2315 qui
647 2247 697 2302 ei
737 2257 1026 2304 contumax
1093 2248 1274 2328 fuerit,
1331 2251 1400 2306 ad
1449 2255 1812 2322 praesentiam
1853 2265 2097 2312 nostram

499 2337 702 2401 venire,
742 2347 800 2392 ut
827 2353 951 2395 eum
984 2341 1053 2396 ad
1083 2350 1294 2414 tempus
1336 2345 1478 2414 quod
1523 2347 1678 2402 nobis
1724 2347 2007 2417 placuerit,
2041 2350 2096 2404 in

501 2428 705 2484 exilio8
727 2429 1027 2498 mittamus,
1059 2433 1229 2490 donec
1251 2433 1325 2490 ibi
1345 2436 1658 2508 castigetur,
1689 2445 1750 2493 ut
1786 2439 1970 2495 comiti
1999 2453 2097 2497 suo

501 2518 853 2578 inoboediens
885 2537 1007 2578 esse
1037 2524 1268 2582 ulterius
1292 2541 1399 2582 non
1425 2528 1641 2594 audeat,
1671 2537 1726 2584 et
1750 2531 1926 2590 maius
1946 2531 2098 2588 dam-

502 2627 633 2667 num
661 2613 784 2670 inde
818 2629 926 2670 non
956 2616 1254 2674 adcrescat.

569 2704 660 2760 26.
689 2703 765 2764 De
784 2709 1146 2774 sacramentis,
1193 2709 1283 2764 ubi
1310 2709 1540 2765 iuranda
1577 2711 1701 2772 sint.
1731 2711 1835 2770 Ubi
1861 2712 2097 2784 antiqui-

499 2803 592 2852 tus
621 2797 642 2828 '
668 2798 1003 2855 consuetudo
1055 2798 1158 2855 fuit
1195 2801 1260 2857 de
1285 2801 1535 2858 libertate
1580 2813 1916 2860 sacramenta
1963 2807 2098 2862 adh-

497 2884 700 2941 ramire
729 2886 771 2918 ³⁸
797 2887 883 2941 vel
910 2887 1110 2954 iurare,
1139 2888 1214 2945 ibi
1246 2889 1288 2920 “
1324 2889 1546 2945 mallum
1573 2891 1614 2923 ¹¹
1647 2893 1928 2960 habeatur,
1957 2903 2012 2950 et
2049 2895 2094 2928 ¹³

497 2971 574 3031 ibi
619 2985 958 3033 sacramenta
993 2977 1260 3036 iurentur.
1303 2979 1494 3036 Mullus
1532 2988 1710 3037 tamen
1753 2997 1927 3054 neque
1967 2985 2009 3017 "
2037 2985 2091 3040 in

496 3066 745 3136 ecclesia,
769 3082 943 3139 neque
965 3069 1022 3125 in
1041 3069 1183 3126 atrio
1207 3071 1324 3128 eius
1349 3072 1614 3128 habeatur
1643 3074 1703 3128 η.
1731 3071 1936 3131 Minora
1963 3091 2092 3132 vero

495 3165 693 3236 placita
741 3181 924 3224 comes
977 3167 1093 3224 sive
1135 3168 1276 3224 intra
1317 3185 1471 3225 suam
1509 3177 1832 3240 potestatem
1879 3171 1963 3226 vel
2000 3171 2090 3227 ubi

494 3259 768 3331 inpetrare
787 3261 1046 3332 potuerit,
1089 3262 1306 3319 habeat.
1335 3263 1598 3323 Volumus
1644 3265 1850 3335 utique,
1897 3274 1956 3320 ut
1997 3265 2094 3321 do-

491 3368 618 3408 tuus
645 3353 688 3384 "
713 3367 745 3406 a
770 3354 968 3409 comite
995 3353 1036 3386 ¹⁷
1065 3355 1120 3409 in
1169 3353 1289 3410 loco
1317 3355 1406 3411 ubi
1435 3356 1656 3410 mallum
1699 3364 1884 3413 tenere
1911 3358 2088 3425 debet,

493 3443 874 3512 constituatur,
902 3453 962 3500 ut
981 3453 1204 3516 propter
1227 3447 1462 3502 calorem
1488 3447 1618 3504 solis
1647 3456 1701 3504 et
1729 3449 1966 3520 pluviam
1992 3465 2092 3522 pu-

493 3531 636 3588 blica
656 3534 866 3590 utilitas
895 3551 1004 3591 nou
1031 3545 1328 3592 remaneat.

563 3623 654 3678 '27.
693 3621 773 3679 De
796 3625 878 3680 his
903 3627 992 3698 qui
1019 3626 1085 3682 de
1121 3627 1264 3699 furto
1309 3631 1540 3684 accusati
1583 3630 1802 3701 fuerint.
1855 3630 1912 3686 Si
1953 3631 2090 3688 liber

494 3715 657 3771 homo
687 3715 753 3772 de
777 3713 922 3772 furto
956 3727 1240 3775 accusatus
1265 3715 1446 3786 fuerit,
1490 3729 1545 3775 et
1590 3735 1678 3777 res
1696 3723 1944 3792 proprias
1991 3723 2088 3778 ha—

493 3795 689 3873 buerit,
717 3807 771 3862 in
794 3807 957 3865 mallo
982 3809 1049 3865 ad
1070 3812 1430 3880 praesentiam
1449 3811 1664 3869 comitis
1685 3829 1744 3869 se
1765 3814 2085 3870 adbramiat.

493 3889 560 3950 Et
609 3896 654 3952 si
699 3913 788 3954 res
831 3913 940 3954 non
983 3900 1164 3967 habet,
1215 3901 1556 3959 ﬁdeiussores
1601 3903 1782 3972 donet,
1824 3905 1915 3975 qui
1965 3921 2090 3962 eum

491 3987 801 4044 adhramire
827 3989 870 4021 ⁸⁸
891 3997 947 4044 et
985 3990 1040 4044 in
1063 3990 1320 4061 placitum
1356 3992 1550 4048 adduci
1593 3992 1812 4050 faciant.
1844 3995 1909 4050 Et
1930 3995 2093 4052 liceat

491 4077 537 4132 ei
567 4077 742 4148 prima
768 4077 888 4134 vice
905 4093 1005 4150 per
1037 4091 1434 4137 sacramentum
1479 4097 1539 4138 se
1578 4085 1874 4140 secundum
1916 4084 2090 4156 legem

490 4168 735 4224 idoniare
762 4169 825 4236 ",
851 4171 896 4226 si
922 4173 1177 4241 potuerit.
1214 4171 1286 4228 At
1329 4175 1374 4228 si
1424 4173 1529 4228 alia
1572 4175 1691 4230 vice
1725 4175 1832 4230 duo
1870 4175 1956 4230 vel
1983 4182 2094 4230 tres

491 4276 612 4315 eum
643 4261 709 4316 de
733 4259 878 4317 furto
902 4265 1277 4318 accusaverim
1325 4263 1388 4328 ⁸ο,
1431 4263 1594 4320 liccat
1631 4265 1682 4322 ei
1711 4273 1900 4322 contra
1925 4281 2092 4320 unum

492 4365 556 4406 ex
601 4351 686 4408 bis
727 4367 852 4408 cum
900 4363 1058 4410 scuto
1097 4362 1153 4410 et
1197 4353 1338 4410 fuste
1384 4355 1439 4410 in
1502 4370 1694 4426 campo
1740 4357 2091 4412 contendere.

2201 1981 2436 2037 amittat.
2465 1981 2534 2036 Et
2561 1980 2608 2037 si
2642 1995 2834 2036 servus
2867 1977 3049 2046 fuerit,
3076 1979 3256 2035 nudus
3275 1979 3343 2034 ad
3365 1977 3551 2048 palum
3572 1978 3621 2010 "
3649 1993 3806 2048 vapu-

2200 2073 2276 2128 let
2299 2080 2356 2128 et
2380 2079 2542 2142 caput
2567 2072 2686 2127 eius
2712 2071 3020 2128 tondeatur.
3191 2083 3226 2116 σ

2269 2163 2360 2220 29.
2387 2163 2467 2218 De
2515 2163 2724 2218 iniustis
2769 2160 2986 2217 teloneis
3014 2169 3064 2216 et
3107 2158 3594 2216 consuetudinibus.
3654 2159 3726 2218 Ut
3761 2161 3804 2194 ’τ

2198 2255 2292 2310 ubi
2341 2262 2584 2324 tempore
2611 2253 2698 2309 avi
2743 2253 2918 2310 nostri
2963 2251 3146 2310 domui
3202 2251 3412 2322 Pippini
3463 2252 3805 2307 consuetudo

2201 2346 2302 2402 fuit
2331 2347 2601 2402 teloneum
2626 2346 2671 2378 ’⁸
2697 2346 2848 2412 dare,
2869 2345 2944 2401 ibi
2988 2352 3044 2400 et
3070 2343 3116 2375 ²⁶
3155 2344 3210 2399 in
3258 2341 3496 2398 futurum
3533 2341 3581 2373 “
3610 2343 3802 2413 detur;

2189 2437 2326 2494 nam
2351 2438 2444 2494 ubi
2470 2437 2515 2470 ³⁸
2544 2435 2754 2494 uoviter
2789 2437 3098 2507 incoeptum
3138 2442 3242 2500 est,
3285 2435 3515 2490 ulterius
3540 2449 3652 2490 nou
3680 2450 3804 2504 aga-

2198 2537 2308 2585 tur.
2341 2529 2409 2584 Et
2433 2529 2524 2586 ubi
2551 2542 2769 2584 necesse
2794 2543 2901 2584 non
2926 2534 3010 2582 est
3036 2521 3258 2582 ﬂuvium
3285 2524 3521 2594 aliquem
3548 2539 3650 2595 per
3671 2539 3806 2594 pono

2196 2629 2308 2679 tem
2330 2629 2686 2687 transmeare,
2709 2619 2794 2676 vel
2820 2619 2913 2676 ubi
2939 2618 3091 2675 navis
3105 2621 3208 2690 per
3231 2617 3460 2673 mediam
3483 2633 3689 2688 aquam
3711 2626 3806 2672 aut

2198 2717 2389 2772 subtus
2407 2721 2628 2785 pontem
2653 2712 2779 2768 ierit
2823 2721 2878 2768 et
2916 2711 2986 2766 ad
3021 2711 3194 2781 ripam
3243 2725 3351 2764 non
3399 2708 3805 2779 adpropinqua-

2197 2808 2356 2873 verit,
2387 2821 2563 2878 neque
2599 2805 2802 2862 ibidem
2827 2803 3030 2874 aliquid
3053 2809 3294 2872 emptum
3316 2799 3399 2856 vel
3431 2801 3802 2855 venundatum

2197 2895 2380 2963 fuerit,
2411 2896 2639 2951 ulterius
2667 2895 2938 2950 teloneum
2966 2907 3074 2948 non
3098 2891 3145 2924 ³³
3168 2893 3344 2948 detur.
3364 2888 3430 2944 Et
3453 2904 3620 2945 nemo
3645 2899 3802 2961 cogat

2197 2989 2363 3053 alium
2385 2989 2452 3044 ad
2481 2995 2700 3058 pontem
2726 2987 2825 3052 ire,
2857 2987 2950 3042 ubi
2976 2985 3124 3040 iuxta
3148 2991 3366 3054 pontem
3394 2997 3595 3052 aquam
3620 2989 3802 3036 trans-

2199 3095 2382 3136 meare
2405 3085 2604 3150 potest.
2633 3077 2701 3132 Et
2727 3077 2819 3147 qui
2850 3075 3077 3131 ulterius
3111 3073 3167 3130 in
3213 3072 3412 3128 talibus
3435 3071 3593 3138 locis,
3623 3071 3714 3127 vel
3736 3071 3806 3127 de

2197 3170 2279 3226 eis
2302 3171 2349 3202 ³³
2375 3169 2469 3242 qui
2507 3169 2575 3224 ad
2614 3167 2873 3240 palatium
2899 3181 2992 3224 seu
3037 3163 3094 3220 in
3123 3165 3334 3221 hostem
3360 3162 3406 3195 "
3429 3169 3688 3232 pergunt,
3716 3168 3798 3216 te-

2197 3267 2414 3325 loneum
2443 3261 2490 3294 ³⁵
2513 3258 2868 3326 exactaverit,
2897 3272 3020 3313 etim
3045 3272 3142 3312 sua
3175 3255 3292 3328 lege
3321 3255 3496 3325 ipsum
3525 3252 3798 3309 teloneum

2196 3353 2402 3418 reddat,
2434 3359 2490 3408 et
2512 3353 2754 3408 bannum
2780 3355 3046 3416 nostrum,
3077 3348 3133 3404 id
3159 3355 3244 3404 est
3269 3345 3552 3415 sexaginta
3573 3344 3796 3410 solidos,

2197 3435 2489 3512 conponatl

2269 3534 2359 3590 30.
2390 3533 2468 3588 De
2511 3535 2592 3588 his
2623 3533 2714 3606 qui
2765 3532 2924 3588 bonos
2967 3531 3211 3587 denarios
3237 3530 3470 3602 accipere
3507 3527 3696 3584 nolunt
3729 3527 3796 3584 ⁸⁸.

2195 3623 2532 3694 Quicumque
2578 3624 2716 3679 liber
2761 3622 2926 3680 homo
2973 3622 3254 3678 denarium
3299 3635 3510 3676 merum
3556 3627 3615 3674 et
3660 3619 3798 3674 bene

2189 3725 2510 3790 pensantem
2558 3717 2602 3750 "
2653 3716 2896 3787 recipere
2946 3713 3198 3780 noluerit,
3241 3713 3480 3768 bannum
3523 3719 3795 3774 nostrum,

2190 3809 2246 3866 id
2272 3819 2358 3891 est
2381 3811 2662 3880 sexaginta
2690 3809 2911 3877 solidos,
2939 3800 3228 3880 conponat.
3275 3805 3336 3861 Si
3379 3821 3508 3860 vero
3533 3806 3678 3860 servi
3709 3820 3798 3858 cc-

2189 3901 2477 3958 clesiastici
2501 3900 2547 3932 ⁸⁸
2576 3907 2670 3956 aut
2691 3900 2948 3956 comitum
2977 3906 3070 3953 aut
3091 3893 3447 3952 vassallorum
3475 3902 3795 3950 nostrorum

2189 3991 2295 4046 hoc
2316 3989 2494 4046 facere
2524 3988 3008 4060 praesumpserint,
3061 3986 3345 4058 sexaginta
3388 3983 3588 4039 ictibus
3629 3997 3799 4052 vapu-

2189 4083 2335 4149 lent;
2366 4089 2461 4138 aut
2483 4081 2530 4137 si
2559 4079 2820 4152 magister
2844 4093 3032 4136 eorum
3059 4077 3144 4133 vel
3173 4077 3488 4138 advocatus,
3521 4072 3616 4143 qui
3663 4072 3798 4127 liber

2191 4178 2295 4238 est,
2318 4187 2412 4227 eos
2429 4171 2516 4227 vel
2555 4171 2742 4227 comiti
2768 4169 2854 4226 vel
2878 4170 3042 4226 misso
3061 4174 3248 4224 nostm
3275 4167 3454 4222 iussus
3474 4171 3796 4234 prasenture

2193 4265 2448 4332 noluerit,
2468 4265 2805 4336 praedictum
2829 4265 3069 4320 bannum
3105 4261 3386 4332 sexaginta
3429 4257 3639 4315 solidos
3665 4271 3795 4312 con-

2195 4365 2384 4430 ponat.
2409 4369 2413 4372 η

1733 4485 2126 4543 VABIANTES
2161 4485 2566 4546 LECTIONES.

569 4577 587 4608 ι
624 4575 669 4630 si
694 4573 942 4645 aliquis}
955 4578 994 4630 ‘.

1071 4576 1102 4648 ’ί
1117 4577 1273 4632 alteri
1295 4577 1361 4631 Β.
1439 4577 1461 4610 ³
1487 4585 1751 4648 potestate
1779 4577 1830 4632 6.

491 4663 541 4702 c.
572 4661 618 4702 s.
643 4643 841 4700 debent
872 4643 938 4699 ϐ.

1919 4577 2545 4651 ‘_superscriptumwfrido
2566 4579 2619 4635 6.
2643 4581 2826 4635 eadem
2863 4595 3046 4651 manu.

1037 4649 1058 4679 "
1090 4647 1335 4718 i._coxnes
1357 4664 1412 4718 q.
1440 4647 1562 4702 Bal.
1641 4649 1662 4680 ⁸
1686 4649 1906 4704 exilium
1933 4649 2004 4702 Γ.
2025 4647 2258 4704 'emocorr.
2287 4652 2340 4706 5.
2368 4650 2489 4705 Bal.

3146 4577 3168 4610 '
3185 4573 3514 4662 voluerit
3613 4577 3638 4610 °
3659 4577 3714 4662 hi
3736 4595 3788 4662 (ι.

2591 4651 2613 4682 ’
2648 4651 2870 4720 antiqua
2893 4648 2946 4704 6.
2990 4719 3000 4720 ί
3063 4648 3104 4680 ³⁸
3133 4648 3405 4720 adt-amite
3430 4647 3506 4720 l‘_.
3530 4659 3706 4720 coast.
3729 4647 3793 4704 ti.

491 4718 545 4772 4.
576 4716 629 4769 6.
666 4715 1040 4797 (superscripta
1073 4715 1446 4797 (ξιοξεαθιςήη.
1473 4718 2024 4797 stabo_ii)_adrltart3ire
2052 4735 2104 4773 v.
2127 4719 2508 4797 2._itt_trare_5.
2541 4737 2592 4797 a.
2623 4715 2939 4797 vel_iu'rare,
2968 4719 3044 4797 ibi
3069 4717 3276 4775 scabini
3303 4725 3356 4772 et
3376 4716 3519 4797 legis
3545 4719 3796 4797 doctores

489 4799 614 4842 cum
643 4785 1215 4860 reliquisconveniant
1232 4785 1382 4844 et'ibi
1410 4789 1600 4860 mullos
1626 4785 1880 4860 [labeant
1909 4787 2078 4860 Rivip.

491 4867 570 4929 ut.
654 4854 696 4929 ξέ
733 4854 828 4910 aut
857 4856 934 4911 bis
959 4859 1364 4929 superscriptum
1389 4859 1598 4915 vocibus
1625 4875 1798 4929 neque
1825 4859 1879 4914 6.
1960 4860 2004 4892 ¹⁵
2025 4854 2283 4916 teneatur
2308 4863 2363 4917 5.
2447 4861 2490 4894 ⁸⁸
2522 4863 2744 4918 domum
2787 4863 2860 4916 l'.

489 4928 628 4983 mire
655 4927 710 4982 5.
745 4938 912 4982 const.
993 4927 1034 4958 "
1061 4944 1201 4982 sacr.
1219 4927 1336 4984 sec.
1369 4929 1404 4982 Ι.
1437 4929 1487 4994 id
1511 4945 1691 4984 emere
1712 4927 1778 4986 ’5.
1809 4929 2030 4985 idonare
2052 4929 2106 4984 4.

1512 4999 1559 5032 ³⁸
1589 5001 1730 5054 deest
1751 5001 1805 5055 5.
1883 4999 1930 5032 ⁸⁸
1951 5001 2093 5055 deest
2131 5000 2198 5056 B.

842 5069 887 5142 is
915 5068 1000 5124 ²οι
1035 5069 1293 5142 (Μέμφι-ξ
1315 5071 1498 5142 endem
1524 5073 1933 5142 superscripta»;
1959 5087 2121 5126 manu
2147 5072 2200 5126 6.

1499 5141 1544 5173 ³⁵
1566 5141 1866 5198 exercitum
1901 5141 1936 5196 6
1983 5157 2030 5196 s.
2061 5142 2114 5196 in
2142 5143 2198 5196 h.
2224 5142 2412 5198 desunt
2442 5142 2510 5198 (ἓ.

489 4999 534 5030 ’³
563 4998 871 5068 despexerit
895 4998 944 5051 l.
1023 4999 1070 5028 ⁸³
1089 4997 1324 5053 dimittat
1357 5001 1411 5054 5.

487 5067 542 5125 3.
575 5069 628 5124 6.
665 5068 733 5123 Β.
842 5069 887 5100 ³⁸
915 5068 1000 5124 sol
1035 5069 1156 5124 huic
1183 5070 1293 5123 coci
1315 5071 1411 5125 ead

489 5149 611 5194 sunt
640 5139 695 5194 6.
773 5138 819 5172 ⁸⁸
845 5139 987 5194 deest
1029 5138 1082 5192 4.
1163 5140 1210 5172 ³³
1235 5139 1322 5194 his
1351 5141 1420 5194 l'.

2162 4791 2203 4822 “
2229 4792 2318 4846 ubi
2343 4791 2392 4845 l.
2419 4791 2472 4845 4.
2553 4792 2595 4824 ³³
2621 4792 2818 4846 mullus
2835 4789 2902 4846 G.
2967 4789 3011 4821 ¹⁸
3029 4797 3344 4861 expunctum
3371 4787 3421 4861 lA.
3441 4790 3794 4861 superscripto

2957 4861 2997 4893 "
3023 4857 3157 4916 asc.
3191 4858 3335 4914 deest
3378 4858 3432 4913 6.
3517 4857 3561 4889 ³⁸
3599 4857 3795 4912 adrha—

2204 4933 2248 4964 ²⁰
2273 4940 2385 5003 tres
2415 4932 2488 5003 (e.
2523 4933 2576 4987 d.
2611 4931 2650 4986 Γ.
2673 4930 2883 5002 desunt)
2908 4927 3324 5003 accusaveritp3.
3404 4929 3448 4960 ¹¹
3475 4929 3707 5003 inundet
3729 4928 3790 4982 Β.

2303 5002 2348 5033 ⁸⁸
2375 4998 2526 5073 palos
2557 5003 2630 5057 Γ.
2657 5003 2742 5058 vel
2775 5003 2844 5057 ad
2866 4998 3127 5073 palatium
3155 4998 3220 5073 (ς.
3247 5001 3304 5053 in
3331 5014 3504 5073 marg.
3584 4998 3632 5028 "
3656 4999 3793 5073 deest

2311 5068 2703 5151 .“ctnnunept
2728 5072 2780 5128 ϐ.
2860 5068 2904 5104 ³³⁷⁸
2929 5071 3254 5151 μ’(ιῑονθ-γ..Δ
3289 5069 3371 5151 ﬁ"
3405 5069 3593 5151 ubi?"
3621 5068 3796 5151 etde-

2607 5143 2654 5176 "
2679 5143 3088 5214 superscriptum
3137 5139 3263 5196 ferit
3285 5138 3339 5194 6.
3416 5139 3462 5170 ⁸⁸
3488 5139 3546 5194 d.
3576 5148 3796 5194 contra-

493 5209 685 5270 dicunt
721 5208 776 5266 6.
851 5209 894 5243 ³⁷
929 5203 1214 5280 pensatum
1240 5210 1296 5265 4.
1373 5210 1420 5245 ³⁸
1461 5225 1508 5266 s.
1533 5220 1588 5268 et
1623 5226 1674 5267 e.
1706 5211 1830 5267 Bai.
1861 5211 2105 5268 eccles...
2127 5226 2466 5284 praesumps.
2492 5215 2677 5270 desunt
2707 5203 2760 5268 ϐξ

564 5429 591 5458 ι
621 5416 882 5500 l_’ost__hoc
901 5417 969 5475 G.
999 5417 1197 5500 Qal._et
1225 5417 1584 5500 Bl.‘(hicnet_in
1615 5319 2564 5500 indice).instaru3t93igitimos,et
2589 5415 2818 5500 iurando
2842 5409 3798 5500 vindicetilibertatemsuam.

493 5495 656 5557 caput
675 5487 902 5560 petitum
931 5504 999 5560 ex
1023 5489 1230 5546 Ludov.
1259 5487 1540 5560 cap.8-l7.
1565 5490 1665 5545 Iul.
1694 5487 1882 5558 Aquis.
1905 5487 2082 5557 Capit.

493 5572 593 5630 per
615 5557 1000 5630 se’scribenda,
1033 5573 1245 5630 supra:
1284 5577 1303 5610 ε
1338 5557 1438 5615 ἲϐ.
1480 5559 1722 5630 Qualiter
1735 5557 1802 5614 de
1823 5568 1966 5614 statu
1987 5573 2084 5612 suo

493 5623 733 5690 ῡκεεαιιω
749 5627 998 5682 evindicet
1025 5623 1313 5684 libertatem
1337 5623 1519 5684 suam:
1538 5629 1711 5686 liomo
1731 5631 1797 5686 de
1821 5637 1966 5686 statu
1987 5643 2087 5683 suo

497 5692 761 5774 pulsatus,
779 5696 823 5750 si
849 5697 896 5774 i_s
914 5697 1006 5774 qui
1033 5713 1156 5774 eum
1184 5700 1908 5774 pulsat,ad_convincendum
1937 5699 2087 5753 illum

498 5765 834 5885 Procinctum
860 5765 1127 5831 habuerit,
1158 5765 1412 5824 adhibeat
1439 5771 1541 5826 sibi
1570 5779 1694 5827 octo
1714 5771 2088 5826 coniuratnres

519 5839 768 5885 €2lllm05
795 5848 858 5885 ex
889 5848 953 5885 ea
980 5845 1152 5885 (κη-ιο.
1202 5841 1342 5885 unde.
1389 5841 1651 5885 rmlsztlur-
1693 5841 1808 5885 sive
1853 5839 1942 5885 illa
1992 5855 2088 5885 na-

519 5839 768 5910 egitimos
795 5848 858 5886 ex
889 5848 953 5888 ea
980 5845 1152 5910 parte,
1202 5841 1342 5894 unde
1389 5841 1654 5909 pulsatur,
1693 5841 1808 5896 sive
1853 5839 1944 5894 illa
1992 5855 2088 5908 pa-

503 5911 658 5958 terna
687 5907 798 5956 sive
831 5911 1074 5964 materna
1103 5907 1191 5970 sit,
1213 5918 1264 5960 ct.
1292 5907 1524 5977 quatuor
1549 5912 1763 5968 aliunde
1783 5927 1891 5967 non
1914 5907 2090 5965 mitius

2191 5477 2598 5562 sivproeinctum
2625 5487 2980 5562 [procinctum
3004 5480 3096 5562 8.]
3122 5477 3374 5562 defuerit,
3399 5477 3798 5562 adsumat‘ucn-

2191 5551 2492 5634 decumque
2517 5551 2806 5634 duodecim
2825 5555 3048 5634 liberos“
3066 5551 3335 5634 homines
3359 5559 3416 5607 et
3456 5551 3689 5634 iurando
3718 5552 3796 5605 in-

2191 5623 2524 5700 genuitatem
2543 5645 2700 5686 suam
2715 5625 2986 5700 defendat.
3009 5623 3197 5680 Omnis
3214 5623 3586 5700 controversia
3609 5637 3794 5676 coram

2190 5693 2508 5776 centenario
2528 5699 2744 5756 definiri
2768 5705 2967 5768 potest,
3010 5702 3234 5776 excepta
3277 5693 3590 5776 redditione
3617 5701 3796 5776 terrae

2191 5781 2249 5828 et
2274 5771 2686 5843 mancipiorum,
2717 5763 2858 5841 quae
2900 5781 3011 5825 non
3057 5763 3162 5822 nisi
3205 5779 3392 5820 coram
3431 5763 3632 5822 comite
3675 5763 3796 5816 ﬁeri

2195 5852 2393 5914 potest.
2426 5863 2457 5928 »-
