3974 6134
162 190 267 246 5η

732 182 959 241 CODEX
997 181 1521 238 DIPLOMATICUS.
1550 166 1955 237 —'CAPITUL.
1996 179 2086 236 AB
2122 180 2462 239 ANSEGISO
2500 182 2880 244 COLLECTA.

3332 187 3442 248 578

236 300 327 355 51.
355 295 431 351 De
452 292 897 349 adulteratoribus
930 303 1186 347 monetae.
1228 293 1332 347 De‘
1359 291 1491 348 falsa
1530 301 1746 348 moneta
1778 297 1825 356 Α
1854 292 2092 358 tradidit,
2128 302 2182 347 et
2223 294 2273 347 ei
2301 294 2487 350 eadem
2534 303 2679 350 terra
2710 296 2778 350 ad
2808 294 3095 349 tenendum
3124 292 3318 364 placita
3348 297 3442 353 sit.

163 394 437 453 iubemus,
469 393 529 440 ut
550 384 642 454 qui
664 399 783 439 eam
809 384 1138 453 percussisse
1158 384 1537 454 comprobatus
1559 382 1749 451 fuerit,

166 497 362 539 manus
397 480 447 534 ei
490 483 818 547 amputetur.
851 475 918 528 Et
952 475 1045 544 qui
1078 476 1181 530 hoc
1203 476 1498 539 consensit,
1542 474 1587 529 si
1617 474 1755 529 liber

163 582 247 629 est
262 614 277 637 ,
302 570 582 641 sexaginta
605 567 806 622 solidos
827 575 1125 636 conponat;
1180 566 1226 622 si
1254 580 1442 621 servus
1462 574 1566 631 est,
1599 580 1755 619 sexa-

165 669 315 738 ginta
346 665 489 719 ictus
514 660 811 729 accipiat’.

233 759 323 814 52.
352 757 430 810 De
450 754 661 827 proprio
686 751 946 806 dominico
972 749 1084 803 sine
1104 749 1333 803 iussione
1351 747 1494 803 illius
1527 747 1749 801 reddito.

168 851 222 906 Si
245 848 371 919 quis
391 845 671 917 proprium
707 849 983 904 nostrum,
1012 840 1156 908 quod
1179 840 1232 893 in
1260 839 1520 892 vestitura
1548 837 1757 910 genum

167 944 242 998 ris
261 940 436 996 nostri
460 937 582 1001 fuit,
608 935 767 990 alicui
792 933 1075 1003 quaerenti
1099 932 1147 995 ³,
1169 931 1286 985 sine
1311 938 1495 984 nostra
1519 929 1755 983 iussione

166 1032 486 1097 reddiderit,
514 1028 658 1085 aliud
700 1035 907 1082 tantum
947 1024 1102 1080 nobis
1132 1024 1199 1079 de
1242 1039 1340 1078 suo
1380 1022 1599 1092 proprio
1630 1037 1754 1076 cum

166 1143 259 1183 sua
289 1128 412 1196 lege
448 1128 735 1192 conponat.
780 1120 846 1174 Et
873 1119 1200 1189 quicumque
1228 1117 1357 1171 illud
1387 1116 1623 1171 scienter
1662 1129 1759 1183 per

168 1219 373 1275 malum
413 1216 688 1288 ingenium
720 1212 1002 1281 adquirere
1030 1208 1392 1279 temptaverit,
1414 1222 1514 1277 pro
1551 1205 1754 1260 inﬁdeli

165 1320 437 1375 teneatur,
484 1308 609 1378 quia
650 1311 1049 1361 sacramentum
1088 1301 1385 1363 ﬁdelitatis,
1428 1300 1571 1369 quod
1603 1298 1758 1359 nobis

166 1400 439 1472 promisit,
484 1397 695 1452 irritum
739 1394 897 1461 fecit;
946 1401 1000 1447 et
1028 1391 1147 1448 ideo
1186 1389 1481 1447 secundum
1519 1396 1757 1444 nostram

168 1492 504 1546 voluntatem
533 1494 588 1542 et
621 1491 945 1556 potestatem
967 1483 1340 1538 diiudicandus
1358 1489 1461 1537 est.

234 1580 328 1634 55.
374 1577 454 1631 De
478 1576 651 1647 pueris
674 1573 849 1628 inritis
877 1570 1176 1643 parentibus
1201 1570 1432 1624 detonsis
1453 1577 1547 1623 aut
1571 1567 1758 1639 puellis

1857 384 1963 440 Sed
1996 386 2050 440 in
2087 386 2190 441 hac
2237 402 2294 441 re
2342 386 2792 442 considerandum
2828 395 2939 451 est,
2994 396 3172 441 utrum
3202 387 3292 443 ille
3351 388 3444 458 qui

1856 476 1998 532 hanc
2021 484 2188 542 tenet,
2205 478 2356 531 dives
2376 492 2443 531 an
2465 479 2505 508 "
2531 492 2735 547 pauper
2752 477 2843 542 sit,
2862 477 2962 532 et“
2986 485 3164 532 utrum
3187 478 3333 533 aliud
3352 479 3447 534 be-

1856 567 2108 623 neﬁcium
2138 569 2356 634 habeat,
2383 569 2467 624 vel
2507 570 2671 624 etiam
2697 570 2995 639 proprium.
3043 570 3111 623 Et
3138 570 3228 639 qui
3254 571 3454 627 horum

1856 666 2105 713 neutrum
2135 659 2317 725 habet,
2342 672 2467 726 erga
2495 658 2537 689 ¹⁹
2562 660 2706 714 hunc
2728 659 3150 713 misericorditer
3177 661 3451 729 agendum

1856 755 1958 811 est,
2006 762 2073 802 ne
2099 762 2165 802 ex
2202 755 2318 802 toto
2345 747 2663 817 dispoliatus
2690 749 2744 802 in
2771 757 3066 818 egestatem
3112 750 3345 815 incidat;
3387 759 3449 804 ut

1856 846 1950 891 aut
1977 838 2137 892 talem
2160 854 2383 894 censum
2414 840 2537 893 inde
2559 840 2829 910 persolvat
2859 842 3033 910 qualis
3057 842 3106 896 ei
3137 842 3297 896 fuerit
3318 859 3451 897 cou-

1857 929 2098 994 stitutus,
2140 930 2225 984 vel
2275 930 2576 999 portionem
2608 931 2845 1000 aliquam
2890 932 3013 987 inde
3042 933 3098 987 in
3126 933 3446 990 beneﬁcium

1858 1020 2106 1089 accipiat,
2140 1021 2282 1075 unde
2307 1034 2367 1075 se
2393 1029 2701 1076 sustentare
2724 1021 2766 1052 '°
2792 1021 2987 1077 valeat.

1928 1132 2016 1186 58.
2044 1131 2121 1184 De
2141 1131 2289 1185 nonis
2306 1133 2349 1162 ’ί
2364 1141 2411 1186 et
2438 1132 2675 1186 decimis.
2698 1132 3110 1188 Consideratum
3134 1142 3233 1199 est,
3251 1137 3367 1189 ut"
3382 1137 3448 1192 de

1858 1223 2099 1294 frugibus
2131 1232 2306 1279 terrae
2328 1235 2382 1278 et
2410 1226 2723 1280 animalium
2751 1226 3045 1281 nutriminc
3067 1226 3112 1258 “
3133 1228 3448 1297 persolvan-

1859 1321 1965 1368 tur.
1996 1314 2072 1368 De
2102 1329 2265 1383 opere
2289 1330 2417 1371 vero
2447 1315 2528 1369 vel
2558 1318 2949 1371 restauratioue
2976 1317 3325 1372 ecclesiarum
3354 1335 3446 1375 co-

1858 1423 1975 1462 mes
2005 1404 2058 1463 et
2080 1409 2362 1478 episcopus
2387 1410 2500 1463 sive
2527 1410 2693 1464 abbas
2731 1426 2840 1464 una
2869 1426 2989 1465 cum
3034 1410 3199 1465 misso
3238 1420 3450 1477 nostro,

1859 1514 2020 1568 quem
2041 1499 2088 1529 “
2129 1499 2232 1569 ipsi
2261 1500 2363 1555 sibi
2395 1502 2462 1555 ad
2506 1500 2611 1555 hoc
2650 1502 2929 1572 elegerint,
2961 1501 3447 1558 considerationem

1860 1590 2083 1657 faciant,
2131 1598 2191 1645 ut
2230 1592 2594 1662 unusquisque
2615 1593 2664 1624 "
2693 1608 2879 1647 eorum
2908 1602 3117 1650 tantum
3142 1595 3266 1649 inde
3306 1595 3450 1649 aeti-

167 1669 370 1728 velatis.
402 1668 462 1723 Si
500 1667 623 1737 quis
648 1680 874 1736 puerum
898 1663 1083 1718 invitis
1105 1663 1419 1733 parentibus
1441 1660 1753 1726 totonderit,

1865 1684 1973 1754 piat
2001 1684 2068 1739 ad
2110 1659 2441 1754 operandam
2486 1659 2541 1740 et
2573 1687 3003 1750 restaurandum,
3039 1696 3298 1757 quantum
3328 1687 3451 1756 ipse

170 1771 258 1816 aut
285 1759 527 1832 puellam
573 1756 849 1820 velaverit,
895 1754 1066 1822 legem
1091 1768 1241 1809 suam
1267 1752 1319 1806 in
1351 1751 1519 1821 triplo‘
1553 1765 1756 1820 conpo-

170 1862 277 1917 mt,
309 1859 411 1905 aut
436 1850 541 1921 ipsi
566 1848 587 1879 ⁵
611 1862 781 1918 puero
801 1846 887 1901 vel
915 1844 1144 1917 puellae,
1177 1844 1225 1899 si
1256 1844 1400 1899 iam'
1434 1858 1565 1898 suae
1603 1849 1757 1912 pote-

169 1943 320 1998 statis
354 1948 501 2004 sunt,
528 1946 621 1994 aut
640 1938 717 1994 illi
746 1938 800 1992 in
822 1936 1105 1993 cuiuslibet
1139 1943 1405 2005 potestate
1429 1933 1647 1989 fuerint.
1673 1932 1754 1989 llli

172 2050 293 2090 vero
316 2039 645 2104 potestatem
672 2031 908 2086 habeant
932 2028 1126 2099 capitis
1150 2030 1255 2095 sui,
1281 2035 1340 2083 ut
1363 2029 1417 2083 in
1448 2028 1541 2083 tali
1567 2028 1752 2084 habitu

170 2131 544 2195 permaneant,
578 2122 751 2193 qualis
773 2121 853 2177 eis
873 2120 1256 2191 eonplacuerit.

233 2234 324 2290 54.
377 2233 456 2288 De
490 2232 798 2305 foreapiis‘.
833 2231 889 2287 Si
919 2232 1183 2302 mancipia
1221 2231 1468 2287 dominos
1509 2246 1636 2287 suos
1675 2230 1757 2286 fu-

171 2327 346 2399 gerint
380 2325 437 2379 in
464 2324 695 2380 alienam
722 2329 1063 2395 potestatem,
1094 2330 1153 2376 ut
1180 2330 1399 2393 propter
1420 2323 1524 2378 hoc
1551 2322 1755 2378 nullum

171 2417 475 2490 praemium
500 2415 731 2484 accipiat
772 2413 882 2479 ille,
914 2413 969 2468 in
1015 2414 1170 2469 cuius
1205 2415 1511 2483 potestate’
1557 2413 1757 2469 fuerint

173 2508 411 2569 inventa,
436 2521 537 2576 pro
557 2520 622 2561 eo
646 2502 788 2574 quod
815 2518 878 2558 ea
914 2502 999 2557 vel
1024 2502 1315 2560 reddiderit
1342 2503 1426 2558 vel
1465 2503 1612 2560 foras
1649 2505 1758 2559 eie-

172 2601 322 2656 cerit.
353 2598 424 2653 Et
443 2613 552 2652 non
576 2596 749 2651 solum
772 2595 893 2659 hoc,
920 2595 1014 2650 sed
1036 2595 1198 2649 etiam
1222 2594 1266 2649 si
1290 2608 1354 2649 ea
1377 2609 1477 2649 nec
1499 2592 1755 2649 reddere'

175 2708 267 2746 nec
293 2690 450 2745 foras
474 2687 650 2744 eicere
674 2686 903 2742 voluerit
930 2693 985 2739 et
1022 2684 1259 2755 legitimo
1289 2686 1507 2741 domino
1536 2700 1599 2740 ea
1629 2700 1758 2741 eon-

176 2780 478 2846 tradixerit,
506 2787 561 2834 et
589 2779 678 2833 illa
720 2776 844 2837 inde
864 2776 1087 2848 postea’
1123 2776 1424 2846 elfugerint,
1462 2778 1756 2833 secundum

175 2872 342 2945 legem
376 2886 441 2927 ea
461 2871 501 2903 "
532 2869 741 2949 solvere
763 2876 1003 2939 cogatur.

235 2985 327 3040 55.
373 2983 454 3037 De
494 2992 635 3037 terra
660 2981 958 3036 tributaria.
1003 2978 1335 3051 Quicumque
1362 2988 1560 3036 terram
1587 2980 1759 3036 tribu-
1785 3012 1831 3076 ο

177 3078 393 3140 tariam,
414 3075 557 3130 unde
576 3074 837 3128 tributum
864 3073 929 3126 ad
948 3079 1159 3141 partem
1189 3080 1429 3126 nostram
1455 3072 1657 3127 exire“
1674 3087 1760 3128 so-

177 3166 337 3232 lebat,
386 3165 473 3220 vel
500 3166 568 3220 ad
592 3163 877 3220 ecclesiam
920 3162 1006 3217 vel
1027 3162 1247 3218 cuilibet
1280 3162 1434 3219 alteri
1461 3163 1759 3230 tradiderit,

175 3257 218 3312 is
256 3257 357 3327 qui
382 3270 504 3310 eam
534 3253 850 3324 susceperit,
883 3253 1141 3308 tributum
1188 3255 1331 3324 quod
1359 3254 1484 3310 inde
1520 3254 1763 3310 solveba-

174 3352 341 3416 tur",
371 3347 518 3404 omni
552 3347 711 3402 modo
738 3345 804 3400 ad
826 3354 1033 3415 partem
1055 3354 1294 3401 nostram
1330 3347 1630 3417 persolvat;
1656 3348 1760 3403 nisi

177 3442 304 3497 forte
328 3439 498 3495 talem
522 3437 833 3493 ﬁrmitatem
857 3436 923 3493 de
950 3446 1105 3507 parte
1135 3438 1401 3494 dominica
1424 3440 1640 3503 habeat,
1664 3456 1761 3510 per

176 3548 333 3602 quam
370 3531 549 3602 ipsum
573 3529 831 3584 tributum
857 3528 961 3583 sibi
993 3530 1346 3597 perdonatum
1379 3531 1551 3600 possit
1577 3539 1761 3587 osten—

175 3625 322 3680 dere.

236 3734 331 3794 56.
363 3732 441 3789 De
463 3732 726 3802 beneﬁciis
745 3730 1040 3787 destructis.
1068 3730 1400 3804 Quicumque
1422 3748 1577 3790 suum
1596 3735 1760 3791 bene-

175 3825 360 3886 ﬁcium
388 3824 676 3881 occasione
697 3823 903 3893 proprii
922 3824 966 3854 ¹³
996 3822 1269 3879 desertum
1302 3826 1571 3893 habuerit,
1607 3836 1662 3883 et
1683 3829 1761 3883 iu-

175 3926 255 3979 tra
297 3932 507 3974 annum
556 3924 843 3985 postquam
883 3915 933 3970 ei
963 3930 994 3969 a
1021 3916 1221 3971 comite
1258 3916 1344 3971 vel
1379 3918 1546 3973 misso
1572 3928 1759 3975 nostro

175 4025 362 4071 notum
392 4013 593 4069 factum
619 4010 801 4077 fuerit,
825 4011 956 4067 illud
981 4012 1321 4067 emendatum
1345 4028 1453 4069 non
1483 4013 1755 4082 habuerit,

179 4106 350 4179 ipsum
377 4104 700 4161 beneﬁcium
727 4104 962 4183 amittat.

241 4217 333 4271 57.
382 4213 462 4269 De
498 4225 638 4269 terra
660 4212 875 4268 censali.
908 4212 966 4269 Si
993 4214 1116 4284 quis
1139 4222 1337 4271 terram
1365 4218 1633 4274 censalem
1661 4220 1757 4275 ha-

179 4309 371 4372 buerit,
386 4320 549 4375 quam
563 4305 607 4336 “
628 4313 1000 4360 antecessores
1021 4306 1103 4359 sui
1126 4305 1210 4360 vel
1239 4306 1307 4360 ad
1326 4307 1559 4377 aiiquam
1585 4310 1756 4365 eccle-

179 4401 305 4455 siam
345 4398 433 4453 vel
471 4400 537 4453 ad
566 4397 610 4428 ¹⁸
639 4396 823 4451 villam
865 4405 1109 4451 nostram
1147 4396 1429 4464 dederunt,
1454 4399 1757 4456 nullatenus

181 4509 292 4548 eam
315 4490 612 4561 secundum
637 4490 808 4560 legem
829 4498 1013 4546 tenere
1036 4497 1235 4560 potest,
1268 4491 1370 4546 nisi
1396 4491 1487 4547 ille
1507 4493 1754 4559 voluerit,

183 4587 244 4640 ad
273 4586 430 4641 cuius
458 4590 779 4654 potestatem
812 4582 897 4637 vel
918 4583 1066 4637 “illa
1108 4582 1338 4637 ecclesia
1375 4583 1459 4638 vel
1504 4584 1596 4640 illa
1631 4585 1758 4641 villa

183 4678 440 4750 pertinet;
474 4675 580 4731 nisi
616 4675 756 4731 forte
783 4674 926 4731 ﬁlius
968 4682 1060 4730 aut
1085 4690 1253 4746 nepos
1276 4675 1392 4731 eius
1424 4676 1497 4731 sit
1526 4677 1615 4747 qui
1639 4694 1759 4734 eam

1857 1776 1924 1831 de
1951 1774 2112 1832 rebus
2134 1776 2481 1831 ecclesiarum
2506 1777 2705 1832 habere
2722 1786 3078 1847 cognoscatur
3094 1778 3161 1832 “.
3186 1776 3451 1833 Similiter

1855 1876 1911 1922 et
1931 1866 2075 1921 vassi
2103 1867 2271 1921 nostri
2316 1873 2409 1921 aut
2453 1865 2507 1920 in
2554 1880 2839 1921 commune
2866 1874 3076 1921 tantum
3101 1866 3281 1937 operis
3306 1867 3450 1921 aeti-

1856 1959 2028 2027 piant,
2054 1965 2313 2028 quantum
2337 1972 2517 2012 rerum
2539 1956 3028 2012 ecclesiasticarum
3056 1956 3336 2023 habent",
3364 1957 3447 2011 vel

1860 2050 2227 2118 unusquisque
2253 2063 2352 2118 per
2380 2063 2439 2103 se
2466 2048 2613 2102 iuxta
2641 2048 2999 2117 quantitatem
3030 2063 3190 2118 quam
3216 2047 3332 2118 ipse
3368 2056 3449 2103 te-

1857 2149 1970 2196 net.
1996 2142 2101 2193 Aut
2126 2140 2173 2195 si
2200 2141 2342 2195 inter
2355 2152 2449 2194 eos
2464 2141 2793 2204 convenerit,
2823 2148 2881 2193 ut
2894 2154 2993 2209 pro
3013 2154 3178 2209 opere
3198 2139 3451 2195 faciendo

1857 2237 2140 2300 argentum
2167 2229 2386 2294 donent,
2419 2228 2566 2283 iuxta
2607 2231 3041 2285 aestimationem
3072 2229 3254 2299 operis
3276 2230 3331 2285 in
3360 2246 3449 2285 ar-

1858 2334 2018 2398 gento
2042 2326 2382 2396 persolvant;
2409 2341 2531 2381 cum
2559 2341 2666 2395 quo
2687 2327 2863 2397 pretio
2892 2334 3071 2382 rector
3098 2326 3361 2383 ecclesiae
3380 2327 3450 2387 ad

1857 2415 2189 2487 praedictam
2219 2417 2672 2471 restaurationem
2699 2417 2979 2487 operarios
3001 2418 3048 2449 ’⁸
3068 2417 3370 2473 conducere
3393 2425 3448 2472 et

1859 2507 2143 2563 materiam
2171 2521 2352 2562 emere
2372 2507 2561 2577 possit.
2590 2507 2658 2561 Et
2679 2507 2771 2576 qui
2794 2522 2964 2563 nonas
2984 2516 3039 2562 et
3060 2508 3296 2564 decimas
3318 2508 3452 2563 dare

1858 2597 2181 2669 neglexerit,
2210 2598 2443 2667 primum
2474 2597 2689 2667 quidem
2716 2596 2837 2652 illas
2867 2612 2988 2652 cum
3019 2596 3136 2669 lege
3162 2612 3258 2652 sua
3288 2598 3450 2652 resti-

1860 2698 1995 2754 tuat,
2038 2698 2094 2743 et
2134 2687 2356 2757 insuper
2390 2687 2628 2742 bannum
2657 2693 2901 2741 nostrum
2931 2687 3126 2753 solvat,
3163 2696 3223 2741 ut
3248 2688 3321 2742 ita
3358 2704 3451 2743 ca-

1859 2782 2089 2852 stigatus
2142 2787 2352 2843 caveat,
2403 2790 2471 2831 ne
2517 2778 2734 2848 saepius
2765 2776 2811 2808 "
2840 2778 3089 2832 iterando
3125 2777 3451 2833 beneﬁcium

1858 2869 2095 2928 amittat.

1931 2984 2020 3039 59.
2053 2982 2131 3037 De
2158 2983 2431 3054 mancipiis
2461 2982 2516 3037 in
2541 2981 2688 3037 villas
2711 2981 3002 3036 dominicas
3030 2980 3074 3012 ³⁰
3103 2980 3450 3052 confugienti—

1866 3074 1981 3129 bus.
2017 3073 2075 3130 Si
2101 3074 2385 3130 cuiuslibet
2412 3074 2678 3143 mancipia
2703 3074 2757 3128 in
2788 3072 2968 3127 villam
2993 3081 3231 3128 nostram
3259 3073 3450 3129 confu-

1864 3166 2060 3238 gerint,
2097 3173 2248 3220 actor
2268 3166 2509 3221 eiusdem
2533 3166 2692 3220 villae
2714 3166 2993 3235 quaerenti
3012 3166 3229 3221 domino
3252 3182 3314 3221 ea
3337 3182 3448 3222 non

1864 3257 2200 3319 contradicat
2219 3256 2259 3287 ³¹
2279 3297 2294 3323 ,
2326 3256 2421 3311 sed
2454 3255 2637 3310 statim
2664 3270 2728 3311 ea
2746 3255 2790 3285 ³¹
2820 3253 2965 3309 loras
3001 3256 3065 3310 de
3086 3255 3277 3310 eadem
3318 3255 3451 3311 villa

1862 3347 2045 3405 eiciat.
2078 3345 2145 3402 Et
2165 3348 2210 3403 si
2236 3363 2295 3403 se
2316 3347 2361 3379 ³³
2390 3354 2543 3417 putat
2570 3347 2637 3402 ad
2665 3362 2727 3401 ea
2751 3347 3037 3415 repetenda
3068 3346 3326 3401 iustitiam
3351 3346 3450 3402 ba-

1862 3440 2013 3507 bere,
2047 3447 2275 3511 repetat,
2307 3447 2363 3493 et
2400 3438 2693 3494 secundum
2740 3437 2912 3507 legem
2936 3438 3204 3508 adquirat.
3237 3437 3295 3493 Si
3322 3454 3454 3495 vero

1862 3541 2104 3603 tempore
2140 3533 2323 3588 domui
2352 3532 2534 3587 Karoli
2563 3531 2823 3603 genitoris
2850 3531 3020 3586 nostri
3066 3531 3121 3585 in
3169 3529 3353 3585 villam
3388 3530 3455 3586 il-

1862 3628 1971 3685 lam
1994 3629 2039 3661 ”
2086 3629 2470 3701 confugerunt,
2501 3636 2555 3685 et
2582 3628 2829 3685 dominus
2866 3644 2928 3684 ea
2957 3629 3169 3698 quaerit
3190 3628 3256 3695 ³⁸,
3298 3637 3454 3687 actor

1859 3720 2100 3776 eiusdem
2115 3722 2268 3777 villae
2283 3729 2375 3776 aut
2388 3737 2449 3776 ea
2474 3715 2712 3789 legitime
2734 3721 3006 3776 contineat
3022 3721 3088 3787 “,
3102 3729 3196 3776 aut
3207 3737 3270 3777 ea
3286 3738 3452 3792 quae-

1857 3810 2000 3863 renti
2014 3809 2231 3865 domino
2243 3810 2448 3864 reddat.
2458 3809 2525 3862 Et
2539 3817 2690 3864 actor
2700 3817 2922 3878 propter
2934 3810 3247 3864 vestituram
3266 3811 3450 3869 domui

1859 3900 2043 3957 Κειτοιί
2078 3901 2337 3972 genitoris
2367 3901 2538 3954 nostri
2561 3900 2749 3955 eadem
2777 3901 3042 3970 mancipia
3071 3902 3445 3959 contradicere

1859 4009 1966 4049 non
1995 3994 2208 4059 audeat,
2236 3994 2283 4048 si
2310 3993 2455 4047 illius
2490 3993 2712 4063 propria
2736 3993 2778 4024 ³⁷
2803 4007 2922 4048 esse
2949 4001 3269 4049 noscuntur.

1924 4110 2014 4165 40.
2041 4110 2118 4165 De
2139 4109 2416 4179 [orestibus
2445 4109 2643 4164 nouiter
2661 4108 2936 4164 institutis.
2964 4107 3034 4163 Ut
3056 4108 3101 4140 ³⁸
3123 4068 3452 4178 quicumque

1855 4203 1980 4259 illas
2007 4204 2186 4268 habet,
2213 4202 2470 4268 dimittat,
2508 4201 2614 4257 nisi
2637 4200 2776 4257 forte
2797 4200 2998 4259 iudicio
3020 4201 3065 4232 "
3095 4201 3271 4257 veraci
3295 4203 3343 4233 ⁴⁰
3362 4218 3454 4258 os-

1856 4295 2080 4351 tendere
2120 4294 2311 4364 possit,
2343 4292 2489 4363 quod
2526 4307 2625 4363 per
2670 4293 2963 4349 iussionem
2995 4293 3111 4349 sive
3136 4294 3454 4363 promissio-

1788 4366 1834 4424 υ
1861 4385 2042 4440 nem“
2077 4385 2255 4441 domni
2281 4383 2461 4439 Karoli
2485 4384 2749 4455 genitoris
2770 4383 2942 4439 nostri
2970 4399 3065 4439 eas
3088 4384 3450 4451 instituisset;

1860 4485 2077 4549 praeter
2100 4476 2145 4507 "
2174 4476 2296 4531 illas
2316 4492 2456 4545 quae
2481 4476 2549 4532 ad
2568 4483 2812 4531 nostrum
2833 4490 2969 4545 opus
2993 4475 3286 4545 pertinent,
3309 4475 3459 4533 unde

1863 4582 1963 4622 nos
1987 4565 2281 4621 decernere
2308 4565 2554 4622 volumus
2582 4564 2836 4635 quicquid
2877 4566 3034 4621 nobis
3056 4566 3341 4636 placuerit.

1936 4676 2025 4731 41.
2059 4675 2135 4730 De
2152 4676 2394 4748 pontibus
2416 4692 2510 4747 per
2532 4676 2735 4731 diversa
2761 4675 2878 4731 loca
2903 4679 3265 4735 emendandis.
3289 4678 3455 4735 Volu-

906 4803 973 4871 ῖο
1408 4811 1797 4869 VARIANTES
1833 4809 2235 4869 LECTIONES.

253 4948 269 4979 ¹
303 4945 606 5015 Quicumqu

186 5018 297 5071 cod.
328 5011 381 5071 Β.
461 5017 481 5047 ⁸
503 5011 644 5087 deest
670 5011 735 5069 G.
780 5083 793 5087 Α
828 5015 1029 5087 ‘_s_uam
1067 5011 1324 5087 superscr.
1356 5031 1460 5087 que
1484 5017 1537 5070 5.

187 5093 375 5143 testate
405 5087 458 5141 1.
533 5084 555 5116 ⁹
582 5085 724 5139 deest
765 5083 820 5138 4.
856 5083 984 5137 ΗΜ.
1066 5085 1108 5115 ιθ
1133 5083 1458 5155 ⁷οχίεθνθᾮ.

608 4957 644 5049 ξΞ
666 4941 856 5049 εε¹¹ε³ηξ
877 4944 1517 5049 aurummisi
1536 4947 1796 5049 P’°l‘i-£"§
1819 4942 3009 5049 'BEFE‘.‘?“"“’.°.§.‘2;X?I:.';.S”"?°.1;,E‘ii":

1640 5018 1661 5049 ³
1681 5017 2044 5089 forcapitisl'.
2139 5017 2159 5047 ⁸
2179 5022 2498 5086 potestatem
2524 5017 2595 5069 l'.

1549 5088 1590 5118 “
1620 5087 1657 5141 i.
1704 5090 1854 5144 exire
1886 5089 2095 5145 solebat
2122 5086 2207 5140 vel
2241 5086 2550 5141 solvebatur
2580 5086 2652 5140 l'.

3099 4945 3120 4976 ’
3148 4946 3234 4999 hic
3260 4945 3452 5000 desinit

2700 5016 2719 5046 ⁷
2749 5016 2971 5069 credere
3001 5015 3051 5067 1.
3078 5013 3206 5069 Illd.
3306 5016 3328 5045 “
3362 5030 3455 5084 po-

2139 5016 2159 5047 ⁸
2179 5022 2498 5086 potestatem
2524 5016 2595 5069 Γ.
2700 5016 2719 5046 ⁷
2749 5016 2971 5069 credere
3001 5016 3051 5067 l.
3078 5016 3206 5069 llld.
3306 5016 3328 5045 “
3362 5030 3454 5084 po-

2139 5086 2207 5140 rel
2241 5086 2550 5141 solvebatur
2580 5086 2652 5140 l'.
2759 5086 2801 5116 ¹²
2824 5085 3042 5154 propria
3067 5084 3121 5137 4.
3163 5084 3215 5138 6.
3291 5084 3334 5115 ¹³
3359 5086 3454 5140 dc-

189 5163 449 5228 structum
472 5156 565 5228 5._A
592 5155 650 5228 _“
674 5163 965 5228 antequam
993 5154 1251 5228 censores
1272 5155 1324 5228 6.
1406 5156 1449 5189 "
1475 5157 1541 5228 ad
1567 5157 1801 5228 aliquam
1828 5176 1879 5213 v.
1908 5160 1963 5215 4.
1990 5159 2074 5212 vel
2100 5158 2280 5227 aliquo
2306 5158 2426 5213 ded.
2451 5158 2503 5228 6.
2536 5157 2634 5228 --ξέ
2654 5155 2804 5228 vel...
2831 5154 2953 5207 villa
2982 5154 3167 5228 desunt
3194 5154 3246 5228 ﬁ.
3326 5157 3366 5188 ⁸⁷
3398 5163 3454 5211 et

189 5226 240 5279 1.
266 5237 359 5283 aut
388 5229 461 5282 1⁹.
491 5224 623 5281 Hld.
667 5225 711 5257 "
745 5234 798 5279 et
822 5224 1072 5281 utrum...
1097 5226 1261 5280 habet
1284 5227 1469 5282 desunt
1495 5226 1547 5282 6.
1592 5229 1634 5259 ¹⁹
1658 5224 1807 5287 circa
1831 5228 1894 5286 G.
1973 5231 2018 5262 ²⁰
2044 5245 2099 5284 u.
2126 5224 2418 5284 sustentari
2444 5226 2498 5280 4.
2527 5224 2655 5280 ΠΜ.
2734 5226 2776 5255 ²¹
2798 5225 3026 5279 annonis
3050 5225 3115 5279 (ἶ.
3140 5234 3188 5278 et
3208 5225 3261 5279 in
3283 5234 3450 5281 textu.

191 5296 234 5327 "
262 5307 320 5352 ut
352 5312 526 5353 nonae
550 5306 604 5353 et
621 5297 861 5353 decimae
885 5297 951 5351 de
986 5295 1039 5350 5.

192 5436 237 5467 "
255 5436 487 5494 habeant
516 5438 598 5494 ι’.

195 5505 237 5538 ³³
261 5509 397 5564 deest
416 5509 469 5565 5.

676 5438 721 5469 "
749 5437 1119 5509 operationem
1144 5435 1198 5509 4.
1223 5435 1354 5493 Hld.
1430 5440 1449 5470 ’

196 5648 366 5706 ritatis
399 5649 461 5708 G.
541 5653 582 5684 “
622 5648 668 5709 ἑ.
696 5648 967 5724 ιι.’άωυηι
994 5651 1047 5705 5.
1127 5650 1172 5681 δ’
1197 5660 1417 5723 propter
1443 5652 1493 5706 l.
1526 5654 1581 5710 5.

561 5508 607 5541 ³³
634 5508 795 5565 deest
814 5511 862 5563 l.
891 5510 945 5564 5.
974 5509 1028 5564 4.
1108 5508 1154 5540 ³⁵
1180 5509 1506 5578 quaesiverit
1536 5508 1610 5565 1³1
1646 5529 1712 5566 ea:
1737 5528 1875 5566 corr.

194 5586 249 5655 ut
274 5577 514 5655 Pith._V.
544 5589 711 5655 atque
754 5577 1218 5655 praecipimusut
1265 5578 1601 5655 Camb.ARiv.
1644 5581 1810 5655 Sang.
1842 5583 1891 5637 1.
1932 5580 2078 5637 Colb.

1138 5296 1262 5372 "An.
1293 5312 1466 5353 nonae
1490 5305 1545 5353 et
1569 5299 1808 5355 decimae
1833 5317 1886 5372 p.
1917 5301 1981 5356 Β.
2012 5317 2067 5372 n.
2097 5314 2259 5372 super
2278 5370 2287 5372 _
2308 5306 2485 5354 cetera
2516 5305 2690 5372 noxiae
2715 5302 2770 5348 et
2795 5294 3043 5372 decimae
3066 5310 3120 5372 p_.
3154 5293 3207 5348 4.
3235 5293 3300 5372 ς.
3325 5296 3450 5372 Qui.

191 5365 237 5467 ἓ
265 5381 424 5438 quem
445 5369 481 5423 i.
517 5383 562 5423 s.
586 5382 638 5423 a.
668 5368 724 5422 h.
744 5383 793 5423 e.
823 5367 1010 5449 desunt
1038 5366 1072 5421 6
1178 5367 1378 5492 "Iguae
1397 5379 1701 5471 sequuntur,
1728 5365 1906 5426 multis
1934 5370 2139 5453 omissis
2163 5365 2321 5451 ualde
2338 5369 2600 5423 contraxit
2629 5367 2681 5421 6.

197 5438 487 5510 “habeant
516 5438 598 5510 1ἶ.
660 5438 721 5510 γ¹⁵
749 5447 1122 5510 operationem
1136 5435 1198 5510 4.
1279 5438 1361 5510 td.
1430 5440 1449 5470 ³
1506 5453 1563 5496 se
1589 5455 1738 5510 prius
1754 5442 1807 5495 4.
1886 5442 1930 5474 ⁸ο
1965 5441 2090 5495 villa
2126 5440 2391 5510 dominica
2429 5440 2513 5510 Γ.
2536 5438 2600 5510 Β.

2794 5365 2840 5397 ’⁸
2866 5367 3210 5437 cognoscitur
3244 5366 3296 5419 1·
3326 5366 3451 5437 Bal.

2699 5436 2742 5467 ³⁸
2782 5435 2961 5491 tradat
2994 5435 3060 5492 G.
3159 5436 3203 5467 “
3223 5436 3364 5491 deest
3393 5436 3450 5492 5.

1988 5511 2033 5543 “
2055 5509 2344 5567 contendat
2374 5509 2445 5562 Γ.
2476 5507 2599 5562 Bal.
2679 5506 2719 5540 ³⁷
2760 5506 2900 5561 deest
2948 5508 3001 5562 5.
3112 5505 3157 5539 ³⁸
3190 5507 3456 5564 Volumus

2182 5580 2225 5613 ”
2263 5579 2531 5636 iudicione
2562 5579 2633 5633 l'.
2709 5578 2756 5611 δ’
2782 5577 2865 5631 vel
2896 5577 3105 5633 ratione
3147 5577 3202 5632 5.
3232 5580 3323 5634 5b.
3363 5594 3451 5636 ve-
