3974 6134
475 183 576 246 '37!)

1259 174 1315 228 Β.
1357 171 1604 226 CAROLI
1645 167 1856 224 MAGNI
1894 166 2041 224 OPl‘.
2085 164 2260 218 PARS
2297 163 2336 216 1.
2379 159 2618 216 SESTIO
2655 155 2878 214 PRIMA.

3632 128 3739 200 58a

475 312 624 357 nius,
663 300 722 349 ut
752 290 900 346 missi
942 287 1112 344 nostri
1137 300 1230 356 per
1257 284 1494 353 singulas
1519 283 1764 336 civitates
1792 296 1898 334 una
1929 294 2052 333 cum
2082 275 2124 337 Α
2155 277 2287 331 locis
2307 275 2499 330 dandis
2527 271 2594 326 ad
2624 273 2857 326 claustra
2888 263 3276 322 canonicorum
3303 259 3568 324 facienda,
3609 261 3659 313 si
3697 262 3742 292 ³⁸

474 389 728 456 episeopo
767 392 822 438 et
849 381 1044 436 comite
1071 379 1263 432 missos
1292 378 1306 407 ⁸
1331 376 1412 430 vel
1444 383 1654 428 nostros
1681 373 1929 427 homines
1951 371 2050 426 ibi-

473 481 596 534 dein
621 481 1024 531 commanentes
1063 470 1281 538 eligant,
1311 481 1538 537 quorum
1563 480 1692 521 cura
1727 466 1748 496 ⁸
1771 465 1842 518 sit
1872 465 1892 495 ³
1918 478 2051 532 pon-

476 577 560 622 tes
596 581 695 636 per
735 565 946 620 diversa
994 562 1112 615 loca
1155 559 1472 620 emendare,
1515 566 1570 611 et
1610 557 1630 588 ¹⁵
1659 571 1754 610 eos
1791 556 1881 624 qui
1931 555 2052 610 illos

475 658 760 713 emendare
799 655 1016 717 debent,
1049 668 1115 707 ex
1158 659 1338 706 nostra
1372 650 1610 704 iussione
1649 649 1955 709 admonere,
1995 652 2053 700 ut

473 747 836 816 unusquisque
882 746 1029 800 iuxta
1063 757 1215 798 suam
1256 741 1672 811 possibilitatem
1695 747 1751 792 et
1780 737 2052 806 quantita-

476 850 582 894 tem
605 853 696 893 eos
718 836 1004 890 emendare
1027 834 1256 889 studeat.

541 929 632 982 4³2.
670 928 746 981 De
778 927 1032 997 legatione
1062 925 1292 978 omnium
1331 925 1609 976 missorum
1637 919 2045 982 dominicorum,

473 1021 539 1074 de
582 1019 767 1090 quibus
815 1014 1048 1070 videlicet
1086 1013 1259 1067 causis
1303 1029 1456 1082 agere
1500 1011 1716 1064 debeant
1759 1009 1798 1062 ⁸.
1829 1009 2052 1078 Legatio

475 1091 715 1162 omnium
739 1107 1022 1160 missorum
1044 1111 1353 1158 nostrorum
1382 1101 1514 1155 haec
1533 1108 1634 1154 est.
1651 1099 1852 1162 Primo,
1867 1107 1925 1152 ut
1947 1099 2053 1153 sic-

475 1211 534 1256 ut
575 1202 682 1254 iam
727 1198 848 1251 aliis
873 1196 1053 1250 missis
1084 1195 1380 1248 iniunctum
1405 1191 1525 1255 fuit,
1563 1191 1820 1245 iustitiam
1853 1189 2052 1244 faciant

475 1293 541 1347 dc
568 1292 728 1345 rebus
755 1297 809 1342 et
832 1287 1169 1342 libertatibus
1198 1285 1394 1339 iniuste
1436 1283 1660 1346 ablatis;
1701 1289 1756 1336 et
1778 1281 1821 1335 si
1844 1281 2052 1349 episco-

473 1397 592 1450 pus,
620 1389 712 1435 aut
733 1379 919 1441 abbas,
946 1385 1039 1431 aut
1059 1375 1314 1439 vicarius,
1343 1382 1435 1428 aut
1457 1374 1761 1435 advocatus,
1793 1379 1885 1425 aut
1905 1371 2052 1440 quis-

474 1473 604 1527 libet
629 1472 693 1526 de
717 1471 872 1539 plebe
898 1470 1000 1524 hoc
1027 1466 1221 1522 fecisse
1247 1467 1495 1520 inventus
1533 1463 1714 1527 fuerit,
1743 1463 1924 1518 statim
1967 1476 2052 1517 re-

473 1562 766 1621 stituantur
805 1559 861 1623 ⁶;
889 1559 934 1613 si
968 1572 1094 1611 vero
1117 1557 1198 1611 vel
1225 1570 1406 1610 comes
1435 1555 1518 1609 vel
1543 1562 1694 1609 actor
1720 1553 2040 1617 dominicus,

477 1653 556 1706 vel
580 1651 714 1704 alter
736 1651 932 1704 missus
953 1647 1224 1718 palatinos
1244 1649 1348 1702 hoc
1379 1645 1766 1716 perpetraverit
1791 1646 1922 1700 etin
1953 1660 2050 1699 no-

474 1753 640 1798 stram
663 1750 985 1813 potestatem
1006 1741 1278 1811 redigerit,
1292 1741 1311 1772 ⁷
1331 1755 1418 1794 res
1434 1739 1720 1809 diligenter
1733 1737 2051 1808 investigata

474 1842 528 1887 et
555 1831 824 1900 descripta
855 1831 923 1885 ad
953 1838 1194 1884 nostrum
1225 1829 1478 1884 iudicium
1517 1835 1836 1882 reservetur.

543 1921 634 1976 45.
664 1920 742 1974 De
769 1919 874 1974 illis
904 1919 1232 1973 libertatibus
1255 1928 1301 1972 et
1330 1918 1479 1971 rebus
1511 1915 1788 1972 reddendis
1823 1931 1957 1986 quae
1997 1915 2054 1969 in

477 2023 658 2073 nostra
689 2013 711 2045 ⁸
743 2013 992 2068 vestitum
1016 2020 1158 2078 sunt,
1201 1994 1427 2082 qualiter
1451 2009 1786 2080 inquiruntur
1819 2008 1860 2060 ⁹.
1891 2006 2055 2062 Volu-

476 2122 596 2162 mus
621 2115 821 2171 autem,
848 2113 909 2160 ut
935 2105 1002 2160 de
1028 2105 1114 2158 his
1143 2103 1484 2158 libertatibus
1511 2110 1564 2156 et
1589 2102 1750 2156 rebus
1771 2099 2055 2156 reddendis

477 2212 618 2266 quae
657 2197 714 2251 in
757 2203 942 2250 nostra
989 2195 1249 2250 vestitura
1279 2202 1435 2258 sunt,
1465 2193 1641 2262 primo
1683 2206 1781 2261 per
1824 2189 2056 2260 optimos

477 2301 716 2357 quosque
738 2286 1058 2356 inquiratur.
1091 2285 1156 2340 Et
1187 2286 1234 2339 si
1258 2299 1354 2354 per
1379 2284 1498 2338 illos
1523 2283 1752 2337 inveniri
1793 2297 1899 2336 non
1929 2295 2056 2350 pos-

477 2380 566 2446 sit,
603 2386 732 2434 tunc
762 2391 858 2450 per
891 2391 985 2433 eos
1012 2376 1104 2446 qui
1129 2383 1250 2446 post
1287 2375 1406 2430 illos
1439 2375 1492 2428 in
1530 2375 1619 2429 illa
1646 2373 1842 2428 vicinia
1869 2373 2057 2428 melio-

479 2484 565 2525 res
590 2476 735 2524 sunt.
783 2467 849 2522 Et
875 2467 922 2521 si
957 2481 1055 2521 nec
1077 2479 1175 2536 per
1213 2466 1333 2520 illos
1371 2467 1448 2518 rei
1475 2465 1677 2518 veritas
1702 2464 1928 2518 inveniri
1963 2479 2058 2533 po-

479 2569 602 2628 test,
631 2568 762 2614 tunc
791 2558 948 2612 liceat
975 2557 1306 2627 litigantibus
1333 2569 1402 2608 ex
1431 2561 1658 2622 utraque
1700 2561 1852 2622 parte
1893 2561 2059 2608 testes

481 2652 754 2707 adhibere.
794 2649 861 2704 Et
909 2648 957 2703 si
991 2646 1434 2710 discordaverint,
1473 2645 1764 2699 secundum
1801 2645 2060 2699 constitu-

481 2743 679 2798 tionem
709 2757 741 2795 a
768 2739 922 2795 nobis
945 2739 1338 2808 promulgatam
1365 2736 1760 2791 examinentur.
2063 2795 2069 2806 ι

550 2831 640 2884 44.
671 2829 748 2883 De
775 2829 1100 2900 oppressione
1123 2843 1425 2898 pauperum,
1453 2825 1728 2880 viduarum
1757 2833 1803 2878 et
1828 2824 1868 2856 ¹⁰
1889 2823 2060 2895 pupil—

481 2922 673 2976 lorum.
713 2919 790 2973 De
827 2918 1172 2989 pauperibus,
1201 2917 1377 2973 viduis
1403 2925 1456 2972 et
1482 2916 1696 2986 pupillis
1725 2916 1921 2970 iniuste
1965 2930 2060 2986 op-

485 3013 701 3084 pressis,
731 3019 790 3066 ut
815 3011 1134 3066 adiuventur
1161 3018 1216 3065 et
1241 3009 1564 3065 releventur.

556 3105 645 3158 45.
675 3104 753 3158 De
792 3103 1002 3157 iniustis
1049 3101 1509 3156 consuetudinibus
1557 3099 1758 3154 noriter
1789 3099 2060 3153 institutis.

489 3197 563 3250 l‘e
608 3195 820 3250 iniustis
847 3193 1222 3249 occasionibus
1247 3200 1301 3246 et
1337 3192 1813 3248 consuetudinibus
1855 3191 2068 3246 noviter

486 3287 774 3350 institutis,
813 3285 952 3340 sicut
995 3291 1120 3339 sunt
1155 3285 1355 3337 tributa
1401 3289 1455 3337 ct
1497 3281 1704 3337 teloaca
1731 3283 1771 3314 “
1803 3281 1856 3336 in
1892 3280 2066 3335 media

487 3379 594 3442 via,
631 3377 723 3432 ubi
745 3392 846 3431 nec
872 3391 1030 3446 aqua,
1059 3390 1159 3429 nec
1183 3373 1415 3444 palus“,
1443 3388 1540 3428 nec
1564 3387 1718 3442 pons,
1747 3387 1847 3427 nec
1867 3371 2068 3440 aliquid

489 3469 594 3524 tale
625 3467 806 3532 fuerit,
850 3466 992 3520 unde
1037 3465 1175 3519 iuste
1208 3479 1403 3518 census
1435 3463 1575 3532 exigi
1609 3461 1813 3532 possit,
1855 3461 1940 3515 vel
1973 3460 2066 3516 ubi

491 3574 658 3612 naves
703 3559 892 3612 subtus
923 3563 1116 3626 pontes
1147 3553 1379 3610 transire
1413 3553 1615 3618 solent,
1653 3554 1764 3608 sive
1799 3553 1852 3607 in
1891 3552 2068 3608 medio

490 3647 708 3702 ﬂumine
739 3647 832 3700 ubi
867 3645 1070 3700 nullum
1100 3644 1434 3699 obstaculum
1461 3651 1561 3707 est,
1597 3644 1714 3698 ut”
1735 3640 2064 3698 auferantur.

492 3738 758 3808 Antiquae
782 3737 824 3768 ιθ
847 3744 1025 3791 autem
1046 3737 1089 3768 ¹⁸
1115 3737 1180 3791 ad
1208 3744 1444 3790 nostram
1473 3736 1716 3790 notitiam
1738 3735 2064 3791 deferantur.

561 3831 650 3886 46.
689 3831 765 3886 De
793 3831 990 3886 honore
1025 3829 1380 3884 ecclesiarum.
1417 3830 1493 3886 De
1513 3830 1554 3861 ¹⁸
1581 3830 1784 3884 honore
1811 3830 2068 3886 ecclesia-

492 3944 634 3994 rum,
663 3936 722 3982 ut
746 3940 843 3997 per
875 3926 1052 3981 omnia
1087 3926 1166 3980 eis
1200 3925 1534 3990 exhibentur,
1565 3925 1704 3980 sicut
1729 3937 1897 3995 nuper
1919 3939 1950 3978 a
1973 3941 2070 3980 no-

494 4023 576 4077 bis
609 4036 731 4077 eum
777 4035 1042 4074 consensu
1069 4018 1310 4072 omnium
1353 4016 1587 4072 ﬁJelinm
1615 4023 1920 4071 nostrorum
1947 4031 2068 4071 con-

495 4113 737 4167 stitutum
771 4117 874 4165 est.
915 4109 982 4163 Et
1007 4116 1066 4164 ut
1099 4108 1202 4163 hoc
1236 4107 1383 4162 missi
1411 4107 1580 4162 nostri
1605 4107 1854 4163 omnibus
1881 4106 1935 4161 in
1971 4122 2067 4161 sua

495 4202 756 4271 legatione
787 4198 1094 4256 constitutis
1133 4207 1318 4253 notum
1345 4196 1600 4252 efficiant.

563 4290 653 4343 47.
683 4289 759 4344 De
778 4288 928 4343 nonis
960 4289 1001 4319 ιτ
1043 4295 1090 4341 et
1119 4285 1352 4340 decimis.
1385 4286 1462 4341 De
1485 4286 1528 4318 ¹⁸
1556 4286 1713 4343 nonis
1745 4293 1800 4340 et
1823 4285 2063 4353 decimis,

499 4387 552 4432 ut
581 4379 874 4433 secundum
901 4377 1194 4432 iussionem
1218 4383 1459 4432 nostram
1481 4377 1691 4432 dentur.

562 4469 655 4524 48.
671 4467 748 4523 De
767 4467 894 4522 locis
909 4467 978 4522 ad
998 4466 1228 4520 claustra
1253 4467 1622 4520 canonicorum
1643 4467 1906 4536 facienda.
1933 4467 2010 4524 De
2025 4467 2066 4499 ¹⁹

2153 369 2218 422 (le
2265 367 2504 420 eiusdem
2539 361 2798 416 ecclesiae
2841 358 3004 412 rebus
3042 353 3205 408 fuerit
3233 353 3310 416 ".,
3353 359 3540 404 nostra
3577 349 3745 404 liber~

2152 464 2261 510 tate
2287 457 2331 486 "
2360 455 2684 510 concedatur
2712 450 2806 504 ibi.
2841 447 2900 503 Si
2937 447 3004 501 de
3029 443 3250 499 alterius
3273 441 3536 498 ecclesiae
3564 441 3654 494 vel
3683 441 3747 494 li-

2150 545 2404 600 berorum
2434 541 2712 596 hominum
2730 539 2776 570 ²³
2800 541 3176 592 committetur.
3211 531 3269 586 Si
3291 539 3470 586 autem
3499 531 3568 586 de
3609 530 3751 588 ﬁsco

2152 642 2338 690 nostro
2360 633 2540 696 fuerit,
2574 638 2755 685 nostra
2778 626 3104 682 liberalitate
3125 623 3171 656 "
3211 623 3559 679 concedatur.

2219 724 2310 780 49.
2337 723 2416 777 De
2441 720 2795 776 observatione
2813 725 3206 789 praeceptorum
3225 711 3640 766 dominicorum.
3671 709 3754 766 De

2149 817 2523 874 observatione
2555 818 2968 884 praeceptorum
3008 817 3320 862 nostrorum
3355 814 3410 860 et
3445 804 3751 859 inmunita-

2148 915 2282 972 tum,
2311 915 2370 961 ut
2393 907 2464 960 ita
2491 906 2846 960 observentur
2867 899 3007 954 sicut
3021 913 3052 952 a
3081 897 3238 952 nobis
3257 904 3312 950 et
3331 895 3400 950 ab
3423 904 3748 950 antecesso-

2149 1001 2300 1056 ribus
2329 999 2530 1054 nostris
2555 993 2909 1051 constitutum
2935 998 3038 1044 est.

2219 1087 2308 1143 50.
2339 1089 2415 1141 De
2437 1089 2516 1141 his
2538 1087 2626 1158 qui
2651 1100 2743 1156 per
2761 1081 3083 1136 occasionem
3127 1076 3452 1132 inmanitatis
3484 1076 3756 1130 iustitiam

2152 1180 2322 1238 facere
2352 1185 2632 1232 rennuunt.
2671 1175 2747 1230 De
2774 1173 2861 1228 bis
2887 1171 2978 1240 qui
3003 1184 3101 1241 per
3125 1170 3172 1200 "
3195 1167 3536 1224 occasionem
3565 1167 3756 1221 inmu-

2150 1271 2339 1325 nitatis
2375 1263 2828 1323 iustitiamfacere
2875 1267 3126 1327 renuunt,
3168 1267 3230 1314 ut
3280 1259 3385 1314 hoc
3425 1259 3756 1313 obssrvetur

2149 1361 2292 1432 quod
2319 1377 2350 1416 a
2375 1359 2532 1414 nobis
2559 1357 2914 1414 constitutum
2934 1361 3035 1409 est.

2220 1451 2308 1507 51.
2347 1451 2424 1505 De
2458 1449 2588 1503 locis
2623 1445 2930 1500 iamdudum
2969 1444 3136 1498 sacris
3162 1451 3210 1496 et
3237 1457 3375 1496 nunc
3405 1439 3668 1510 spurcitia
3707 1439 3752 1470 “

2149 1544 2392 1615 foedatis.
2425 1543 2502 1598 De
2527 1541 2661 1597 locis
2692 1540 3002 1595 iamdudum
3024 1539 3195 1594 sacris
3219 1545 3274 1590 et
3297 1551 3442 1591 nunc
3480 1535 3755 1606 spurcitia

2081 1627 2124 1686 Β
2152 1633 2396 1698 foedatis,
2439 1639 2500 1686 ut
2521 1631 2668 1686 iuxta
2694 1629 3107 1700 possibilitatem
3143 1627 3198 1682 in
3224 1625 3507 1694 antiquum
3547 1632 3755 1679 statum

2153 1721 2536 1778 reformentur.

2221 1813 2310 1867 52.
2344 1811 2420 1866 De
2459 1811 2722 1882 beneficiis
2757 1807 3032 1867 dominicis
3083 1806 3378 1861 destructis.
3425 1805 3506 1860 De
3539 1802 3754 1860 beneﬂ-

2154 1904 2256 1960 ciis
2277 1905 2318 1936 ¹τ
2344 1903 2546 1960 nostris
2571 1917 2712 1973 quae
2757 1901 3033 1956 destructa
3078 1898 3446 1962 inveniuntur,
3501 1895 3610 1951 hoc
3656 1894 3758 1950 im-

2153 1996 2364 2068 pleatur
2387 1995 2529 2066 quod
2563 2009 2734 2065 nuper
2763 2009 2795 2049 a
2820 1993 2977 2049 nobis
3003 1992 3354 2048 constitutum
3380 1999 3487 2045 est.

2225 2087 2314 2143 55.
2345 2087 2423 2142 De
2456 2086 2595 2158 falsa
2619 2097 2826 2141 moneta
2845 2097 2892 2140 et
2918 2086 2984 2140 de
3012 2085 3133 2139 aliis
3163 2085 3378 2138 diversis
3410 2085 3592 2138 causis
3641 2099 3761 2153 pro-

2155 2179 2410 2234 hibendis.
2431 2179 2507 2233 De
2519 2193 2656 2234 nova
2679 2184 2914 2242 moneta,
2929 2176 3064 2230 etde
3085 2175 3218 2230 falsa
3239 2183 3474 2238 moneta,
3504 2183 3563 2228 et
3588 2173 3659 2226 de
3680 2173 3763 2228 di-

2157 2281 2342 2343 spectu
2358 2273 2658 2327 litterarum
2676 2279 2999 2332 nostrarum,
3029 2278 3083 2322 ct
3105 2269 3170 2324 de
3185 2268 3230 2298 ’⁸
3247 2267 3550 2322 latronibus
3563 2265 3762 2320 coher-

2157 2362 2342 2419 cendis
2353 2363 2437 2419 vel
2451 2362 2754 2434 puniendis,
2770 2370 2824 2417 et
2839 2362 2904 2417 de
2917 2359 3074 2416 faidis
3087 2359 3132 2390 "
3148 2357 3424 2430 pacandis,
3448 2359 3516 2413 de
3532 2356 3763 2412 homici‘

2157 2453 2258 2508 diis
2279 2453 2646 2523 prohibendis,
2673 2450 2740 2506 de
2753 2450 3006 2522 periuriis
3031 2458 3085 2505 et
3113 2449 3262 2504 falsis
3299 2449 3530 2504 testibus
3561 2460 3764 2518 conpe-

2159 2544 2392 2611 scendis,
2421 2544 2488 2600 de
2518 2545 2562 2575 ⁸⁰
2598 2543 2684 2600 his
2708 2543 2958 2600 omnibus
3005 2541 3089 2597 vel
3118 2540 3318 2596 ceteris
3364 2540 3451 2596 his
3482 2539 3764 2594 similibus

2159 2643 2263 2698 hoc
2283 2643 2428 2712 quod
2450 2642 2612 2697 modo
2637 2640 2679 2672 ³¹
2707 2640 3102 2704 constituimus,
3133 2637 3386 2693 omnibus
3405 2633 3766 2690 adnuntietur

2160 2735 2298 2790 etin
2340 2733 2578 2790 futurum
2615 2734 2950 2788 observetur.

2229 2823 2318 2878 54.
2352 2823 2429 2878 De
2451 2824 2724 2878 missorum
2745 2822 3125 2876 dominicorum
3152 2819 3508 2875 observatione
3534 2817 3603 2870 ³⁸.
3647 2815 3765 2871 Hoc

2163 2912 2432 2977 volumus,
2461 2921 2520 2968 ut
2542 2912 2694 2968 missi
2744 2911 2913 2967 nostri
2953 2911 3260 2975 observent,
3310 2915 3372 2963 ut
3407 2905 3668 2978 quicquid
3695 2904 3766 2960 de

2170 3005 2254 3060 his
2278 3004 2456 3060 causis
2480 3003 2563 3059 vel
2601 3003 2763 3058 simul
2783 3001 2865 3057 vel
2891 3001 3204 3072 singillatim
3239 2998 3530 3054 emendare
3568 3005 3767 3066 potue-

2171 3097 2300 3164 rint,
2331 3096 2636 3162 emendem,
2667 3103 2722 3152 et
2742 3111 2806 3152 ea
2835 3109 2972 3166 quae
2998 3095 3044 3126 ³³
3077 3090 3504 3152 emendaverint,
3529 3089 3766 3158 diligen-

2172 3197 2256 3244 ter
2288 3187 2506 3257 scriptis
2531 3195 2739 3242 notent.
2770 3185 2836 3240 Et
2857 3186 2961 3241 hoc
2994 3185 3073 3240 sic
3092 3197 3350 3255 peragere
3378 3187 3595 3245 curent,
3624 3193 3764 3249 qua-

2171 3292 2328 3339 tenus
2343 3283 2485 3338 iuste
2511 3281 2832 3352 reprehendi
2855 3296 2885 3336 a
2909 3293 3178 3351 quoquam
3203 3275 3508 3331 nullatenus
3530 3273 3762 3344 possint.

2171 3378 2240 3432 Et
2261 3391 2398 3446 quae
2445 3374 2490 3406 ”
2551 3374 2728 3428 facere
2770 3371 2968 3428 debent
3019 3378 3112 3425 aut
3159 3374 3405 3439 possunt,
3452 3365 3767 3420 nullatenus

2169 3467 2638 3539 praetermittam;
2669 3464 2834 3518 immo
2868 3469 3114 3526 caveant,
3148 3476 3234 3525 ne,
3265 3459 3408 3528 quo'd
3455 3457 3620 3522 absit,
3669 3463 3766 3510 aut

2170 3563 2342 3634 gratia
2370 3561 2618 3626 alicuius,
2664 3567 2758 3614 aut
2806 3557 3026 3613 honoris
3070 3565 3164 3611 aut
3213 3554 3428 3610 timoris
3489 3551 3606 3607 sive
3655 3551 3765 3606 odii

2171 3670 2352 3720 causa,
2385 3651 2516 3708 illud
2537 3651 2678 3722 quod
2702 3663 2862 3719 agere
2888 3648 3084 3703 debent
3117 3646 3388 3702 omittam.
3423 3643 3490 3698 Et
3523 3652 3768 3697 summo—

2170 3759 2300 3815 pere
2336 3743 2602 3806 studeant,
2633 3748 2694 3796 ut
2730 3739 2834 3795 hoc
2859 3739 3002 3809 quod
3035 3753 3134 3808 per
3159 3751 3217 3793 se
3249 3734 3462 3790 edicere
3487 3747 3595 3787 non
3640 3746 3770 3801 pos-

2171 3841 2315 3898 sunt,
2336 3832 2493 3888 nobis
2516 3839 2703 3886 notum
2720 3829 2938 3885 faciant.
2953 3828 3020 3882 Et
3041 3825 3367 3883 omnimodis
3388 3823 3764 3893 praevideant,

2171 3930 2230 3976 ut
2265 3937 2363 3993 per
2393 3919 2602 3992 singula
2626 3918 2879 3990 capitula,
2908 3927 3018 3972 tam
3047 3916 3228 3970 verbis
3252 3927 3526 3984 quamque
3559 3911 3610 3943 ³⁵
3629 3911 3768 3965 scri-

2169 4014 2297 4084 ptis,
2330 4013 2398 4068 de
2419 4011 2671 4067 omnibus
2707 4021 2846 4080 quae
2898 4007 3006 4064 illic
3049 4005 3375 4076 peregerint,
3405 4003 3563 4059 nobis
3599 4000 3769 4056 ratio-

2171 4122 2294 4162 nem
2331 4103 2555 4160 reddere
2585 4101 2817 4156 valeant.

2239 4197 2328 4252 55.
2356 4195 2434 4250 De
2456 4193 2664 4266 placitis
2687 4211 2720 4248 a
2744 4191 2920 4246 liberis
2957 4189 3252 4244 hominibus
3293 4183 3652 4240 observandis.
3691 4181 3769 4237 De

2169 4287 2382 4358 placitis
2405 4283 2671 4355 siquidem
2715 4295 2852 4353 quos
2900 4278 2945 4310 ³⁸
2979 4277 3134 4333 liberi
3181 4275 3426 4332 homines
3475 4273 3770 4328 observare

2174 4377 2392 4443 debent,
2416 4374 2732 4430 constitutio
2761 4369 3022 4443 genitoris
3066 4367 3236 4423 nostri
3271 4365 3524 4437 poenitus
3579 4363 3771 4419 obser-

2175 4469 2347 4523 vanda
2385 4474 2546 4536 atque
2578 4463 2809 4520 tenenda
2856 4467 2958 4526 est,
2986 4467 3048 4514 ut
3093 4457 3342 4514 videlicet
3370 4457 3425 4511 in
3467 4471 3616 4512 anno
3663 4453 3767 4508 tria

1704 4622 2093 4680 VARIANTES
2129 4619 2531 4679 LECTIONES.

576 4765 592 4796 ³
623 4763 762 4818 deest
788 4763 842 4817 5.
937 4761 958 4792 ³
984 4772 1112 4816 cure
1145 4775 1281 4812 corr.
1313 4773 1441 4812 cura
1485 4758 1558 4812 Γ.
1590 4758 1611 4789 ³
1636 4766 1719 4813 est
1751 4757 1804 4812 5.
1833 4757 1898 4811 Β.

1999 4757 2020 4789 δ
2043 4766 2187 4814 et....
2212 4758 2499 4814 emendare
2538 4756 2721 4811 desunt
2749 4753 2814 4810 (ἔ.

2926 4753 2946 4784 ³
2979 4754 3166 4808 horum
3193 4751 3306 4806 loco
3333 4751 3406 4805 1'.
3428 4752 3584 4806 habet
3615 4769 3635 4805 :
3659 4751 3768 4808 Hec

501 4834 735 4906 capitula
760 4830 1051 4906 praecipue
1085 4828 1150 4906 ad
1175 4829 1494 4906 legationem
1519 4828 1808 4906 missorum
1835 4836 2140 4906 nostrorum
2165 4829 2235 4906 ob
2258 4827 2558 4906 memoriae
2579 4840 2798 4906 causam
2839 4823 3162 4906 pertinentia
3201 4821 3488 4906 de'qnibus
3501 4823 3766 4906 _vide_lieet

503 4897 682 4989 causis
702 4897 802 4974 ipsi
835 4897 996 4972 agere
1020 4897 1266 4955 debeant.
1299 4897 1634 4980 sequentium
1657 4915 1805 4970 capp.
1839 4898 1996 4954 rubra
2031 4899 2217 4954 omittit
2251 4899 2386 4952 idem
2419 4897 2614 4952 omnia.

506 4977 702 5022 Iniuan
729 4975 783 5022 5.
815 4971 880 5022 Β.
930 4969 1186 5022 Hld.Bal.
1290 4967 1312 5000 ⁹
1351 4975 1652 5022 muutratur
1679 4969 1751 5022 ι’.
1832 4969 1872 4999 ¹⁰
1899 4967 2038 5022 deest
2066 4969 2116 5022 1.
2197 4968 2238 4999 ¹¹
2259 4968 2458 5022 telonei
2483 4967 2555 5021 Γ.
2584 4967 2614 5021 5

1566 4987 1652 5022 ιιιι·
1679 4987 1703 5022 ι
1737 5007 1751 5020 .
1832 4987 1872 4999 ’ν
1899 4987 2038 5024 aeest
2066 4987 2116 5022 ι.

1562 5038 1606 5110 ‘5
1630 5055 1722 5110 pro
1757 5038 1838 5092 his
1861 5040 1913 5094 5.
1945 5039 2097 5094 habet
2129 5052 2144 5110 _:

506 4977 702 5032 minica
721 4967 783 5030 ⁷5.
815 4967 896 5027 Βῖ
930 4969 1186 5025 Hld.Bal.
1271 4967 1312 5026 ,⁸
1351 4967 1652 5032 inquiratur
1679 4967 1751 5022 l‘.

547 5063 669 5102 nam
695 5045 762 5100 ad
786 5060 842 5098 ιι.
871 5059 926 5096 ιι.
955 5039 1226 5096 deferatur
1247 5039 1301 5092 4.
1333 5037 1460 5092 Hld.

505 5065 856 5171 deducantur.
936 5113 980 5144 "
1013 5119 1104 5166 aut
1139 5109 1206 5166 G.
1281 5110 1324 5141 ¹⁶
1355 5108 1458 5162 Pra

2693 4895 2714 4924 “
2747 4891 3060 4949 restituatur
3094 4894 3168 4946 Γ.
3267 4893 3288 4922 ⁷
3325 4891 3464 4946 deest
3499 4893 3556 4946 5.
3635 4892 3768 4948 'do-

2197 4968 2238 4999 “
2259 4968 2458 5022 telonei
2483 4967 2555 5021 l‘.
2584 4967 2636 5021 5.
2659 4964 2724 5020 Β.
2757 4963 2877 5018 Bal.
2979 4965 3022 4994 ¹¹
3057 4962 3166 5032 pali
3367 4961 3410 4992 ⁸³
3433 4975 3503 5015 ne
3531 4979 3582 5016 a.
3618 4972 3762 5022 ante.

2197 5038 2257 5085 mi
2295 5045 2474 5085 autem
2506 5037 2611 5085 hoc
2635 5032 3028 5085 exaetaverint.
3059 5034 3126 5085 ad
3151 5047 3223 5085 no
3277 5046 3393 5085 ram
3435 5033 3762 5085 nresentiam

2168 5038 2259 5108 qui
2295 5045 2474 5093 autem
2506 5037 2611 5108 hoc
2635 5034 3028 5108 exaetaverint,
3059 5034 3126 5108 ad
3151 5034 3393 5108 nostra?
3435 5034 3762 5108 presentiam

542 5100 856 5171 educantur.
936 5113 980 5144 "
1013 5119 1104 5166 aut
1139 5109 1206 5166 G.
1281 5110 1324 5141 ¹⁶
1355 5100 1720 5177 Praecipinius
1745 5117 1804 5162 ut
1839 5110 2014 5164 honor
2033 5100 2379 5164 ecclesiarum
2403 5107 2614 5163 debitus
2639 5119 2734 5176 per
2756 5103 2936 5177 omnia
2965 5102 3148 5177 Qamb.
3175 5100 3291 5177 ξῆν.
3319 5100 3485 5177 ξακῤ.
3520 5103 3569 5177 l_.
3615 5100 3759 5177 ςοζζι.

513 5169 802 5241 i"annonis
825 5182 889 5237 (ἶ.
925 5191 972 5237 et
1000 5183 1056 5236 in
1082 5191 1225 5236 textu
1261 5189 1316 5234 ut
1343 5179 1450 5233 iam
1484 5169 1690 5249 saepius
1717 5195 1894 5249 supra.
1974 5180 2014 5210 “'
2043 5178 2408 5249 Praecipimus
2440 5169 2696 5249 maenae
2720 5182 2774 5249 e_t
2796 5173 2850 5228 d.
2879 5188 2923 5228 s.
2955 5171 3138 5249 Camb.
3177 5169 3489 5249 Riv.§ar_rg.
3524 5173 3574 5225 1.
3615 5169 3760 5249 Cglb.

513 5256 555 5288 ι’
583 5256 669 5310 Ita
698 5255 876 5326 incipit
901 5253 934 5306 5
963 5269 976 5306 :
1003 5251 1086 5306 Ad
1119 5251 1188 5307 cl.
1217 5249 1321 5306 fac.
1349 5264 1470 5304 can.
1499 5243 1746 5304 volumus
1780 5243 1910 5305 utsi
1951 5249 2191 5304 eiusdem
2227 5243 2388 5304 rebus
2415 5247 2547 5302 eccl.
2579 5243 2616 5300 f.
2654 5261 2709 5298 n.
2746 5244 2782 5298 l.
2820 5244 3202 5299 concedantur.

513 5327 553 5350 ιι
595 5325 785 5350 r..-_:...
826 5325 877 5350 ι·
937 5338 1042 5350 ..,...
1071 5320 1097 5350 e
1158 5323 1180 5350 ι
1301 5320 1347 5350 η
1381 5319 1700 5350 ιιι..οη.ηι;ι..ιη
1732 5319 1769 5350 n
1827 5337 1888 5350 ι...
1918 5336 2032 5350 η...
2092 5319 2182 5350 ηε..
2243 5318 2341 5350 υ...
2405 5316 2514 5350 la.“
2573 5315 2692 5350 ρο...
2757 5314 2870 5350 βίοι.
2934 5312 3038 5350 Dm-
3094 5311 3189 5350 nn!

772 5311 900 5378 t'l'.
937 5338 1044 5377 non
1070 5320 1109 5376 f.
1149 5323 1202 5380 ι.
1301 5320 1347 5350 ’³
1381 5319 1700 5373 liberalitate
1723 5319 1788 5373 B.
1824 5337 1888 5374 ea:
1914 5336 2049 5374 corr.
2085 5319 2200 5374 Div.
2233 5318 2360 5372 Met.
2398 5316 2532 5372 Bell.
2565 5315 2715 5370 Rem.
2750 5314 2893 5368 Pitlt.
2927 5312 3056 5366 Par.
3087 5311 3208 5366 Bal.

772 5395 819 5426 "
844 5393 1090 5448 libertate
1127 5391 1193 5447 G.
1227 5389 1356 5444 Hld.
1380 5398 1426 5442 et
1454 5388 1652 5459 aliquot
1689 5389 1840 5443 codd.
1867 5389 1986 5444 Bal.
2063 5389 2193 5459 "ut
2217 5389 2272 5444 hi
2295 5401 2349 5458 (ι.
2379 5397 2601 5459 propter
2618 5387 2672 5459 5.
2749 5383 2794 5416 ²⁶
2825 5383 3202 5459 iamdudum...

510 5327 554 5358 “
591 5320 900 5380 fuerint'l'.
937 5338 1044 5377 non
1070 5320 1109 5376 f.
1149 5323 1202 5380 4.

513 5397 600 5450 liis
623 5397 696 5449 Γ.

3301 5241 3347 5272 ³⁸
3383 5239 3612 5296 si'terra
3643 5239 3761 5296 Bal.

3323 5310 3370 5342 ”
3407 5311 3562 5366 liberi
3594 5309 3766 5367 homi-

3231 5381 3487 5452 spurcitia
3502 5383 3692 5438 desunt
3708 5382 3764 5437 5.

513 5467 558 5496 ’⁷
584 5466 650 5518 de
669 5464 926 5519 aediliciis
954 5464 1006 5518 5.
1024 5463 1059 5516 5
1081 5463 1133 5518 b.
1209 5463 1254 5494 ³⁸
1283 5461 1438 5515 de....
1464 5451 1866 5528 coinpesccndis
1887 5461 2070 5514 desunt
2103 5458 2156 5513 6.
2233 5459 2278 5490 ’³
2313 5451 2559 5528 ἶιιήιίιῑνθ.
2589 5456 2643 5511 id
2680 5453 3059 5528 estAgeuebjda
3082 5453 3134 5528 ᾖ.
3208 5451 3362 5528 “filio
3387 5467 3577 5528 aprum
3614 5459 3765 5528 caput

515 5534 620 5602 inc.
659 5535 734 5586 l‘.
776 5533 904 5586 Illd.
981 5533 1023 5564 ³¹
1051 5531 1317 5602 quomodo
1343 5528 1407 5584 G.

519 5600 566 5631 “
587 5617 690 5665 que
709 5602 764 5654 4.

1487 5529 1530 5561 ³³
1552 5546 1599 5582 c.
1637 5531 1737 5583 hoc
1763 5530 1814 5583 6.
1843 5529 1989 5585 valde
2013 5529 2288 5584 contraxit.

2397 5527 2441 5560 ³²
2467 5520 2530 5597 (ιῖ
2549 5541 2654 5582 non
2693 5540 2743 5581 e.
2770 5520 2824 5580 ιζ
2861 5523 2914 5580 6.
2943 5521 3008 5576 c.
3087 5521 3248 5592 “qui
3276 5520 3340 5576 ο,
3420 5521 3468 5554 ss
3502 5520 3762 5594 quam“
