3974 6134
161 221 250 277 581
721 213 950 272 CODEX
985 211 1600 271 DIPLOMATICUS.-—
1621 210 1936 269 CAPITUL.
1979 210 2067 268 AB
2102 211 2442 270 ANSEGISO
2479 211 2854 270 COLLECTA.

3328 218 3436 276 582
3499 301 3508 314 ο

162 327 476 389 solummodo
495 329 768 400 generalia
806 330 1006 398 placita
1049 329 1338 386 observent
1379 330 1420 395 ¹,
1461 337 1516 384 et
1559 328 1740 384 nullus
1769 334 1814 391 Λ
1844 329 2050 384 honore
2074 329 2376 399 praeditum
2429 329 2752 395 invenerint,
2781 327 2874 400 qui
2922 329 3180 386 iustitiam
3253 329 3434 387 facere

159 441 244 480 eos
266 421 490 492 amplius
536 421 733 492 placita
780 422 1070 478 observare
1113 421 1401 490 conpellat,
1445 420 1548 475 nisi
1593 419 1732 474 forte

159 518 365 590 quilibet
402 523 496 570 aut
525 523 812 570 accusatus
847 513 1030 582 fuerit,
1053 525 1147 570 aut
1181 516 1344 570 alium
1377 515 1729 579 accusaverit,

156 618 236 664 aut
257 607 322 662 ad
353 605 720 662 testimonium
745 606 1136 676 perhibendum
1178 614 1400 664 vocatus
1443 605 1624 661 fuerit.
1652 605 1734 662 Ad

1837 417 1923 472 vel
1968 418 2140 474 noluit
2191 417 2275 473 vel
2321 418 2616 488 prohibuit,
2675 417 2742 473 de
2797 418 2969 488 ipsius
3014 420 3177 474 rebus
3222 421 3428 488 vivant,

1836 508 2076 578 quandiu
2115 509 2168 564 in
2195 524 2260 564 eo
2287 509 2404 564 loco
2432 509 2666 564 iustitias
2701 507 2880 565 facere
2904 507 3121 564 debent.

1908 598 1996 653 65.
2023 597 2100 654 De
2131 600 2304 654 missis
2346 599 2644 664 dominicis,
2683 599 2772 653 ubi
2815 599 3017 654 diutius
3070 616 3176 655 non
3211 601 3434 656 debeant

157 707 350 754 caetera
377 711 528 761 vero,
560 711 702 766 quae
747 697 767 727 ¹
805 697 1102 752 centenarii
1147 707 1363 763 tenent,
1401 713 1510 752 non
1547 697 1686 753 alin;
1713 697 1735 728 ³
1834 690 2112 748 inmorari.
2155 690 2226 747 Ut
2253 691 2307 745 in
2365 691 2510 746 illius
2559 691 2776 746 comitis
2812 691 3116 746 ministerio
3141 693 3235 762 qui
3296 694 3436 750 bene

155 790 318 844 venire
341 787 612 853 iubeatur,
642 786 746 842 nisi
781 788 873 850 qui
895 795 992 842 aut
1015 787 1213 860 litigat,
1242 796 1338 842 aut
1390 788 1612 854 iudicat,
1643 795 1738 843 aut

156 879 482 935 testificatur.

211 970 295 1027 56.
341 969 422 1024 De
467 969 640 1024 debito
667 967 738 1020 ad
773 983 902 1037 opus
955 967 1276 1022 dominicum
1313 967 1614 1022 rewadiato.
1665 967 1739 1023 Ut

153 1065 212 1119 de
232 1063 409 1120 debito
431 1061 575 1132 quod
626 1061 693 1115 ad
719 1074 856 1128 opus
896 1067 1142 1113 nostrum
1173 1059 1335 1114 fuerit
1360 1059 1733 1124 rewadiatum,

151 1154 258 1208 talis
283 1150 646 1208 consideratio
684 1149 800 1214 fiat,
837 1158 898 1203 ut
924 1149 971 1204 is
995 1151 1086 1220 qui
1120 1150 1433 1221 ignoranter
1469 1151 1732 1219 peccavit,

151 1261 243 1300 non
271 1253 442 1299 totum
471 1245 765 1300 secundum
793 1245 968 1316 legem
1016 1261 1323 1315 conponere
1367 1253 1612 1316 cogatur,
1641 1244 1734 1300 sed

150 1337 280 1390 iuxta
307 1336 456 1405 quod
483 1335 743 1406 possibile
787 1336 962 1390 visum
995 1333 1175 1392 fuerit.
1213 1337 1263 1392 ls
1299 1353 1426 1392 vero
1474 1337 1565 1406 qui
1617 1344 1736 1390 tan-

151 1437 247 1480 tum
270 1427 408 1480 mala
435 1425 457 1456 ⁸
489 1426 768 1482 voluntate
793 1427 1058 1496 peccavit,
1097 1435 1267 1482 totam
1305 1427 1326 1458 ⁸
1366 1426 1498 1496 legis
1535 1415 1762 1496 conpo-’

149 1520 382 1574 sitionem
410 1527 640 1589 cogatur
662 1519 948 1574 exsolvere
976 1518 1017 1572 '.

210 1609 292 1664 57.
321 1609 400 1664 De
421 1610 505 1664 his
529 1610 618 1680 qui
663 1610 733 1664 ad
761 1609 1017 1680 palatium
1052 1607 1128 1664 vel
1162 1611 1218 1664 in
1264 1609 1461 1664 hostem
1507 1619 1728 1680 pergunt

1838 783 2076 840 iustitias
2101 782 2271 838 factas
2297 783 2477 848 habet,
2514 782 2657 839 idem
2684 782 2834 838 missi
2856 783 3061 839 diutius
3087 799 3194 838 non
3224 799 3434 839 moren-

1839 881 1946 938 tur,
1974 887 2152 944 neque
2173 873 2283 928 illic
2319 872 2362 904 “
2397 872 2796 928 multitudinem
2851 875 3140 930 convenire
3188 874 3426 939 faciant;

1839 961 1931 1017 sed
1959 962 2032 1016 ibi
2060 978 2241 1017 moras
2263 961 2485 1027 faciant,
2512 963 2602 1018 ubi
2631 963 2839 1019 iustitia
2885 964 2926 997 "
2988 964 3072 1020 vel
3115 965 3296 1021 minus
3345 966 3427 1020 vel

1837 1052 2186 1123 neglegenter
2221 1052 2364 1108 facta
2390 1061 2492 1107 est.

1911 1145 1997 1200 66.
2035 1145 2114 1200 De
2139 1147 2311 1200 missis
2342 1147 2619 1200 dominicis
2643 1155 2691 1201 et
2719 1147 2904 1202 comite
2947 1147 3002 1202 in
3045 1147 3258 1219 aliquod
3306 1150 3432 1202 mis-

1836 1236 2060 1290 ‘saticum
2086 1235 2303 1290 directo.
2336 1235 2406 1291 Ut
2443 1237 2498 1290 in
2537 1237 2681 1292 illius
2706 1238 2922 1292 comitis
2952 1239 3255 1294 ministerio
3291 1237 3431 1292 idem

1837 1323 1990 1402 missi
2030 1325 2200 1380 nostri
2236 1326 2490 1396 placitum
2544 1343 2650 1381 non
2691 1336 2908 1383 teneant
2965 1331 3058 1400 qui
3108 1329 3163 1384 in
3214 1325 3432 1399 aliquod

1836 1413 2171 1494 missaticum
2199 1415 2438 1472 directus
2465 1425 2568 1482 est,
2607 1417 2778 1473 donec
2807 1420 2920 1489 ipse
2946 1419 3110 1474 fuerit
3136 1435 3387 1474 reversus
3411 1437 3426 1486 ;

1836 1512 1897 1558 ut
1922 1520 2083 1558 causa
2111 1520 2249 1574 quae
2274 1506 2449 1560 adhuc
2471 1522 2653 1560 coram
2677 1509 2875 1562 comite
2900 1525 3006 1563 non
3038 1507 3157 1575 fuit,
3187 1516 3242 1563 et
3266 1510 3312 1564 is
3337 1509 3430 1580 qui

1838 1609 1898 1650 se
1923 1595 2200 1659 reclamat,
2228 1604 2448 1666 propter
2473 1613 2624 1651 suam
2676 1599 2962 1654 stultitiam
3009 1608 3104 1654 aut
3152 1610 3430 1655 contmna-

148 1700 213 1754 νει
232 1700 346 1754 inde
371 1679 598 1755 redeunt
627 1702 670 1754 ⁷.
717 1679 788 1757 Ut
814 1701 993 1756 nullus
1015 1700 1082 1756 ad
1110 1701 1368 1772 palatium
1404 1701 1488 1756 vel
1508 1679 1610 1756 in,
1635 1703 1730 1758 ho-

1843 1687 1963 1740 Liam
1991 1687 2243 1741 comitem
2272 1686 2395 1740 inde
2432 1688 2700 1760 appellare
2742 1689 2785 1722 ⁸⁸
2833 1690 3026 1758 noluit,
3083 1690 3280 1745 iterum
3340 1706 3432 1746 co—

148 1801 265 1845 stem
287 1806 544 1863 pergens,
587 1791 672 1847 vel
709 1792 775 1847 de
798 1793 1002 1862 palatio
1060 1792 1144 1846 vel
1193 1793 1260 1848 de
1302 1793 1460 1848 hoste
1497 1793 1732 1859 rediens,

150 1884 390 1936 tributum
422 1881 569 1952 quod
595 1890 900 1940 transturas
933 1883 956 1916 ⁸
999 1891 1215 1947 vocant,
1245 1885 1454 1940 solvere
1491 1892 1730 1954 cogatur.

205 1973 285 2028 58.
321 1973 403 2028 De
429 1975 675 2045 pontibus
702 1975 942 2046 publicis.
978 1975 1049 2032 Ut
1077 1985 1270 2045 pontes
1315 1977 1513 2047 publici
1547 1977 1603 2042 ⁹,
1639 1976 1733 2046 qui

147 2077 230 2131 per
250 2065 492 2118 bannum
541 2063 657 2118 fieri
696 2064 962 2132 solebant,
987 2081 1133 2134 anno
1161 2075 1448 2136 praesente
1481 2067 1536 2122 in
1584 2067 1733 2122 omni

147 2153 250 2208 loco
271 2163 674 2210 restaurentur.

166 2240 288 2302 '59.
343 2247 428 2302 De
479 2246 702 2313 clericis,
751 2249 1026 2304 monachis
1071 2258 1118 2303 et
1163 2250 1322 2304 servis
1368 2250 1619 2322 fugitivis.
1661 2249 1734 2306 Ut

145 2337 310 2394 clerici
347 2345 408 2392 et
443 2338 694 2393 monachi
723 2346 779 2394 et
813 2339 954 2393 servi
981 2337 1196 2410 fugitivi
1242 2340 1310 2396 ad
1366 2341 1484 2396 loca
1521 2357 1616 2396 sua
1648 2355 1734 2396 re-

144 2431 244 2488 dire
274 2433 595 2489 iubeantur.

203 2523 282 2578 60.
311 2523 389 2578 De
413 2524 684 2579 advocatis
708 2525 1088 2596 episcoporum,
1117 2525 1384 2591 abbatum,
1413 2527 1658 2582 comitum
1690 2529 1730 2560 "

143 2625 184 2668 et
200 2615 606 2670 abbatissarum.
633 2615 703 2671 Ut
726 2615 904 2672 nullus
930 2617 1234 2687 episcopus,
1275 2627 1375 2673 nec
1415 2619 1601 2686 abbas,
1633 2636 1733 2677 nec

141 2721 325 2773 mures,
340 2723 452 2764 nec
469 2708 762 2775 abbatissa,
777 2710 1148 2765 centenarium
1170 2710 1389 2766 comitis
1409 2711 1732 2768 advocatum

142 2798 293 2854 halica
300 2807 339 2854 t.

201 2887 281 2942 6|.
311 2884 392 2944 De
432 2889 644 2944 sicariis
681 2889 758 2945 vel
791 2891 1123 2954 centenariis,
1153 2906 1199 2945 st
1257 2893 1488 2948 latrones
1532 2892 1731 2948 celave—

140 2981 248 3034 rint.
283 2980 356 3037 Ut
385 2979 590 3036 vicarii
615 2981 700 3034 vel
733 2980 1054 3048 centenarii,
1094 2981 1184 3050 qui
1213 2979 1360 3037 fures
1397 2989 1452 3036 et
1487 2983 1728 3038 latrones

140 3069 211 3124 vel
242 3071 548 3126 celaverint
573 3071 654 3126 vel
677 3069 1036 3136 defenderint,
1074 3069 1370 3126 secundum
1404 3071 1508 3128 sibi
1537 3071 1722 3128 datam

139 3165 460 3219 sententiam
494 3162 881 3219 diiudicentur.

197 3255 280 3309 62.
311 3255 392 3310 De
436 3255 712 3310 comitibus
731 3265 779 3310 et
802 3255 1012 3310 sicariis
1040 3255 1387 3310 admonendis
1425 3255 1466 3286 “
1516 3255 1582 3310 de
1603 3272 1728 3310 con-

135 3345 393 3401 stitutione
421 3343 573 3416 legis.
604 3343 676 3400 Ut
709 3345 937 3400 comites
960 3351 1015 3398 et
1035 3344 1223 3399 vicarii
1270 3344 1314 3374 "
1349 3342 1417 3399 de
1465 3345 1728 3399 constitu-

137 3436 267 3490 tione
300 3437 450 3508 legis
481 3445 913 3501 ammoneantur,
954 3451 1058 3506 qua
1103 3436 1147 3468 ¹³
1195 3436 1428 3502 iubetur,
1489 3443 1550 3490 ut
1603 3451 1730 3506 pro-

131 3537 242 3596 pter
261 3529 536 3584 iustitiam
575 3529 986 3598 pervertendam
1012 3543 1239 3584 munera
1278 3544 1386 3584 non
1433 3529 1724 3598 accipiant.

194 3618 278 3673 65.
318 3618 400 3673 De
430 3618 712 3688 forestibus
765 3617 1062 3672 dominicis.
1105 3618 1181 3672 De
1243 3617 1533 3676 forestibus
1562 3619 1607 3650 ”
1633 3635 1728 3675 no-

131 3709 268 3776 stris,
305 3717 370 3764 ut
389 3709 724 3779 ubicumque
762 3707 981 3774 fuerint,
1003 3708 1410 3779 diligentissime
1429 3709 1722 3780 inquirant,

131 3802 399 3870 quomodo
429 3801 612 3857 salvae
644 3802 753 3857 sint
789 3810 845 3856 et
890 3801 1162 3868 defensae,
1209 3811 1265 3856 et
1313 3811 1374 3857 ut
1434 3804 1726 3860 comitibus

129 3889 473 3956 denuntient,
493 3905 566 3945 ne
589 3891 750 3946 ullam
763 3891 1016 3948 forestem
1035 3893 1079 3924 “‘
1096 3893 1308 3948 noviter
1323 3894 1644 3960 instituant;
1668 3903 1724 3950 et

129 3983 210 4037 ubi
225 3984 456 4038 noviter
481 3983 761 4039 institutas
781 3983 899 4038 sine
923 3992 1107 4040 nostra
1126 3984 1364 4041 iussione
1384 3985 1718 4053 invenerint,

126 4073 398 4131 dimittere
425 4075 781 4145 praecipiant.

191 4166 279 4220 64.
307 4167 391 4221 De
417 4167 596 4221 missis
621 4167 915 4232 dominicis,
957 4177 1006 4222 et
1031 4167 1097 4222 de
1114 4168 1194 4224 his
1217 4169 1307 4240 qui
1329 4169 1586 4224 iustitiam
1637 4169 1722 4239 [a-

123 4273 232 4312 cere
255 4267 553 4312 rennuunt.
584 4257 655 4314 Ut
680 4259 1003 4328 ubicumque
1037 4259 1139 4328 ipsi
1164 4257 1316 4314 missi
1366 4266 1462 4314 aut
1510 4258 1718 4328 episco-

1753 3032 1800 3096 C

1835 1777 1956 1834 miti
1982 1779 2409 1834 commendetur.

1906 1867 1994 1923 67.
2038 1868 2113 1924 De
2141 1870 2314 1925 missis
2348 1870 2648 1938 dominicis,
2675 1871 2902 1943 qualiter
2938 1872 3227 1927 coniectum
3285 1873 3430 1927 acci-

1833 1974 1956 2028 pere
1980 1957 2219 2013 debeant.
2251 1959 2323 2014 Ut
2358 1962 2508 2017 missi
2537 1963 2728 2028 nostri,
2779 1963 2871 2032 qui
2918 1962 3004 2017 vel
3059 1963 3293 2033 episcopi
3346 1961 3430 2017 vel

1835 2057 2058 2112 abbatcs
2095 2055 2178 2111 vel
2218 2054 2446 2110 comites
2479 2061 2624 2119 sunt,
2663 2053 2916 2124 quamdiu
2969 2067 3135 2122 prope
3172 2068 3326 2108 suum
3383 2053 3427 2085 η

1833 2147 2156 2203 beneficium
2186 2145 2406 2212 fuerint,
2441 2144 2575 2198 nihil
2600 2143 2665 2197 de
2707 2143 2937 2198 aliorum
2973 2145 3220 2200 coniecto
3273 2143 3422 2199 acci-

1833 2239 2004 2308 piant.
2033 2237 2325 2306 Postquam
2353 2249 2480 2288 vero
2509 2234 2632 2288 inde
2678 2233 2838 2305 longe
2889 2235 3232 2302 recesserint,
3295 2243 3425 2290 tunc

1835 2329 2102 2398 accipiant
2127 2327 2422 2382 secundum
2449 2323 2592 2395 quod
2643 2325 2696 2378 in
2737 2340 2834 2379 sua
2874 2325 3130 2379 tractoria
3179 2325 3426 2380 contine-

1835 2429 1944 2474 tur.
1965 2418 2120 2474 Vassi
2147 2432 2272 2472 vero
2299 2417 2469 2471 nostri
2486 2425 2541 2470 et
2567 2415 2966 2482 ministerialcs,
2988 2417 3078 2486 qui
3102 2417 3250 2472 missi
3277 2425 3426 2483 sunt,

1833 2511 2162 2581 ubicumque
2195 2510 2460 2576 venerint,
2498 2509 2801 2564 coniectura
2837 2509 3127 2578 accipiant.

1904 2621 1992 2678 68.
2019 2621 2098 2675 De
2126 2621 2288 2676 cassis
2313 2620 2590 2675 dominicis
2615 2629 2663 2674 et
2689 2621 2733 2651 ²⁰
2789 2621 3147 2692 episcoporum
3185 2617 3263 2674 vel
3303 2618 3427 2674 reli-

1833 2727 2080 2783 quorum,
2107 2712 2196 2782 qui
2224 2711 2278 2764 in
2302 2710 2448 2765 hoste
2482 2709 2835 2780 nonfuerunt.
2866 2709 2938 2766 Ut
2962 2711 3106 2766 vassi
3141 2710 3335 2777 nostri,
3371 2718 3427 2764 et

1835 2803 1979 2858 vassi
2005 2803 2401 2872 episcoporum,
2430 2803 2684 2857 abbatum
2713 2803 2778 2867 *',
2807 2803 3206 2858 abbatissarum
3253 2811 3308 2858 et
3333 2820 3426 2860 co-

1834 2895 2050 2960 mitum,
2084 2894 2174 2963 qui
2203 2909 2346 2947 anno
2379 2901 2666 2961 praesente
2715 2893 2769 2947 in
2815 2893 2972 2954 hoste
3009 2909 3118 2948 non
3184 2893 3424 2961 fuerunt,

1835 2987 2190 3042 heribannum
2227 2987 2522 3041 rewadient
2561 2987 2638 3052 ";
2667 2987 2908 3056 exceptis
2933 2986 3020 3042 his
3071 2988 3162 3056 qui
3204 2998 3426 3058 propter

1827 3078 2164 3133 necessarias
2197 3092 2392 3132 causas
2419 3084 2474 3130 et
2510 3092 2541 3130 a
2579 3075 2780 3130 domno
2819 3092 2885 3130 ac
2941 3076 3185 3146 genitore
3235 3087 3424 3132 nostro

1828 3168 2026 3224 Karolo
2049 3168 2374 3223 constitutas
2406 3167 2452 3197 ’³
2480 3167 2624 3223 domi
2647 3167 2856 3222 dimissi
2877 3166 2923 3198 ’τ
2957 3165 3196 3235 fuerunt,
3237 3168 3290 3223 id
3315 3175 3420 3234 est,

1829 3261 1920 3331 qui
1946 3275 1978 3314 a
2013 3259 2214 3315 comite
2241 3260 2286 3291 "
2306 3267 2528 3329 propter
2560 3273 2750 3329 pacem
2779 3259 3205 3315 conservandam
3225 3301 3242 3327 ,
3291 3270 3348 3316 et
3377 3261 3424 3292 “

1829 3361 2049 3423 propter
2071 3351 2354 3422 coniugem
2381 3365 2445 3405 ac
2479 3351 2696 3405 domum
2722 3351 2840 3406 eius
2887 3351 3314 3417 custodiendam,
3366 3359 3423 3406 et

1831 3445 1900 3499 ab
1925 3443 2179 3512 episcopo
2203 3441 2289 3496 vel
2325 3441 2522 3496 abbate
2566 3440 2650 3494 vel
2683 3441 2956 3496 abbatissa
3005 3441 3257 3496 similiter
3286 3456 3418 3512 pro-

1831 3544 1953 3606 pter
1976 3549 2163 3604 paccm
2213 3531 2658 3596 conservandam,
2686 3540 2741 3586 et
2784 3539 3004 3606 propter
3037 3531 3224 3602 fruges
3267 3531 3424 3586 colli-

1832 3627 2036 3699 gendas
2061 3634 2114 3681 et
2136 3625 2392 3680 familiam
2429 3624 2924 3694 constringendam,
2959 3632 3017 3678 et
3042 3623 3238 3680 missos
3281 3623 3421 3678 reci-

1831 3718 2076 3792 piendos,
2114 3717 2320 3772 dimissi
2358 3715 2594 3771 fuerunt.

1903 3809 1993 3864 69.
2021 3808 2099 3862 De
2131 3807 2404 3878 episcopis,
2429 3806 2704 3860 abbatibus
2733 3815 2782 3860 et
2811 3806 3106 3871 comitibus,
3135 3815 3183 3860 et
3215 3805 3280 3860 de
3303 3804 3420 3876 pla-

1833 3899 1933 3953 cito
1979 3899 2260 3952 missorum
2285 3897 2688 3950 dominicorum.
2720 3895 2791 3951 Ut
2833 3897 3012 3952 omnis
3037 3897 3080 3928 "
3108 3897 3416 3966 cpiscopus,

1831 3990 2018 4053 abbas,
2047 3997 2102 4042 et
2116 4001 2323 4052 comes,
2361 3994 2586 4056 excepta
2613 3983 2928 4040 inﬁrmitate
2962 3987 3044 4039 vel
3071 3994 3256 4040 nostra
3306 3986 3418 4041 ius-

1834 4080 2003 4145 sione,
2032 4078 2234 4133 nullam
2260 4077 2665 4131 excusationem
2687 4075 2902 4138 haheat,
2929 4075 3058 4146 quin
3085 4077 3131 4108 ³⁸
3153 4076 3220 4130 ad
3245 4075 3416 4144 placi-

1829 4177 1941 4226 tum
1970 4170 2258 4224 missorum
2285 4174 2595 4222 nostrorum
2629 4169 2830 4232 veniat,
2849 4174 2960 4220 'sut
2996 4165 3155 4220 talem
3186 4166 3232 4198 ”
3270 4167 3416 4222 vica-

1827 4259 1966 4314 rium
1993 4275 2150 4314 suum
2175 4258 2376 4323 mittat,
2404 4257 2497 4328 qui
2528 4257 2584 4312 in
2611 4257 2759 4338 omni
2787 4273 2952 4312 causa
2976 4273 3076 4328 pro
3103 4257 3196 4314 illo
3223 4258 3266 4290 ³⁰
3293 4261 3416 4312 rcd-
3447 4285 3462 4370 ί

1832 4350 1948 4370 .I-_-
1979 4349 2239 4370 _-.2__.-___
2279 4347 2448 4370 _-.._2a
2477 4359 2498 4370 μ

123 4361 244 4414 pum
280 4357 380 4403 aut
410 4349 662 4404 abbatem
689 4359 781 4404 aut
817 4348 984 4404 alium
1025 4349 1322 4420 quemlth
1381 4363 1721 4420 quocumque
1749 4341 1802 4402 D
1825 4350 1952 4406 dere
1979 4349 2244 4404 rationem
2279 4347 2453 4418 possit
2475 4359 2524 4400 ι.

1370 4483 1764 4542 VARIANTES
1799 4481 2203 4549 LECTIONES.

193 4575 207 4604 ¹
243 4572 638 4644 observent....
663 4573 858 4644 placita
882 4573 1087 4644 desunt
1131 4573 1186 4628 4.
1215 4573 1344 4629 Hld.
1423 4575 1444 4605 ²
1481 4575 1576 4644 qui
1607 4575 1657 4628 1.

1737 4575 1759 4606 ³
1787 4575 1909 4629 aliis
1929 4574 1984 4627 4.
2061 4573 2083 4604 ⁸
2107 4573 2308 4628 malum
2332 4573 2384 4626 1.
2405 4571 2459 4626 4.
2485 4571 2550 4626 Β.
2625 4571 2646 4604 ⁵
2678 4579 2850 4626 totum
2870 4569 2908 4626 l.
2932 4586 3126 4642 compa

3127 4571 3327 4630 sitione
3356 4573 3410 4628 1.

121 4643 289 4715 legem
313 4642 718 4715 compositione
736 4643 800 4696 Β.
871 4643 894 4715 ἒ
917 4653 1088 4698 totam
1115 4644 1288 4714 legem
1315 4654 1370 4700 et
1389 4642 1838 4715 compositionem
1865 4645 2074 4715 solvere
2092 4660 2212 4715 cog.
2237 4645 2291 4698 5.
2311 4712 2328 4715 Α
2370 4645 2389 4676 ⁷
2417 4659 2520 4715 pro
2536 4643 2634 4696 hoc
2650 4643 2818 4715 _rubro
2839 4643 3146 4715 antecedens
3171 4645 3326 4715 habet
3353 4645 3409 4700 4.

120 4715 140 4744 '
179 4713 539 4769 tarensturas
566 4713 622 4766 in
669 4730 838 4772 mani.
868 4713 1233 4770 heristiura'i.
1264 4713 1587 4772 transituras
1609 4715 1670 4770 C.
1715 4714 1860 4769 Colb.
1904 4713 2086 4770 Camb.

825 4794 895 4838 et.
929 4794 1193 4840 trasturas
1232 4783 1350 4840 Vat.
1382 4785 1498 4840 Pal.
1527 4786 1661 4840 Bell.
1687 4793 1952 4840 straturas
1975 4785 2080 4850 Til,
2107 4793 2382 4840 trexturas
2409 4783 2462 4838 5.
2487 4783 2523 4838 5
2550 4785 2603 4837 b.
2679 4783 2701 4814 ⁹
2724 4783 2948 4854 supplici
2979 4783 3030 4838 6.
3109 4785 3151 4817 ³⁸
3175 4785 3316 4843 deest
3340 4785 3408 4846 G.

121 4783 248 4838 Par.
276 4791 563 4840 tracturus
591 4783 661 4837 l'.
685 4778 739 4837 4.

2187 4715 2254 4768 iv.
2297 4712 2463 4770 Sana.
2495 4713 2550 4767 2.
2594 4713 2848 4768 tristuras
2871 4712 2935 4766 Β.
2967 4713 3118 4768 Rem.
3156 4714 3230 4768 N.
3261 4714 3408 4770 Pith.

124 4855 159 4926 l’
193 4871 244 4909 a.
272 4855 330 4911 d.
360 4869 419 4926 c.
446 4851 700 4926 ladesunt
721 4856 774 4910 5.
798 4855 864 4926 de
888 4870 938 4909 c.
979 4855 1014 4908 Ι.
1043 4865 1164 4910 ante
1191 4856 1258 4911 de
1282 4857 1467 4912 comit.
1497 4855 1716 4911 collocat
1742 4856 1796 4910 4.
1832 4855 2019 4910 Totum
2041 4865 2194 4926 caput
2217 4855 2355 4926 deest
2382 4855 2436 4926 5_.
2460 4855 2514 4908 in
2541 4854 2653 4926 ind.
2731 4855 2774 4926 ‘f
2793 4851 2854 4926 'v’.
2880 4863 2935 4908 et
2959 4856 3254 4926 centenarii
3283 4855 3406 4926 Bal.

120 4925 162 4996 ’ξ
205 4927 341 4996 quia
373 4925 434 4977 1.
487 4923 566 4996 1⁸.
616 4924 682 4978 Β.

121 4995 162 5026 ’³
184 4996 510 5066 supplicare
535 4995 590 5053 5.

118 5067 218 5121 tuti
250 5063 344 5121 '1".
431 5063 479 5094 "
534 5065 672 5121 deest
700 5066 770 5133 ἡ

797 4924 841 4997 ξι
872 4935 1022 4980 vorst
1045 4926 1100 4980 in
1125 4943 1296 4997 marg.
1338 4927 1389 4981 1.

703 4996 745 5028 ¹⁹
769 4995 984 5050 illorum
1003 4995 1266 5052 beneficio
1285 4997 1340 5051 5.

1505 4928 1549 4958 ³⁵
1574 4926 1774 4983 foreste
1798 4928 1852 4982 5.

1444 4999 1487 5030 ὀ
1513 4997 1655 5052 deest
1681 4997 1736 5051 4.

830 5066 896 5138 ”_
913 5066 1152 5138 a_nobis_
1157 5065 1338 5138 Camb.
1373 5065 1538 5138 Song.
1568 5067 1714 5122 Cotb.
1791 5067 1838 5100 ³⁸
1864 5076 1920 5122 et
2034 5067 2244 5124 custod.
2269 5067 2354 5121 hic
2376 5067 2570 5138 omissa
2593 5075 2706 5138 post
2735 5067 2884 5138 iuxta
2905 5081 2952 5138 c.
2981 5065 3074 5138 75.
3091 5063 3319 5138 collocat_
3336 5061 3404 5138 G.

2570 4925 2609 4956 "
2639 4925 2968 4980 iustitiae....
2993 4925 3170 4980 factae
3199 4933 3324 4981 sunt
3349 4925 3404 4979 5.

1967 4927 2011 4958 ³⁶
2040 4923 2168 4982 illuc
2205 4927 2277 4992 l‘,
2307 4925 2362 4978 4.
2392 4923 2459 4980 G.
2570 4925 2609 4956 "
2639 4925 2968 4980 iustitiae....
2993 4925 3050 4978 fat

1967 5009 2060 5051 eest
2084 4998 2138 5052 5.
2171 4996 2236 5052 G.
2339 4996 2384 5026 ’³
2413 4996 2733 5052 reuuadiant
2773 4995 2847 5048 i'.
2886 4997 2941 5050 5.
2984 4994 3050 5050 G.

1845 4997 1890 5028 ³³
1925 4997 2060 5051 deest
2084 4998 2138 5052 5.
2171 4996 2236 5052 G.
2339 4996 2384 5026 ’³
2413 4996 2733 5052 reuuadiant
2773 4995 2847 5048 1’.
2886 4997 2941 5050 5.
2984 4995 3050 5050 G.
3137 4995 3184 5026 ’³
3209 4995 3410 5050 consti-

117 5153 338 5216 prorsus
376 5132 760 5216 desuntASanq.
792 5137 844 5190 1.
872 5136 927 5191 2.
961 5134 1080 5216 Vat.
1112 5136 1246 5216 Tha.
1276 5136 1459 5192 Camb.
1487 5132 1641 5193 Colb.
1717 5139 1762 5172 ³⁷
1801 5137 1980 5194 nullus
2006 5138 2062 5194 5.
2135 5138 2183 5170 ’⁸
2220 5137 2313 5209 qui
2339 5152 2449 5192 non
2473 5137 2548 5190 1⁸.
2577 5132 2638 5191 ut
2671 5137 2726 5192 5.
2803 5135 2846 5166 ’³
2870 5135 3032 5190 talem
3056 5133 3218 5206 (corr.
3249 5132 3406 5206 tales)

1655 5276 1888 5334 ΝΟΤᾹΞ.

119 5206 364 5264 vicarios
389 5206 468 5260 1‘.
544 5207 590 5239 ³⁸
633 5207 743 5262 illis
769 5222 816 5261 r.
861 5223 908 5263 r.
932 5207 1144 5277 possint
1182 5209 1256 5262 1’.

185 5405 212 5434 ι
243 5389 358 5446 Hic
379 5389 630 5460 sequitur
647 5389 701 5445 in
719 5389 780 5446 Β.
795 5389 960 5454 Pith.,
976 5389 1172 5454 Paris...
1199 5390 1399 5460 Norm.
1417 5389 1495 5460 (in
1518 5388 1710 5445 Rhem.

114 5477 146 5516 ι
171 5478 348 5517 manu
376 5461 439 5532 2
456 5459 520 5532 in
563 5461 804 5530 margine
823 5461 1122 5532 additum):
1153 5482 1169 5532 ς
1203 5461 1272 5517 69
1292 5461 1347 5516 b.
1375 5459 1453 5515 De
1479 5477 1582 5514 non
1607 5461 1720 5532 exi-

147 5535 288 5603 endo
312 5531 613 5603 heribanno
633 5529 910 5603 antequam
936 5529 1098 5586 iussio
1133 5531 1402 5603 dominica,
1437 5540 1561 5584 nota
1594 5529 1710 5603 ﬁat.

147 5602 186 5658 it
211 5602 381 5663 missi
415 5609 470 5656 et
489 5600 855 5673 unusquisque
877 5603 934 5657 in
955 5618 1054 5660 suo
1073 5603 1373 5661 ministerio
1391 5602 1527 5657 haec
1569 5600 1714 5671 capi-

1821 5391 1934 5446 tula
1959 5390 2123 5462 relegi
2151 5389 2356 5446 faciant
2377 5403 2560 5462 coram
2580 5385 2816 5462 populo;
2848 5393 2903 5440 et
2929 5393 3056 5441 nota
3086 5384 3411 5462 sint__omni-

1823 5462 1946 5527 bus,
1972 5478 2038 5517 ne
2065 5456 2261 5530 aliquis
2286 5456 2688 5516 excusationem
2712 5458 2913 5512 habere
2944 5457 3146 5530 possit.
3195 5456 3265 5530 Et
3298 5472 3406 5510 non

1821 5533 1973 5601 prius
1997 5527 2232 5587 bannum
2278 5532 2498 5601 exigant
2541 5545 2572 5582 a
2625 5543 2896 5600 quoquam
2941 5528 3177 5593 homine,
3235 5527 3408 5582 donec

1806 5599 2080 5660 “omnibus
2111 5603 2246 5658 haec
2277 5599 2401 5656 nota
2429 5599 2576 5656 fiant.
2613 5619 2633 5654 ›
