  <div class='ocr_page' id='page_1' title='image "/cluster/home/n/w/nwhite01/storage/ocr_20150623/97/hvd.32044054759667/300.png"; bbox 0 0 3974 6134; ppageno 0'>
   <div class='ocr_carea' id='block_1_1' title="bbox 233 238 340 291">
    <p class='ocr_par' dir='ltr' id='par_1_1' title="bbox 233 238 340 291">
     <span class='ocr_line' id='line_1_1' title="bbox 233 238 340 291; baseline 0.019 -2"><span class='ocrx_word' id='word_1_1' title='bbox 233 238 340 291; x_wconf 68' lang='grc'>8115</span> 
     </span>
    </p>
   </div>
   <div class='ocr_carea' id='block_1_2' title="bbox 295 344 731 401">
    <p class='ocr_par' dir='ltr' id='par_1_2' title="bbox 295 344 731 401">
     <span class='ocr_line' id='line_1_2' title="bbox 295 344 731 401; baseline 0 -1"><span class='ocrx_word' id='word_1_2' title='bbox 295 348 353 400; x_wconf 85' lang='lat'><strong>5.</strong></span> <span class='ocrx_word' id='word_1_3' title='bbox 382 346 460 401; x_wconf 90' lang='lat' dir='ltr'><strong>De</strong></span> <span class='ocrx_word' id='word_1_4' title='bbox 484 344 731 400; x_wconf 87' lang='lat' dir='ltr'><strong>notariis.</strong></span> 
     </span>
    </p>
   </div>
   <div class='ocr_carea' id='block_1_3' title="bbox 293 415 1067 486">
    <p class='ocr_par' dir='ltr' id='par_1_3' title="bbox 293 415 1067 486">
     <span class='ocr_line' id='line_1_3' title="bbox 293 415 1067 486; baseline 0 -17"><span class='ocrx_word' id='word_1_5' title='bbox 293 416 352 470; x_wconf 73' lang='grc'>4.</span> <span class='ocrx_word' id='word_1_6' title='bbox 378 416 455 469; x_wconf 86' lang='lat' dir='ltr'><strong>De</strong></span> <span class='ocrx_word' id='word_1_7' title='bbox 478 415 675 472; x_wconf 86' lang='lat' dir='ltr'><strong>ceteris</strong></span> <span class='ocrx_word' id='word_1_8' title='bbox 699 415 997 486; x_wconf 80' lang='lat' dir='ltr'><strong>disciplinis</strong></span> <span class='ocrx_word' id='word_1_9' title='bbox 1027 419 1067 469; x_wconf 76' lang='grc'>³.</span> 
     </span>
    </p>
   </div>
   <div class='ocr_carea' id='block_1_4' title="bbox 295 486 754 567">
    <p class='ocr_par' dir='ltr' id='par_1_4' title="bbox 295 486 754 567">
     <span class='ocr_line' id='line_1_4' title="bbox 295 486 754 567; baseline -0.007 0"><span class='ocrx_word' id='word_1_10' title='bbox 295 486 352 567; x_wconf 60' lang='grc' dir='ltr'><strong>ξ’</strong></span> <span class='ocrx_word' id='word_1_11' title='bbox 382 486 460 567; x_wconf 62' lang='lat'><strong>9°</strong></span> <span class='ocrx_word' id='word_1_12' title='bbox 481 492 754 567; x_wconf 68' lang='grc' dir='ltr'><strong>ωηξικξιοτ</strong></span> 
     </span>
    </p>
   </div>
   <div class='ocr_carea' id='block_1_5' title="bbox 296 554 955 610">
    <p class='ocr_par' dir='ltr' id='par_1_5' title="bbox 296 554 955 610">
     <span class='ocr_line' id='line_1_5' title="bbox 296 554 955 610; baseline -0.002 -1"><span class='ocrx_word' id='word_1_13' title='bbox 296 555 352 609; x_wconf 84' lang='lat'><strong>6.</strong></span> <span class='ocrx_word' id='word_1_14' title='bbox 382 555 460 608; x_wconf 88' lang='lat' dir='ltr'><strong>De</strong></span> <span class='ocrx_word' id='word_1_15' title='bbox 483 554 790 609; x_wconf 83' lang='lat' dir='ltr'><strong>medicinali</strong></span> <span class='ocrx_word' id='word_1_16' title='bbox 817 562 955 610; x_wconf 84' lang='lat' dir='ltr'><strong>arte.</strong></span> 
     </span>
    </p>
   </div>
   <div class='ocr_carea' id='block_1_6' title="bbox 295 624 1804 695">
    <p class='ocr_par' dir='ltr' id='par_1_6' title="bbox 295 624 1804 695">
     <span class='ocr_line' id='line_1_6' title="bbox 295 624 1804 695; baseline 0 -16"><span class='ocrx_word' id='word_1_17' title='bbox 295 625 351 695; x_wconf 73' lang='grc'><strong>7,</strong></span> <span class='ocrx_word' id='word_1_18' title='bbox 376 625 452 679; x_wconf 83' lang='lat' dir='ltr'><strong>De</strong></span> <span class='ocrx_word' id='word_1_19' title='bbox 488 624 902 695; x_wconf 22' lang='lat' dir='ltr'><strong>ecclesiisusine</strong></span> <span class='ocrx_word' id='word_1_20' title='bbox 958 627 1163 681; x_wconf 80' lang='lat' dir='ltr'><strong>honore</strong></span> <span class='ocrx_word' id='word_1_21' title='bbox 1207 625 1549 683; x_wconf 88' lang='lat' dir='ltr'><strong>manentibus</strong></span> <span class='ocrx_word' id='word_1_22' title='bbox 1595 625 1804 695; x_wconf 85' lang='lat' dir='ltr'><strong>absque</strong></span> 
     </span>
    </p>
   </div>
   <div class='ocr_carea' id='block_1_7' title="bbox 223 693 1806 765">
    <p class='ocr_par' dir='ltr' id='par_1_7' title="bbox 223 693 1806 765">
     <span class='ocr_line' id='line_1_7' title="bbox 223 693 1806 765; baseline -0.001 -16"><span class='ocrx_word' id='word_1_23' title='bbox 223 694 417 765; x_wconf 75' lang='lat' dir='ltr'><strong>ciliciis</strong></span> <span class='ocrx_word' id='word_1_24' title='bbox 438 702 501 765; x_wconf 79' lang='lat' dir='ltr'><strong>et</strong></span> <span class='ocrx_word' id='word_1_25' title='bbox 515 693 819 765; x_wconf 78' lang='lat' dir='ltr'><strong>luminariis</strong></span> <span class='ocrx_word' id='word_1_26' title='bbox 839 694 859 723; x_wconf 83' lang='grc'><strong><em>⁸</em></strong></span> <span class='ocrx_word' id='word_1_27' title='bbox 881 710 896 758; x_wconf 89' lang='lat'><strong>;</strong></span> <span class='ocrx_word' id='word_1_28' title='bbox 919 702 975 749; x_wconf 91' lang='lat' dir='ltr'><strong>et</strong></span> <span class='ocrx_word' id='word_1_29' title='bbox 992 697 1057 750; x_wconf 86' lang='lat' dir='ltr'><strong>de</strong></span> <span class='ocrx_word' id='word_1_30' title='bbox 1081 695 1184 759; x_wconf 90' lang='lat' dir='ltr'><strong>his,</strong></span> <span class='ocrx_word' id='word_1_31' title='bbox 1214 695 1307 765; x_wconf 97' lang='lat' dir='ltr'><strong>qui</strong></span> <span class='ocrx_word' id='word_1_32' title='bbox 1328 696 1565 751; x_wconf 83' lang='lat' dir='ltr'><strong>decimas</strong></span> <span class='ocrx_word' id='word_1_33' title='bbox 1582 693 1806 750; x_wconf 81' lang='lat' dir='ltr'><strong>sumunt</strong></span> 
     </span>
    </p>
   </div>
   <div class='ocr_carea' id='block_1_8' title="bbox 224 762 1802 831">
    <p class='ocr_par' dir='ltr' id='par_1_8' title="bbox 224 762 1802 831">
     <span class='ocr_line' id='line_1_8' title="bbox 224 762 1802 831; baseline 0 -12"><span class='ocrx_word' id='word_1_34' title='bbox 224 773 276 820; x_wconf 84' lang='lat' dir='ltr'><strong>et</strong></span> <span class='ocrx_word' id='word_1_35' title='bbox 305 763 373 819; x_wconf 88' lang='lat' dir='ltr'><strong>de</strong></span> <span class='ocrx_word' id='word_1_36' title='bbox 391 762 638 819; x_wconf 84' lang='lat' dir='ltr'><strong>ecclesiis</strong></span> <span class='ocrx_word' id='word_1_37' title='bbox 658 778 765 819; x_wconf 91' lang='lat' dir='ltr'><strong>non</strong></span> <span class='ocrx_word' id='word_1_38' title='bbox 793 772 1021 831; x_wconf 89' lang='lat' dir='ltr'><strong>curant;</strong></span> <span class='ocrx_word' id='word_1_39' title='bbox 1055 772 1111 821; x_wconf 93' lang='lat' dir='ltr'><strong>et</strong></span> <span class='ocrx_word' id='word_1_40' title='bbox 1154 762 1545 828; x_wconf 42' lang='lat' dir='ltr'><strong>dte—altaribus,</strong></span> <span class='ocrx_word' id='word_1_41' title='bbox 1590 772 1650 819; x_wconf 94' lang='lat' dir='ltr'><strong>ut</strong></span> <span class='ocrx_word' id='word_1_42' title='bbox 1696 779 1802 819; x_wconf 91' lang='lat' dir='ltr'><strong>non</strong></span> 
     </span>
    </p>
   </div>
   <div class='ocr_carea' id='block_1_9' title="bbox 223 831 994 903">
    <p class='ocr_par' dir='ltr' id='par_1_9' title="bbox 223 831 994 903">
     <span class='ocr_line' id='line_1_9' title="bbox 223 831 994 903; baseline -0.003 -15"><span class='ocrx_word' id='word_1_43' title='bbox 223 831 495 903; x_wconf 81' lang='lat' dir='ltr'><strong>superﬂua</strong></span> <span class='ocrx_word' id='word_1_44' title='bbox 520 833 628 903; x_wconf 87' lang='lat' dir='ltr'><strong>sint</strong></span> <span class='ocrx_word' id='word_1_45' title='bbox 648 832 705 887; x_wconf 92' lang='lat' dir='ltr'><strong>in</strong></span> <span class='ocrx_word' id='word_1_46' title='bbox 729 832 994 903; x_wconf 85' lang='lat' dir='ltr'><strong>ecclesiis.</strong></span> 
     </span>
    </p>
   </div>
   <div class='ocr_carea' id='block_1_10' title="bbox 294 902 1802 965">
    <p class='ocr_par' dir='ltr' id='par_1_10' title="bbox 294 902 1802 965">
     <span class='ocr_line' id='line_1_10' title="bbox 294 902 1802 965; baseline -0.001 -7"><span class='ocrx_word' id='word_1_47' title='bbox 294 902 350 959; x_wconf 81' lang='lat'><strong>8.</strong></span> <span class='ocrx_word' id='word_1_48' title='bbox 380 904 455 957; x_wconf 90' lang='lat' dir='ltr'><strong>De</strong></span> <span class='ocrx_word' id='word_1_49' title='bbox 480 902 634 956; x_wconf 89' lang='lat' dir='ltr'><strong>laicis</strong></span> <span class='ocrx_word' id='word_1_50' title='bbox 659 902 869 958; x_wconf 90' lang='lat' dir='ltr'><strong>noviter</strong></span> <span class='ocrx_word' id='word_1_51' title='bbox 900 903 1192 965; x_wconf 90' lang='lat' dir='ltr'><strong>conversis,</strong></span> <span class='ocrx_word' id='word_1_52' title='bbox 1224 917 1293 957; x_wconf 88' lang='lat' dir='ltr'><strong>ne</strong></span> <span class='ocrx_word' id='word_1_53' title='bbox 1318 910 1607 965; x_wconf 76' lang='lat' dir='ltr'><strong>antequam</strong></span> <span class='ocrx_word' id='word_1_54' title='bbox 1647 916 1802 957; x_wconf 88' lang='lat' dir='ltr'><strong>suam</strong></span> 
     </span>
    </p>
   </div>
   <div class='ocr_carea' id='block_1_11' title="bbox 223 970 1803 1055">
    <p class='ocr_par' dir='ltr' id='par_1_11' title="bbox 223 970 1803 1055">
     <span class='ocr_line' id='line_1_11' title="bbox 223 970 1803 1055; baseline -0.001 -29"><span class='ocrx_word' id='word_1_55' title='bbox 223 974 397 1055; x_wconf 70' lang='lat' dir='ltr'><strong>legem</strong></span> <span class='ocrx_word' id='word_1_56' title='bbox 429 972 679 1055; x_wconf 21' lang='lat' dir='ltr'><strong>Aplenitcr</strong></span> <span class='ocrx_word' id='word_1_57' title='bbox 721 972 743 1003; x_wconf 92' lang='grc'><em>³</em></span> <span class='ocrx_word' id='word_1_58' title='bbox 771 973 1019 1041; x_wconf 84' lang='lat' dir='ltr'><strong>vivendo,</strong></span> <span class='ocrx_word' id='word_1_59' title='bbox 1050 974 1281 1037; x_wconf 91' lang='lat' dir='ltr'><strong>discant,</strong></span> <span class='ocrx_word' id='word_1_60' title='bbox 1321 973 1390 1027; x_wconf 90' lang='lat' dir='ltr'><strong>ad</strong></span> <span class='ocrx_word' id='word_1_61' title='bbox 1434 970 1540 1026; x_wconf 88' lang='lat' dir='ltr'><strong>alia</strong></span> <span class='ocrx_word' id='word_1_62' title='bbox 1588 970 1803 1042; x_wconf 90' lang='lat' dir='ltr'><strong>negotia</strong></span> 
     </span>
    </p>
   </div>
   <div class='ocr_carea' id='block_1_12' title="bbox 224 1051 533 1097">
    <p class='ocr_par' dir='ltr' id='par_1_12' title="bbox 224 1051 533 1097">
     <span class='ocr_line' id='line_1_12' title="bbox 224 1051 533 1097; baseline -0.01 0"><span class='ocrx_word' id='word_1_63' title='bbox 224 1051 533 1097; x_wconf 87' lang='lat' dir='ltr'><strong>mittantur.</strong></span> 
     </span>
    </p>
   </div>
   <div class='ocr_carea' id='block_1_13' title="bbox 295 1110 1804 1175">
    <p class='ocr_par' dir='ltr' id='par_1_13' title="bbox 295 1110 1804 1175">
     <span class='ocr_line' id='line_1_13' title="bbox 295 1110 1804 1175; baseline -0.001 -9"><span class='ocrx_word' id='word_1_64' title='bbox 295 1114 351 1166; x_wconf 88' lang='lat'><strong>9.</strong></span> <span class='ocrx_word' id='word_1_65' title='bbox 381 1112 457 1167; x_wconf 89' lang='lat' dir='ltr'><strong>De</strong></span> <span class='ocrx_word' id='word_1_66' title='bbox 478 1110 903 1175; x_wconf 90' lang='lat' dir='ltr'><strong>relinquentibus</strong></span> <span class='ocrx_word' id='word_1_67' title='bbox 928 1112 1190 1175; x_wconf 87' lang='lat' dir='ltr'><strong>seculum,</strong></span> <span class='ocrx_word' id='word_1_68' title='bbox 1230 1119 1292 1173; x_wconf 83' lang='lat' dir='ltr'><strong>ut</strong></span> <span class='ocrx_word' id='word_1_69' title='bbox 1329 1126 1497 1165; x_wconf 89' lang='lat' dir='ltr'><strong>unum</strong></span> <span class='ocrx_word' id='word_1_70' title='bbox 1519 1125 1552 1165; x_wconf 91' lang='lat' dir='ltr'><strong>e</strong></span> <span class='ocrx_word' id='word_1_71' title='bbox 1593 1110 1804 1165; x_wconf 90' lang='lat' dir='ltr'><strong>duobus</strong></span> 
     </span>
    </p>
   </div>
   <div class='ocr_carea' id='block_1_14' title="bbox 221 1180 1805 1256">
    <p class='ocr_par' dir='ltr' id='par_1_14' title="bbox 221 1180 1805 1256">
     <span class='ocr_line' id='line_1_14' title="bbox 221 1180 1805 1256; baseline -0.001 -21"><span class='ocrx_word' id='word_1_72' title='bbox 221 1182 444 1256; x_wconf 82' lang='lat' dir='ltr'><strong>eligant,</strong></span> <span class='ocrx_word' id='word_1_73' title='bbox 476 1189 569 1256; x_wconf 88' lang='lat' dir='ltr'><strong>aut</strong></span> <span class='ocrx_word' id='word_1_74' title='bbox 588 1180 817 1256; x_wconf 78' lang='lat' dir='ltr'><strong>pleniter</strong></span> <span class='ocrx_word' id='word_1_75' title='bbox 842 1183 1135 1256; x_wconf 76' lang='lat' dir='ltr'><strong>secuudum</strong></span> <span class='ocrx_word' id='word_1_76' title='bbox 1159 1181 1474 1256; x_wconf 75' lang='lat' dir='ltr'><strong>canonicam</strong></span> <span class='ocrx_word' id='word_1_77' title='bbox 1497 1188 1589 1256; x_wconf 70' lang='lat' dir='ltr'><strong>aut</strong></span> <span class='ocrx_word' id='word_1_78' title='bbox 1613 1194 1805 1234; x_wconf 90' lang='lat' dir='ltr'><strong>secun-</strong></span> 
     </span>
    </p>
   </div>
   <div class='ocr_carea' id='block_1_15' title="bbox 223 1248 1631 1319">
    <p class='ocr_par' dir='ltr' id='par_1_15' title="bbox 223 1248 1631 1319">
     <span class='ocr_line' id='line_1_15' title="bbox 223 1248 1631 1319; baseline -0.001 -15"><span class='ocrx_word' id='word_1_79' title='bbox 223 1248 355 1304; x_wconf 79' lang='lat' dir='ltr'><strong>duin</strong></span> <span class='ocrx_word' id='word_1_80' title='bbox 386 1248 683 1319; x_wconf 78' lang='lat' dir='ltr'><strong>regularem</strong></span> <span class='ocrx_word' id='word_1_81' title='bbox 711 1248 733 1279; x_wconf 74' lang='grc'><strong><em>⁵</em></strong></span> <span class='ocrx_word' id='word_1_82' title='bbox 762 1250 1150 1306; x_wconf 88' lang='lat' dir='ltr'><strong>institutionem</strong></span> <span class='ocrx_word' id='word_1_83' title='bbox 1177 1249 1355 1305; x_wconf 90' lang='lat' dir='ltr'><strong>vivere</strong></span> <span class='ocrx_word' id='word_1_84' title='bbox 1381 1248 1631 1304; x_wconf 78' lang='lat' dir='ltr'><strong>debeant.</strong></span> 
     </span>
    </p>
   </div>
   <div class='ocr_carea' id='block_1_16' title="bbox 298 1318 1803 1377">
    <p class='ocr_par' dir='ltr' id='par_1_16' title="bbox 298 1318 1803 1377">
     <span class='ocr_line' id='line_1_16' title="bbox 298 1318 1803 1377; baseline 0 -4"><span class='ocrx_word' id='word_1_85' title='bbox 298 1320 385 1374; x_wconf 85' lang='grc'><strong>10.</strong></span> <span class='ocrx_word' id='word_1_86' title='bbox 415 1318 492 1375; x_wconf 66' lang='grc' dir='ltr'><strong>Πὸ</strong></span> <span class='ocrx_word' id='word_1_87' title='bbox 516 1318 760 1375; x_wconf 89' lang='lat' dir='ltr'><strong>ecclesiis</strong></span> <span class='ocrx_word' id='word_1_88' title='bbox 799 1334 891 1374; x_wconf 93' lang='lat' dir='ltr'><strong>seu</strong></span> <span class='ocrx_word' id='word_1_89' title='bbox 917 1322 1119 1377; x_wconf 87' lang='lat' dir='ltr'><strong>sanctis</strong></span> <span class='ocrx_word' id='word_1_90' title='bbox 1162 1320 1370 1374; x_wconf 86' lang='lat' dir='ltr'><strong>noviter</strong></span> <span class='ocrx_word' id='word_1_91' title='bbox 1406 1319 1638 1373; x_wconf 83' lang='lat' dir='ltr'><strong>inventis</strong></span> <span class='ocrx_word' id='word_1_92' title='bbox 1686 1318 1803 1374; x_wconf 86' lang='lat' dir='ltr'><strong>sine</strong></span> 
     </span>
    </p>
   </div>
   <div class='ocr_carea' id='block_1_17' title="bbox 225 1389 1804 1461">
    <p class='ocr_par' dir='ltr' id='par_1_17' title="bbox 225 1389 1804 1461">
     <span class='ocr_line' id='line_1_17' title="bbox 225 1389 1804 1461; baseline -0.001 -17"><span class='ocrx_word' id='word_1_93' title='bbox 225 1390 572 1461; x_wconf 83' lang='lat' dir='ltr'><strong>auctoritate,</strong></span> <span class='ocrx_word' id='word_1_94' title='bbox 600 1389 703 1461; x_wconf 87' lang='lat' dir='ltr'><strong>nisi</strong></span> <span class='ocrx_word' id='word_1_95' title='bbox 721 1389 972 1461; x_wconf 86' lang='lat' dir='ltr'><strong>episcopo</strong></span> <span class='ocrx_word' id='word_1_96' title='bbox 991 1392 1254 1461; x_wconf 88' lang='lat' dir='ltr'><strong>probante</strong></span> <span class='ocrx_word' id='word_1_97' title='bbox 1283 1389 1804 1461; x_wconf 11' lang='lat' dir='ltr'><strong>Aminimeuveneren-</strong></span> 
     </span>
    </p>
   </div>
   <div class='ocr_carea' id='block_1_18' title="bbox 223 1404 1804 1522">
    <p class='ocr_par' dir='ltr' id='par_1_18' title="bbox 223 1404 1804 1522">
     <span class='ocr_line' id='line_1_18' title="bbox 225 1404 1804 1514; baseline -0.002 -70"><span class='ocrx_word' id='word_1_98' title='bbox 225 1404 572 1453; x_wconf 77' lang='lat' dir='ltr'><strong>auctoritate,</strong></span> <span class='ocrx_word' id='word_1_99' title='bbox 600 1405 703 1444; x_wconf 70' lang='grc' dir='ltr'><strong>ωδε</strong></span> <span class='ocrx_word' id='word_1_100' title='bbox 721 1404 972 1514; x_wconf 50' lang='grc' dir='ltr'><strong>Ἐδοορο</strong></span> <span class='ocrx_word' id='word_1_101' title='bbox 991 1404 1254 1461; x_wconf 84' lang='lat' dir='ltr'><strong>probante</strong></span> <span class='ocrx_word' id='word_1_102' title='bbox 1299 1404 1521 1444; x_wconf 78' lang='lat' dir='ltr'><strong>minime</strong></span> <span class='ocrx_word' id='word_1_103' title='bbox 1543 1404 1804 1443; x_wconf 85' lang='lat' dir='ltr'><strong>veneren-</strong></span> 
     </span>
     <span class='ocr_line' id='line_1_19' title="bbox 223 1459 1804 1522; baseline -0.001 -9"><span class='ocrx_word' id='word_1_104' title='bbox 223 1469 337 1522; x_wconf 87' lang='lat' dir='ltr'><strong>tur,</strong></span> <span class='ocrx_word' id='word_1_105' title='bbox 363 1460 514 1514; x_wconf 88' lang='lat' dir='ltr'><strong>salva</strong></span> <span class='ocrx_word' id='word_1_106' title='bbox 538 1460 705 1513; x_wconf 90' lang='lat' dir='ltr'><strong>etiam</strong></span> <span class='ocrx_word' id='word_1_107' title='bbox 825 1460 928 1515; x_wconf 85' lang='lat' dir='ltr'><strong>hoc</strong></span> <span class='ocrx_word' id='word_1_108' title='bbox 962 1470 1018 1516; x_wconf 92' lang='lat' dir='ltr'><strong>et</strong></span> <span class='ocrx_word' id='word_1_109' title='bbox 1046 1462 1111 1517; x_wconf 89' lang='lat' dir='ltr'><strong>de</strong></span> <span class='ocrx_word' id='word_1_110' title='bbox 1149 1459 1402 1514; x_wconf 88' lang='lat' dir='ltr'><strong>omnibus</strong></span> <span class='ocrx_word' id='word_1_111' title='bbox 1426 1459 1672 1514; x_wconf 83' lang='lat' dir='ltr'><strong>ecclesiis</strong></span> <span class='ocrx_word' id='word_1_112' title='bbox 1709 1473 1804 1513; x_wconf 88' lang='lat' dir='ltr'><strong>ca-</strong></span> 
     </span>
    </p>
   </div>
   <div class='ocr_carea' id='block_1_19' title="bbox 104 1529 842 1585">
    <p class='ocr_par' dir='ltr' id='par_1_19' title="bbox 104 1529 842 1585">
     <span class='ocr_line' id='line_1_20' title="bbox 104 1529 842 1585; baseline -0.001 -2"><span class='ocrx_word' id='word_1_113' title='bbox 104 1544 111 1559; x_wconf 83' lang='lat'><em>&#39;</em></span> <span class='ocrx_word' id='word_1_114' title='bbox 225 1531 422 1585; x_wconf 80' lang='lat' dir='ltr'><strong>nonica</strong></span> <span class='ocrx_word' id='word_1_115' title='bbox 450 1530 771 1584; x_wconf 82' lang='lat' dir='ltr'><strong>auctoritate</strong></span> <span class='ocrx_word' id='word_1_116' title='bbox 798 1529 842 1583; x_wconf 86' lang='grc'>⁵.</span> 
     </span>
    </p>
   </div>
   <div class='ocr_carea' id='block_1_20' title="bbox 296 1596 1478 1669">
    <p class='ocr_par' dir='ltr' id='par_1_20' title="bbox 296 1596 1478 1669">
     <span class='ocr_line' id='line_1_21' title="bbox 296 1596 1478 1669; baseline -0.001 -16"><span class='ocrx_word' id='word_1_117' title='bbox 296 1601 385 1653; x_wconf 86' lang='grc'><strong>11.</strong></span> <span class='ocrx_word' id='word_1_118' title='bbox 423 1600 499 1669; x_wconf 81' lang='lat' dir='ltr'><strong>De</strong></span> <span class='ocrx_word' id='word_1_119' title='bbox 530 1599 795 1654; x_wconf 82' lang='lat' dir='ltr'><strong>ordinatis</strong></span> <span class='ocrx_word' id='word_1_120' title='bbox 813 1596 1079 1669; x_wconf 89' lang='lat' dir='ltr'><strong>episcopis</strong></span> <span class='ocrx_word' id='word_1_121' title='bbox 1100 1613 1200 1654; x_wconf 91' lang='lat' dir='ltr'><strong>nec</strong></span> <span class='ocrx_word' id='word_1_122' title='bbox 1227 1598 1478 1669; x_wconf 88' lang='lat' dir='ltr'><strong>receptis.</strong></span> 
     </span>
    </p>
   </div>
   <div class='ocr_carea' id='block_1_21' title="bbox 762 230 1803 293">
    <p class='ocr_par' dir='ltr' id='par_1_21' title="bbox 762 230 1803 290">
     <span class='ocr_line' id='line_1_22' title="bbox 762 230 1803 290; baseline -0.003 -1"><span class='ocrx_word' id='word_1_123' title='bbox 762 233 988 290; x_wconf 78' lang='lat' dir='ltr'><strong>CODEX</strong></span> <span class='ocrx_word' id='word_1_124' title='bbox 1029 232 1548 290; x_wconf 75' lang='lat' dir='ltr'><strong>DlPLOMATlCUS.</strong></span> <span class='ocrx_word' id='word_1_125' title='bbox 1600 262 1664 272; x_wconf 89' lang='lat'><strong>-—-</strong></span> <span class='ocrx_word' id='word_1_126' title='bbox 1691 230 1803 286; x_wconf 73' lang='lat' dir='ltr'><strong>CAl</strong></span> 
     </span>
    </p>
   </div>
   <div class='ocr_carea' id='block_1_22' title="bbox 1935 230 2910 293">
    <p class='ocr_par' dir='ltr' id='par_1_22' title="bbox 1935 233 2910 293">
     <span class='ocr_line' id='line_1_23' title="bbox 1935 233 2910 293; baseline 0.007 -11"><span class='ocrx_word' id='word_1_127' title='bbox 1935 233 2004 286; x_wconf 68' lang='lat' dir='ltr'><strong>7L.</strong></span> <span class='ocrx_word' id='word_1_128' title='bbox 2046 234 2133 289; x_wconf 79' lang='lat' dir='ltr'><strong>AB</strong></span> <span class='ocrx_word' id='word_1_129' title='bbox 2170 234 2504 291; x_wconf 77' lang='lat' dir='ltr'><strong>ANSEGISO</strong></span> <span class='ocrx_word' id='word_1_130' title='bbox 2535 234 2910 293; x_wconf 78' lang='lat' dir='ltr'><strong>COLLECTA.</strong></span> 
     </span>
    </p>
   </div>
   <div class='ocr_carea' id='block_1_23' title="bbox 1157 334 3474 419">
    <p class='ocr_par' dir='ltr' id='par_1_23' title="bbox 1157 334 3474 419">
     <span class='ocr_line' id='line_1_24' title="bbox 1157 334 3474 419; baseline 0.004 -20"><span class='ocrx_word' id='word_1_131' title='bbox 1157 334 1160 338; x_wconf 68' lang='grc'><strong>’</strong></span> <span class='ocrx_word' id='word_1_132' title='bbox 1832 353 1880 409; x_wconf 83' lang='grc' dir='ltr'><strong>Λ</strong></span> <span class='ocrx_word' id='word_1_133' title='bbox 1980 349 2068 403; x_wconf 84' lang='lat'><strong>20.</strong></span> <span class='ocrx_word' id='word_1_134' title='bbox 2104 350 2177 403; x_wconf 81' lang='lat' dir='ltr'><strong>De</strong></span> <span class='ocrx_word' id='word_1_135' title='bbox 2209 348 2448 419; x_wconf 88' lang='lat' dir='ltr'><strong>reliquiis</strong></span> <span class='ocrx_word' id='word_1_136' title='bbox 2465 359 2775 405; x_wconf 86' lang='lat' dir='ltr'><strong>sanctorum</strong></span> <span class='ocrx_word' id='word_1_137' title='bbox 2802 359 2857 405; x_wconf 90' lang='lat' dir='ltr'><strong>et</strong></span> <span class='ocrx_word' id='word_1_138' title='bbox 2882 348 3136 404; x_wconf 85' lang='lat' dir='ltr'><strong>oratoriis</strong></span> <span class='ocrx_word' id='word_1_139' title='bbox 3175 348 3474 410; x_wconf 83' lang='lat' dir='ltr'><strong>villaribus.</strong></span> 
     </span>
    </p>
   </div>
   <div class='ocr_carea' id='block_1_24' title="bbox 3372 238 3478 294">
    <p class='ocr_par' dir='ltr' id='par_1_24' title="bbox 3372 238 3478 294">
     <span class='ocr_line' id='line_1_25' title="bbox 3372 238 3478 294; baseline 0.019 -2"><span class='ocrx_word' id='word_1_140' title='bbox 3372 238 3478 294; x_wconf 76' lang='lat'><strong>586</strong></span> 
     </span>
    </p>
   </div>
   <div class='ocr_carea' id='block_1_25' title="bbox 1978 418 3298 488">
    <p class='ocr_par' dir='ltr' id='par_1_25' title="bbox 1978 418 3298 488">
     <span class='ocr_line' id='line_1_26' title="bbox 1978 418 3298 488; baseline 0.001 -16"><span class='ocrx_word' id='word_1_141' title='bbox 1978 420 2067 472; x_wconf 96' lang='lat'><strong>2|.</strong></span> <span class='ocrx_word' id='word_1_142' title='bbox 2101 420 2175 473; x_wconf 89' lang='lat' dir='ltr'><strong>De</strong></span> <span class='ocrx_word' id='word_1_143' title='bbox 2204 418 2400 488; x_wconf 74' lang='lat' dir='ltr'><strong>altario</strong></span> <span class='ocrx_word' id='word_1_144' title='bbox 2420 435 2525 473; x_wconf 91' lang='lat' dir='ltr'><strong>non</strong></span> <span class='ocrx_word' id='word_1_145' title='bbox 2555 422 2922 475; x_wconf 84' lang='lat' dir='ltr'><strong>consecrando</strong></span> <span class='ocrx_word' id='word_1_146' title='bbox 2941 420 3042 474; x_wconf 90' lang='lat' dir='ltr'><strong>nisi</strong></span> <span class='ocrx_word' id='word_1_147' title='bbox 3068 419 3298 488; x_wconf 82' lang='lat' dir='ltr'><strong>lapideo.</strong></span> 
     </span>
    </p>
   </div>
   <div class='ocr_carea' id='block_1_26' title="bbox 1976 485 3095 545">
    <p class='ocr_par' dir='ltr' id='par_1_26' title="bbox 1976 485 3095 545">
     <span class='ocr_line' id='line_1_27' title="bbox 1976 485 3095 545; baseline -0.001 -3"><span class='ocrx_word' id='word_1_148' title='bbox 1976 489 2067 542; x_wconf 88' lang='lat'><strong>22.</strong></span> <span class='ocrx_word' id='word_1_149' title='bbox 2104 489 2179 544; x_wconf 89' lang='lat' dir='ltr'><strong>De</strong></span> <span class='ocrx_word' id='word_1_150' title='bbox 2205 485 2615 543; x_wconf 82' lang='lat' dir='ltr'><strong>conﬁrmatione</strong></span> <span class='ocrx_word' id='word_1_151' title='bbox 2639 505 2763 545; x_wconf 90' lang='lat' dir='ltr'><strong>eum</strong></span> <span class='ocrx_word' id='word_1_152' title='bbox 2782 489 3095 544; x_wconf 82' lang='lat' dir='ltr'><strong>chrismate.</strong></span> 
     </span>
    </p>
   </div>
   <div class='ocr_carea' id='block_1_27' title="bbox 1976 558 2492 626">
    <p class='ocr_par' dir='ltr' id='par_1_27' title="bbox 1976 558 2492 626">
     <span class='ocr_line' id='line_1_28' title="bbox 1976 558 2492 626; baseline -0.002 -15"><span class='ocrx_word' id='word_1_153' title='bbox 1976 558 2066 611; x_wconf 92' lang='lat'><strong>25.</strong></span> <span class='ocrx_word' id='word_1_154' title='bbox 2106 559 2181 612; x_wconf 89' lang='lat' dir='ltr'><strong>De</strong></span> <span class='ocrx_word' id='word_1_155' title='bbox 2205 558 2492 626; x_wconf 88' lang='lat' dir='ltr'><strong>baptismo.</strong></span> 
     </span>
    </p>
   </div>
   <div class='ocr_carea' id='block_1_28' title="bbox 1973 626 3481 697">
    <p class='ocr_par' dir='ltr' id='par_1_28' title="bbox 1973 626 3481 697">
     <span class='ocr_line' id='line_1_29' title="bbox 1973 626 3481 697; baseline 0.003 -17"><span class='ocrx_word' id='word_1_156' title='bbox 1973 627 2064 680; x_wconf 74' lang='lat' dir='ltr'><strong>2t.</strong></span> <span class='ocrx_word' id='word_1_157' title='bbox 2097 627 2172 681; x_wconf 89' lang='lat' dir='ltr'><strong>De</strong></span> <span class='ocrx_word' id='word_1_158' title='bbox 2197 627 2399 696; x_wconf 88' lang='lat' dir='ltr'><strong>pascha</strong></span> <span class='ocrx_word' id='word_1_159' title='bbox 2425 635 2480 681; x_wconf 90' lang='lat' dir='ltr'><strong>et</strong></span> <span class='ocrx_word' id='word_1_160' title='bbox 2501 628 2566 683; x_wconf 90' lang='lat' dir='ltr'><strong>de</strong></span> <span class='ocrx_word' id='word_1_161' title='bbox 2591 629 2676 683; x_wconf 91' lang='lat' dir='ltr'><strong>die</strong></span> <span class='ocrx_word' id='word_1_162' title='bbox 2727 626 2995 683; x_wconf 88' lang='lat' dir='ltr'><strong>dominico</strong></span> <span class='ocrx_word' id='word_1_163' title='bbox 3042 636 3101 681; x_wconf 90' lang='lat' dir='ltr'><strong>et</strong></span> <span class='ocrx_word' id='word_1_164' title='bbox 3151 626 3218 682; x_wconf 83' lang='lat' dir='ltr'><strong>de</strong></span> <span class='ocrx_word' id='word_1_165' title='bbox 3259 627 3481 697; x_wconf 86' lang='lat' dir='ltr'><strong>reliquis</strong></span> 
     </span>
    </p>
   </div>
   <div class='ocr_carea' id='block_1_29' title="bbox 1903 695 2301 752">
    <p class='ocr_par' dir='ltr' id='par_1_29' title="bbox 1903 695 2301 752">
     <span class='ocr_line' id='line_1_30' title="bbox 1903 695 2301 752; baseline -0.008 0"><span class='ocrx_word' id='word_1_166' title='bbox 1903 695 2301 752; x_wconf 71' lang='lat' dir='ltr'><strong>festivitatibus.</strong></span> 
     </span>
    </p>
   </div>
   <div class='ocr_carea' id='block_1_30' title="bbox 1974 765 3280 838">
    <p class='ocr_par' dir='ltr' id='par_1_30' title="bbox 1974 765 3280 838">
     <span class='ocr_line' id='line_1_31' title="bbox 1974 765 3280 838; baseline -0.003 -18"><span class='ocrx_word' id='word_1_167' title='bbox 2096 767 2172 838; x_wconf 74' lang='lat' dir='ltr'><strong>De</strong></span> <span class='ocrx_word' id='word_1_168' title='bbox 2197 766 2398 838; x_wconf 82' lang='lat' dir='ltr'><strong>ieiunio</strong></span> <span class='ocrx_word' id='word_1_169' title='bbox 2425 774 2480 821; x_wconf 89' lang='lat' dir='ltr'><strong>et</strong></span> <span class='ocrx_word' id='word_1_170' title='bbox 2499 767 2911 838; x_wconf 86' lang='lat' dir='ltr'><strong>quadragesima</strong></span> <span class='ocrx_word' id='word_1_171' title='bbox 2933 765 3017 820; x_wconf 86' lang='lat' dir='ltr'><strong>vel</strong></span> <span class='ocrx_word' id='word_1_172' title='bbox 3047 765 3280 838; x_wconf 78' lang='lat' dir='ltr'><strong>letaniis.</strong></span> 
     </span>
    </p>
   </div>
   <div class='ocr_carea' id='block_1_31' title="bbox 1973 835 3482 905">
    <p class='ocr_par' dir='ltr' id='par_1_31' title="bbox 1973 835 3482 905">
     <span class='ocr_line' id='line_1_32' title="bbox 1973 835 3482 905; baseline 0.001 -16"><span class='ocrx_word' id='word_1_173' title='bbox 1973 836 2062 889; x_wconf 88' lang='lat'><strong>26.</strong></span> <span class='ocrx_word' id='word_1_174' title='bbox 2096 836 2166 891; x_wconf 89' lang='lat' dir='ltr'><strong>Ut</strong></span> <span class='ocrx_word' id='word_1_175' title='bbox 2188 835 2854 905; x_wconf 57' lang='lat' dir='ltr'><strong>festivitates&#39;praeclarae</strong></span> <span class='ocrx_word' id='word_1_176' title='bbox 2899 851 3008 890; x_wconf 88' lang='lat' dir='ltr'><strong>non</strong></span> <span class='ocrx_word' id='word_1_177' title='bbox 3049 835 3155 889; x_wconf 83' lang='lat' dir='ltr'><strong>nisi</strong></span> <span class='ocrx_word' id='word_1_178' title='bbox 3192 835 3245 888; x_wconf 89' lang='lat' dir='ltr'><strong>in</strong></span> <span class='ocrx_word' id='word_1_179' title='bbox 3293 835 3482 890; x_wconf 74' lang='lat' dir='ltr'><strong>civita-</strong></span> 
     </span>
    </p>
   </div>
   <div class='ocr_carea' id='block_1_32' title="bbox 1905 906 2990 961">
    <p class='ocr_par' dir='ltr' id='par_1_32' title="bbox 1905 906 2990 961">
     <span class='ocr_line' id='line_1_33' title="bbox 1905 906 2990 961; baseline 0 -2"><span class='ocrx_word' id='word_1_180' title='bbox 1905 906 2051 960; x_wconf 90' lang='lat' dir='ltr'><strong>tibus</strong></span> <span class='ocrx_word' id='word_1_181' title='bbox 2077 913 2170 959; x_wconf 89' lang='lat' dir='ltr'><strong>aut</strong></span> <span class='ocrx_word' id='word_1_182' title='bbox 2194 906 2248 959; x_wconf 91' lang='lat' dir='ltr'><strong>in</strong></span> <span class='ocrx_word' id='word_1_183' title='bbox 2272 906 2404 959; x_wconf 87' lang='lat' dir='ltr'><strong>vicis</strong></span> <span class='ocrx_word' id='word_1_184' title='bbox 2423 906 2654 961; x_wconf 81' lang='lat' dir='ltr'><strong>publicis</strong></span> <span class='ocrx_word' id='word_1_185' title='bbox 2683 912 2990 960; x_wconf 85' lang='lat' dir='ltr'><strong>teneantur.</strong></span> 
     </span>
    </p>
   </div>
   <div class='ocr_carea' id='block_1_33' title="bbox 1975 974 2579 1031">
    <p class='ocr_par' dir='ltr' id='par_1_33' title="bbox 1975 974 2579 1031">
     <span class='ocr_line' id='line_1_34' title="bbox 1975 974 2579 1031; baseline -0.003 -3"><span class='ocrx_word' id='word_1_186' title='bbox 1975 974 2066 1028; x_wconf 85' lang='lat'><strong>27.</strong></span> <span class='ocrx_word' id='word_1_187' title='bbox 2103 974 2177 1028; x_wconf 88' lang='lat' dir='ltr'><strong>De</strong></span> <span class='ocrx_word' id='word_1_188' title='bbox 2203 975 2307 1029; x_wconf 91' lang='lat' dir='ltr'><strong>hoc</strong></span> <span class='ocrx_word' id='word_1_189' title='bbox 2332 974 2354 1003; x_wconf 84' lang='lat'><strong>’</strong></span> <span class='ocrx_word' id='word_1_190' title='bbox 2384 974 2579 1031; x_wconf 88' lang='lat' dir='ltr'><strong>ollicio.</strong></span> 
     </span>
    </p>
   </div>
   <div class='ocr_carea' id='block_1_34' title="bbox 1974 1041 3485 1105">
    <p class='ocr_par' dir='ltr' id='par_1_34' title="bbox 1974 1041 3485 1105">
     <span class='ocr_line' id='line_1_35' title="bbox 1974 1041 3485 1105; baseline -0.001 -6"><span class='ocrx_word' id='word_1_191' title='bbox 1974 1044 2065 1099; x_wconf 87' lang='lat'><strong>28.</strong></span> <span class='ocrx_word' id='word_1_192' title='bbox 2098 1044 2173 1098; x_wconf 80' lang='lat' dir='ltr'><strong>De</strong></span> <span class='ocrx_word' id='word_1_193' title='bbox 2203 1044 2448 1099; x_wconf 86' lang='lat' dir='ltr'><strong>ecclesiis</strong></span> <span class='ocrx_word' id='word_1_194' title='bbox 2489 1043 2857 1105; x_wconf 89' lang='lat' dir='ltr'><strong>emendandis,</strong></span> <span class='ocrx_word' id='word_1_195' title='bbox 2908 1052 2967 1096; x_wconf 92' lang='lat' dir='ltr'><strong>ut</strong></span> <span class='ocrx_word' id='word_1_196' title='bbox 2994 1041 3085 1096; x_wconf 88' lang='lat' dir='ltr'><strong>ubi</strong></span> <span class='ocrx_word' id='word_1_197' title='bbox 3121 1041 3173 1095; x_wconf 91' lang='lat' dir='ltr'><strong>in</strong></span> <span class='ocrx_word' id='word_1_198' title='bbox 3220 1058 3325 1097; x_wconf 90' lang='lat' dir='ltr'><strong>uno</strong></span> <span class='ocrx_word' id='word_1_199' title='bbox 3365 1046 3485 1100; x_wconf 89' lang='lat' dir='ltr'><strong>loco</strong></span> 
     </span>
    </p>
   </div>
   <div class='ocr_carea' id='block_1_35' title="bbox 1903 1112 3482 1183">
    <p class='ocr_par' dir='ltr' id='par_1_35' title="bbox 1903 1112 3482 1183">
     <span class='ocr_line' id='line_1_36' title="bbox 1903 1112 3482 1183; baseline 0.001 -16"><span class='ocrx_word' id='word_1_200' title='bbox 1903 1112 2085 1182; x_wconf 88' lang='lat' dir='ltr'><strong>plures</strong></span> <span class='ocrx_word' id='word_1_201' title='bbox 2110 1121 2236 1168; x_wconf 91' lang='lat' dir='ltr'><strong>sunt</strong></span> <span class='ocrx_word' id='word_1_202' title='bbox 2263 1128 2427 1183; x_wconf 67' lang='lat' dir='ltr'><strong>quam</strong></span> <span class='ocrx_word' id='word_1_203' title='bbox 2451 1128 2675 1169; x_wconf 72' lang='lat' dir='ltr'><strong>necesse</strong></span> <span class='ocrx_word' id='word_1_204' title='bbox 2695 1121 2795 1175; x_wconf 89' lang='lat' dir='ltr'><strong>est,</strong></span> <span class='ocrx_word' id='word_1_205' title='bbox 2826 1114 3175 1167; x_wconf 83' lang='lat' dir='ltr'><strong>destruantur</strong></span> <span class='ocrx_word' id='word_1_206' title='bbox 3202 1128 3342 1182; x_wconf 73' lang='lat' dir='ltr'><strong>quae</strong></span> <span class='ocrx_word' id='word_1_207' title='bbox 3390 1132 3482 1169; x_wconf 85' lang='lat' dir='ltr'><strong>ne-</strong></span> 
     </span>
    </p>
   </div>
   <div class='ocr_carea' id='block_1_36' title="bbox 1905 1182 3160 1249">
    <p class='ocr_par' dir='ltr' id='par_1_36' title="bbox 1905 1182 3160 1249">
     <span class='ocr_line' id='line_1_37' title="bbox 1905 1182 3160 1249; baseline -0.003 -12"><span class='ocrx_word' id='word_1_208' title='bbox 1905 1183 2173 1237; x_wconf 88' lang='lat' dir='ltr'><strong>cessariae</strong></span> <span class='ocrx_word' id='word_1_209' title='bbox 2205 1182 2309 1237; x_wconf 83' lang='lat' dir='ltr'><strong>non</strong></span> <span class='ocrx_word' id='word_1_210' title='bbox 2333 1192 2478 1249; x_wconf 89' lang='lat' dir='ltr'><strong>sunt,</strong></span> <span class='ocrx_word' id='word_1_211' title='bbox 2506 1191 2560 1238; x_wconf 90' lang='lat' dir='ltr'><strong>et</strong></span> <span class='ocrx_word' id='word_1_212' title='bbox 2593 1182 2731 1237; x_wconf 87' lang='lat' dir='ltr'><strong>aliae</strong></span> <span class='ocrx_word' id='word_1_213' title='bbox 2759 1188 3160 1238; x_wconf 87' lang='lat' dir='ltr'><strong>construantur.</strong></span> 
     </span>
    </p>
   </div>
   <div class='ocr_carea' id='block_1_37' title="bbox 1975 1252 3108 1308">
    <p class='ocr_par' dir='ltr' id='par_1_37' title="bbox 1975 1252 3108 1308">
     <span class='ocr_line' id='line_1_38' title="bbox 1975 1252 3108 1308; baseline -0.003 -3"><span class='ocrx_word' id='word_1_214' title='bbox 1975 1252 2064 1305; x_wconf 85' lang='lat'><strong>29.</strong></span> <span class='ocrx_word' id='word_1_215' title='bbox 2098 1253 2173 1306; x_wconf 89' lang='lat' dir='ltr'><strong>De</strong></span> <span class='ocrx_word' id='word_1_216' title='bbox 2201 1252 2445 1308; x_wconf 88' lang='lat' dir='ltr'><strong>ecclesiis</strong></span> <span class='ocrx_word' id='word_1_217' title='bbox 2473 1268 2578 1307; x_wconf 92' lang='lat' dir='ltr'><strong>non</strong></span> <span class='ocrx_word' id='word_1_218' title='bbox 2602 1254 2739 1307; x_wconf 91' lang='lat' dir='ltr'><strong>bene</strong></span> <span class='ocrx_word' id='word_1_219' title='bbox 2765 1252 3108 1306; x_wconf 78' lang='lat' dir='ltr'><strong>constructis.</strong></span> 
     </span>
    </p>
   </div>
   <div class='ocr_carea' id='block_1_38' title="bbox 1974 1321 3485 1391">
    <p class='ocr_par' dir='ltr' id='par_1_38' title="bbox 1974 1321 3485 1391">
     <span class='ocr_line' id='line_1_39' title="bbox 1974 1321 3485 1391; baseline 0 -15"><span class='ocrx_word' id='word_1_220' title='bbox 1974 1321 2065 1376; x_wconf 89' lang='lat'><strong>50.</strong></span> <span class='ocrx_word' id='word_1_221' title='bbox 2096 1322 2172 1376; x_wconf 90' lang='lat' dir='ltr'><strong>De</strong></span> <span class='ocrx_word' id='word_1_222' title='bbox 2194 1321 2391 1376; x_wconf 89' lang='lat' dir='ltr'><strong>iudicio</strong></span> <span class='ocrx_word' id='word_1_223' title='bbox 2412 1322 2775 1391; x_wconf 83' lang='lat' dir='ltr'><strong>poenitentiae</strong></span> <span class='ocrx_word' id='word_1_224' title='bbox 2803 1323 2870 1376; x_wconf 90' lang='lat' dir='ltr'><strong>ad</strong></span> <span class='ocrx_word' id='word_1_225' title='bbox 2909 1321 3353 1390; x_wconf 77' lang='lat' dir='ltr'><strong>interrogandum</strong></span> <span class='ocrx_word' id='word_1_226' title='bbox 3396 1338 3485 1376; x_wconf 90' lang='lat' dir='ltr'><strong>rc-</strong></span> 
     </span>
    </p>
   </div>
   <div class='ocr_carea' id='block_1_39' title="bbox 1905 1389 3488 1491">
    <p class='ocr_par' dir='ltr' id='par_1_39' title="bbox 1905 1389 3488 1491">
     <span class='ocr_line' id='line_1_40' title="bbox 1905 1389 3488 1491; baseline 0.002 -48"><span class='ocrx_word' id='word_1_227' title='bbox 1905 1389 2309 1491; x_wconf 31' lang='lat' dir='ltr'><strong>liquimusnper</strong></span> <span class='ocrx_word' id='word_1_228' title='bbox 2343 1389 2521 1491; x_wconf 45' lang='lat' dir='ltr'><strong>quem.</strong></span> <span class='ocrx_word' id='word_1_229' title='bbox 2552 1391 3094 1491; x_wconf 44' lang='lat' dir='ltr'><strong>poen.itle.nti_alemr&quot;°</strong></span> <span class='ocrx_word' id='word_1_230' title='bbox 3125 1389 3205 1443; x_wconf 85' lang='lat' dir='ltr'><strong>vel</strong></span> <span class='ocrx_word' id='word_1_231' title='bbox 3257 1392 3488 1491; x_wconf 46' lang='lat' dir='ltr'><strong>qualiter</strong></span> 
     </span>
    </p>
   </div>
   <div class='ocr_carea' id='block_1_40' title="bbox 1905 1459 3487 1531">
    <p class='ocr_par' dir='ltr' id='par_1_40' title="bbox 1905 1459 3487 1531">
     <span class='ocr_line' id='line_1_41' title="bbox 1905 1459 3487 1531; baseline 0.002 -18"><span class='ocrx_word' id='word_1_232' title='bbox 1905 1459 2143 1516; x_wconf 80' lang='lat' dir='ltr'><strong>iudicent</strong></span> <span class='ocrx_word' id='word_1_233' title='bbox 2187 1459 2227 1491; x_wconf 79' lang='lat'>“</span> <span class='ocrx_word' id='word_1_234' title='bbox 2252 1459 2618 1530; x_wconf 81' lang='lat' dir='ltr'><strong>poenitentcs;</strong></span> <span class='ocrx_word' id='word_1_235' title='bbox 2650 1469 2705 1514; x_wconf 89' lang='lat' dir='ltr'><strong>et</strong></span> <span class='ocrx_word' id='word_1_236' title='bbox 2732 1461 2798 1515; x_wconf 87' lang='lat' dir='ltr'><strong>de</strong></span> <span class='ocrx_word' id='word_1_237' title='bbox 2841 1461 3151 1524; x_wconf 87' lang='lat' dir='ltr'><strong>incestihus,</strong></span> <span class='ocrx_word' id='word_1_238' title='bbox 3202 1459 3398 1531; x_wconf 84' lang='lat' dir='ltr'><strong>quibus</strong></span> <span class='ocrx_word' id='word_1_239' title='bbox 3425 1464 3487 1516; x_wconf 91' lang='lat' dir='ltr'><strong>li-</strong></span> 
     </span>
    </p>
   </div>
   <div class='ocr_carea' id='block_1_41' title="bbox 1904 1531 2745 1601">
    <p class='ocr_par' dir='ltr' id='par_1_41' title="bbox 1904 1531 2745 1601">
     <span class='ocr_line' id='line_1_42' title="bbox 1904 1531 2745 1601; baseline 0 -18"><span class='ocrx_word' id='word_1_240' title='bbox 1904 1539 2023 1584; x_wconf 90' lang='lat' dir='ltr'><strong>ceat</strong></span> <span class='ocrx_word' id='word_1_241' title='bbox 2046 1531 2270 1601; x_wconf 13' lang='lat' dir='ltr'><strong>iungere,</strong></span> <span class='ocrx_word' id='word_1_242' title='bbox 2302 1532 2365 1595; x_wconf 86' lang='lat'><strong>&quot;,</strong></span> <span class='ocrx_word' id='word_1_243' title='bbox 2396 1531 2591 1601; x_wconf 86' lang='lat' dir='ltr'><strong>quibus</strong></span> <span class='ocrx_word' id='word_1_244' title='bbox 2617 1547 2745 1585; x_wconf 92' lang='lat' dir='ltr'><strong>non.</strong></span> 
     </span>
    </p>
   </div>
   <div class='ocr_carea' id='block_1_42' title="bbox 1976 1598 3490 1669">
    <p class='ocr_par' dir='ltr' id='par_1_42' title="bbox 1976 1598 3490 1669">
     <span class='ocr_line' id='line_1_43' title="bbox 1976 1598 3490 1669; baseline -0.001 -14"><span class='ocrx_word' id='word_1_245' title='bbox 1976 1601 2065 1655; x_wconf 91' lang='lat' dir='ltr'><strong>5l.</strong></span> <span class='ocrx_word' id='word_1_246' title='bbox 2104 1598 2178 1654; x_wconf 83' lang='lat' dir='ltr'><strong>De</strong></span> <span class='ocrx_word' id='word_1_247' title='bbox 2205 1598 2483 1655; x_wconf 83' lang='lat' dir='ltr'><strong>elimosina</strong></span> <span class='ocrx_word' id='word_1_248' title='bbox 2513 1600 2771 1655; x_wconf 89' lang='lat' dir='ltr'><strong>mittenda</strong></span> <span class='ocrx_word' id='word_1_249' title='bbox 2818 1600 2871 1653; x_wconf 89' lang='lat' dir='ltr'><strong>in</strong></span> <span class='ocrx_word' id='word_1_250' title='bbox 2906 1598 3240 1653; x_wconf 82' lang='lat' dir='ltr'><strong>Hierusalem</strong></span> <span class='ocrx_word' id='word_1_251' title='bbox 3268 1608 3490 1669; x_wconf 80' lang='lat' dir='ltr'><strong>propter</strong></span> 
     </span>
    </p>
   </div>
   <div class='ocr_carea' id='block_1_43' title="bbox 294 1666 3484 1763">
    <p class='ocr_par' dir='ltr' id='par_1_43' title="bbox 294 1666 3484 1763">
     <span class='ocr_line' id='line_1_44' title="bbox 294 1666 3484 1763; baseline 0 -40"><span class='ocrx_word' id='word_1_252' title='bbox 294 1669 386 1723; x_wconf 76' lang='grc'>12.</span> <span class='ocrx_word' id='word_1_253' title='bbox 417 1668 570 1736; x_wconf 90' lang='lat' dir='ltr'><strong>Quod</strong></span> <span class='ocrx_word' id='word_1_254' title='bbox 600 1683 707 1723; x_wconf 92' lang='lat' dir='ltr'><strong>non</strong></span> <span class='ocrx_word' id='word_1_255' title='bbox 734 1666 981 1739; x_wconf 75' lang='lat' dir='ltr'><strong>oporteat</strong></span> <span class='ocrx_word' id='word_1_256' title='bbox 997 1666 1220 1725; x_wconf 76' lang='lat' dir='ltr'><strong>solvere</strong></span> <span class='ocrx_word' id='word_1_257' title='bbox 1242 1670 1265 1701; x_wconf 81' lang='grc'><strong><em>⁸</em></strong></span> <span class='ocrx_word' id='word_1_258' title='bbox 1294 1666 1561 1739; x_wconf 80' lang='lat' dir='ltr'><strong>quoslibet</strong></span> <span class='ocrx_word' id='word_1_259' title='bbox 1597 1666 1682 1722; x_wconf 85' lang='lat' dir='ltr'><strong>vel</strong></span> <span class='ocrx_word' id='word_1_260' title='bbox 1709 1680 1799 1721; x_wconf 91' lang='lat' dir='ltr'><strong>or-</strong></span> <span class='ocrx_word' id='word_1_261' title='bbox 1834 1703 1882 1763; x_wconf 69' lang='grc' dir='ltr'><strong>Β</strong></span> <span class='ocrx_word' id='word_1_262' title='bbox 1905 1670 2160 1763; x_wconf 58' lang='lat' dir='ltr'><strong>ccggsius</strong></span> <span class='ocrx_word' id='word_1_263' title='bbox 2189 1670 2966 1763; x_wconf 48' lang='lat' dir='ltr'><strong>Dcinrest‘aurandasproximo</strong></span> <span class='ocrx_word' id='word_1_264' title='bbox 2990 1669 3032 1699; x_wconf 85' lang='grc'><strong>¹³</strong></span> <span class='ocrx_word' id='word_1_265' title='bbox 3063 1668 3227 1763; x_wconf 75' lang='lat' dir='ltr'><strong>uatali</strong></span> <span class='ocrx_word' id='word_1_266' title='bbox 3254 1666 3484 1763; x_wconf 73' lang='lat' dir='ltr'><strong>ﬂumini.</strong></span> 
     </span>
    </p>
   </div>
   <div class='ocr_carea' id='block_1_44' title="bbox 224 1740 1805 1933">
    <p class='ocr_par' dir='ltr' id='par_1_44' title="bbox 224 1740 1805 1933">
     <span class='ocr_line' id='line_1_45' title="bbox 224 1740 1805 1933; baseline 0 -71"><span class='ocrx_word' id='word_1_267' title='bbox 515 1822 693 1873; x_wconf 88' lang='lat' dir='ltr'><strong>servo,</strong></span> <span class='ocrx_word' id='word_1_268' title='bbox 722 1808 769 1863; x_wconf 87' lang='lat' dir='ltr'><strong>si</strong></span> <span class='ocrx_word' id='word_1_269' title='bbox 799 1808 1070 1865; x_wconf 85' lang='lat' dir='ltr'><strong>nesciente</strong></span> <span class='ocrx_word' id='word_1_270' title='bbox 1097 1809 1316 1865; x_wconf 91' lang='lat' dir='ltr'><strong>domino</strong></span> <span class='ocrx_word' id='word_1_271' title='bbox 1369 1822 1468 1864; x_wconf 84' lang='lat' dir='ltr'><strong>suo</strong></span> <span class='ocrx_word' id='word_1_272' title='bbox 1511 1806 1676 1862; x_wconf 80' lang='lat' dir='ltr'><strong>fuerit</strong></span> <span class='ocrx_word' id='word_1_273' title='bbox 1711 1821 1805 1862; x_wconf 82' lang='lat' dir='ltr'><strong>or-</strong></span> 
     </span>
    </p>
   </div>
   <div class='ocr_carea' id='block_1_45' title="bbox 297 1946 1810 2015">
    <p class='ocr_par' dir='ltr' id='par_1_45' title="bbox 297 1946 1810 2015">
     <span class='ocr_line' id='line_1_46' title="bbox 297 1946 1810 2015; baseline 0.002 -15"><span class='ocrx_word' id='word_1_274' title='bbox 297 1948 384 2001; x_wconf 73' lang='grc'>14.</span> <span class='ocrx_word' id='word_1_275' title='bbox 417 1948 569 2015; x_wconf 85' lang='lat' dir='ltr'><strong>Quod</strong></span> <span class='ocrx_word' id='word_1_276' title='bbox 589 1962 695 2003; x_wconf 90' lang='lat' dir='ltr'><strong>non</strong></span> <span class='ocrx_word' id='word_1_277' title='bbox 726 1946 884 2002; x_wconf 89' lang='lat' dir='ltr'><strong>liceat</strong></span> <span class='ocrx_word' id='word_1_278' title='bbox 908 1947 1161 2002; x_wconf 83' lang='lat' dir='ltr'><strong>clericum</strong></span> <span class='ocrx_word' id='word_1_279' title='bbox 1187 1947 1241 2001; x_wconf 90' lang='lat' dir='ltr'><strong>in</strong></span> <span class='ocrx_word' id='word_1_280' title='bbox 1263 1947 1472 2003; x_wconf 91' lang='lat' dir='ltr'><strong>duabus</strong></span> <span class='ocrx_word' id='word_1_281' title='bbox 1498 1946 1810 2003; x_wconf 85' lang='lat' dir='ltr'><strong>civitatibus</strong></span> 
     </span>
    </p>
   </div>
   <div class='ocr_carea' id='block_1_46' title="bbox 1980 1739 3487 1810">
    <p class='ocr_par' dir='ltr' id='par_1_46' title="bbox 1980 1739 3487 1810">
     <span class='ocr_line' id='line_1_47' title="bbox 1980 1739 3487 1810; baseline -0.001 -17"><span class='ocrx_word' id='word_1_282' title='bbox 1980 1740 2069 1793; x_wconf 87' lang='lat'><strong>52.</strong></span> <span class='ocrx_word' id='word_1_283' title='bbox 2104 1739 2173 1795; x_wconf 91' lang='lat' dir='ltr'><strong>Ut</strong></span> <span class='ocrx_word' id='word_1_284' title='bbox 2202 1739 2382 1794; x_wconf 89' lang='lat' dir='ltr'><strong>nullus</strong></span> <span class='ocrx_word' id='word_1_285' title='bbox 2411 1740 2572 1794; x_wconf 90' lang='lat' dir='ltr'><strong>homo</strong></span> <span class='ocrx_word' id='word_1_286' title='bbox 2594 1739 3191 1810; x_wconf 23' lang='lat' dir='ltr'><strong>malignisicousentiat,</strong></span> <span class='ocrx_word' id='word_1_287' title='bbox 3224 1741 3317 1792; x_wconf 88' lang='lat' dir='ltr'><strong>sed</strong></span> <span class='ocrx_word' id='word_1_288' title='bbox 3365 1755 3487 1810; x_wconf 87' lang='lat' dir='ltr'><strong>ma-</strong></span> 
     </span>
    </p>
   </div>
   <div class='ocr_carea' id='block_1_47' title="bbox 1910 1807 3488 1879">
    <p class='ocr_par' dir='ltr' id='par_1_47' title="bbox 1910 1807 3488 1879">
     <span class='ocr_line' id='line_1_48' title="bbox 1910 1807 3488 1879; baseline 0.001 -15"><span class='ocrx_word' id='word_1_289' title='bbox 1910 1810 1992 1879; x_wconf 91' lang='lat' dir='ltr'><strong>gis</strong></span> <span class='ocrx_word' id='word_1_290' title='bbox 2018 1810 2070 1863; x_wconf 92' lang='lat' dir='ltr'><strong>in</strong></span> <span class='ocrx_word' id='word_1_291' title='bbox 2097 1817 2353 1877; x_wconf 86' lang='lat' dir='ltr'><strong>quantum</strong></span> <span class='ocrx_word' id='word_1_292' title='bbox 2382 1818 2558 1879; x_wconf 88' lang='lat' dir='ltr'><strong>potest</strong></span> <span class='ocrx_word' id='word_1_293' title='bbox 2582 1807 2817 1863; x_wconf 73' lang='lat' dir='ltr'><strong>resistat.</strong></span> <span class='ocrx_word' id='word_1_294' title='bbox 2851 1809 2921 1864; x_wconf 88' lang='lat' dir='ltr'><strong>Ut</strong></span> <span class='ocrx_word' id='word_1_295' title='bbox 2963 1823 3244 1878; x_wconf 86' lang='lat' dir='ltr'><strong>pauperes,</strong></span> <span class='ocrx_word' id='word_1_296' title='bbox 3312 1807 3488 1865; x_wconf 81' lang='lat' dir='ltr'><strong>orfani</strong></span> 
     </span>
    </p>
   </div>
   <div class='ocr_carea' id='block_1_48' title="bbox 1910 1878 3159 1948">
    <p class='ocr_par' dir='ltr' id='par_1_48' title="bbox 1910 1878 3159 1948">
     <span class='ocr_line' id='line_1_49' title="bbox 1910 1878 3159 1948; baseline -0.003 -13"><span class='ocrx_word' id='word_1_297' title='bbox 1910 1878 1966 1935; x_wconf 86' lang='lat' dir='ltr'><strong>et</strong></span> <span class='ocrx_word' id='word_1_298' title='bbox 1991 1880 2184 1934; x_wconf 86' lang='lat' dir='ltr'><strong>viduae</strong></span> <span class='ocrx_word' id='word_1_299' title='bbox 2211 1887 2265 1933; x_wconf 76' lang='lat' dir='ltr'><strong>et</strong></span> <span class='ocrx_word' id='word_1_300' title='bbox 2284 1878 2545 1934; x_wconf 84' lang='lat' dir='ltr'><strong>ecclesiae</strong></span> <span class='ocrx_word' id='word_1_301' title='bbox 2566 1880 2659 1933; x_wconf 88' lang='lat' dir='ltr'><strong>Dei</strong></span> <span class='ocrx_word' id='word_1_302' title='bbox 2686 1893 2876 1948; x_wconf 84' lang='lat' dir='ltr'><strong>pacem</strong></span> <span class='ocrx_word' id='word_1_303' title='bbox 2907 1878 3159 1932; x_wconf 85' lang='lat' dir='ltr'><strong>habeant.</strong></span> 
     </span>
    </p>
   </div>
   <div class='ocr_carea' id='block_1_49' title="bbox 1982 1948 3490 2030">
    <p class='ocr_par' dir='ltr' id='par_1_49' title="bbox 1982 1948 3490 2030">
     <span class='ocr_line' id='line_1_50' title="bbox 1982 1948 3490 2030; baseline 0 -25"><span class='ocrx_word' id='word_1_304' title='bbox 1982 1950 2073 2005; x_wconf 88' lang='lat'><strong>55.</strong></span> <span class='ocrx_word' id='word_1_305' title='bbox 2101 1948 2172 2004; x_wconf 93' lang='lat' dir='ltr'><strong>Ut</strong></span> <span class='ocrx_word' id='word_1_306' title='bbox 2196 1949 2287 2030; x_wconf 80' lang='lat' dir='ltr'><strong>qui</strong></span> <span class='ocrx_word' id='word_1_307' title='bbox 2331 1950 2582 2030; x_wconf 66' lang='lat' dir='ltr'><strong>monachi</strong></span> <span class='ocrx_word' id='word_1_308' title='bbox 2608 1956 2663 2003; x_wconf 90' lang='lat' dir='ltr'><strong>et</strong></span> <span class='ocrx_word' id='word_1_309' title='bbox 2704 1948 2939 2030; x_wconf 75' lang='lat' dir='ltr'><strong>virgines</strong></span> <span class='ocrx_word' id='word_1_310' title='bbox 2973 1956 3118 2014; x_wconf 91' lang='lat' dir='ltr'><strong>sunt,</strong></span> <span class='ocrx_word' id='word_1_311' title='bbox 3155 1949 3490 2020; x_wconf 88' lang='lat' dir='ltr'><strong>propositum</strong></span> 
     </span>
    </p>
   </div>
   <div class='ocr_carea' id='block_1_50' title="bbox 226 2015 2740 2087">
    <p class='ocr_par' dir='ltr' id='par_1_50' title="bbox 226 2015 2740 2087">
     <span class='ocr_line' id='line_1_51' title="bbox 226 2015 2740 2087; baseline 0 -17"><span class='ocrx_word' id='word_1_312' title='bbox 226 2015 557 2081; x_wconf 88' lang='lat' dir='ltr'><strong>ministrare,</strong></span> <span class='ocrx_word' id='word_1_313' title='bbox 598 2032 698 2072; x_wconf 91' lang='lat' dir='ltr'><strong>nec</strong></span> <span class='ocrx_word' id='word_1_314' title='bbox 725 2017 1011 2073; x_wconf 88' lang='lat' dir='ltr'><strong>abbatibus</strong></span> <span class='ocrx_word' id='word_1_315' title='bbox 1057 2018 1290 2087; x_wconf 85' lang='lat' dir='ltr'><strong>plurima</strong></span> <span class='ocrx_word' id='word_1_316' title='bbox 1336 2019 1668 2074; x_wconf 87' lang='lat' dir='ltr'><strong>monasteria</strong></span> <span class='ocrx_word' id='word_1_317' title='bbox 1713 2026 1808 2072; x_wconf 91' lang='lat' dir='ltr'><strong>aut</strong></span> <span class='ocrx_word' id='word_1_318' title='bbox 1909 2033 2067 2073; x_wconf 90' lang='lat' dir='ltr'><strong>suum</strong></span> <span class='ocrx_word' id='word_1_319' title='bbox 2095 2015 2418 2075; x_wconf 82' lang='lat' dir='ltr'><strong>omnimodis</strong></span> <span class='ocrx_word' id='word_1_320' title='bbox 2437 2019 2740 2074; x_wconf 83' lang='lat' dir='ltr'><strong>observent.</strong></span> 
     </span>
    </p>
   </div>
   <div class='ocr_carea' id='block_1_51' title="bbox 227 2086 640 2143">
    <p class='ocr_par' dir='ltr' id='par_1_51' title="bbox 227 2086 640 2143">
     <span class='ocr_line' id='line_1_52' title="bbox 227 2086 640 2143; baseline -0.007 0"><span class='ocrx_word' id='word_1_321' title='bbox 227 2086 392 2143; x_wconf 82' lang='lat' dir='ltr'><strong>cellas</strong></span> <span class='ocrx_word' id='word_1_322' title='bbox 418 2087 640 2142; x_wconf 86' lang='lat' dir='ltr'><strong>habere.</strong></span> 
     </span>
    </p>
   </div>
   <div class='ocr_carea' id='block_1_52' title="bbox 298 2155 1440 2229">
    <p class='ocr_par' dir='ltr' id='par_1_52' title="bbox 298 2155 1440 2229">
     <span class='ocr_line' id='line_1_53' title="bbox 298 2155 1440 2229; baseline -0.001 -18"><span class='ocrx_word' id='word_1_323' title='bbox 298 2156 387 2229; x_wconf 70' lang='lat' dir='ltr'><strong>i5.</strong></span> <span class='ocrx_word' id='word_1_324' title='bbox 419 2157 497 2229; x_wconf 71' lang='lat' dir='ltr'><strong>De</strong></span> <span class='ocrx_word' id='word_1_325' title='bbox 521 2156 819 2229; x_wconf 84' lang='lat' dir='ltr'><strong>peregrinis</strong></span> <span class='ocrx_word' id='word_1_326' title='bbox 841 2155 1106 2229; x_wconf 82' lang='lat' dir='ltr'><strong>episcopis</strong></span> <span class='ocrx_word' id='word_1_327' title='bbox 1132 2164 1187 2211; x_wconf 88' lang='lat' dir='ltr'><strong>et</strong></span> <span class='ocrx_word' id='word_1_328' title='bbox 1207 2156 1440 2229; x_wconf 79' lang='lat' dir='ltr'><strong>clericis.</strong></span> 
     </span>
    </p>
   </div>
   <div class='ocr_carea' id='block_1_53' title="bbox 300 2225 1806 2299">
    <p class='ocr_par' dir='ltr' id='par_1_53' title="bbox 300 2225 1806 2299">
     <span class='ocr_line' id='line_1_54' title="bbox 300 2225 1806 2299; baseline 0.002 -19"><span class='ocrx_word' id='word_1_329' title='bbox 300 2225 387 2299; x_wconf 66' lang='lat' dir='ltr'><strong>i6.</strong></span> <span class='ocrx_word' id='word_1_330' title='bbox 422 2228 498 2299; x_wconf 83' lang='lat' dir='ltr'><strong>De</strong></span> <span class='ocrx_word' id='word_1_331' title='bbox 525 2225 725 2299; x_wconf 74' lang='lat' dir='ltr'><strong>litteris</strong></span> <span class='ocrx_word' id='word_1_332' title='bbox 751 2225 1180 2299; x_wconf 82' lang='lat' dir='ltr'><strong>peregrinorum,</strong></span> <span class='ocrx_word' id='word_1_333' title='bbox 1215 2236 1271 2282; x_wconf 88' lang='lat' dir='ltr'><strong>et</strong></span> <span class='ocrx_word' id='word_1_334' title='bbox 1294 2227 1508 2283; x_wconf 88' lang='lat' dir='ltr'><strong>clericis</strong></span> <span class='ocrx_word' id='word_1_335' title='bbox 1550 2226 1666 2284; x_wconf 89' lang='lat' dir='ltr'><strong>sine</strong></span> <span class='ocrx_word' id='word_1_336' title='bbox 1713 2227 1806 2283; x_wconf 86' lang='lat' dir='ltr'><strong>lit-</strong></span> 
     </span>
    </p>
   </div>
   <div class='ocr_carea' id='block_1_54' title="bbox 229 2296 810 2352">
    <p class='ocr_par' dir='ltr' id='par_1_54' title="bbox 229 2296 810 2352">
     <span class='ocr_line' id='line_1_55' title="bbox 229 2296 810 2352; baseline 0.002 -3"><span class='ocrx_word' id='word_1_337' title='bbox 229 2296 358 2350; x_wconf 82' lang='lat' dir='ltr'><strong>teris</strong></span> <span class='ocrx_word' id='word_1_338' title='bbox 387 2297 810 2352; x_wconf 84' lang='lat' dir='ltr'><strong>ambulantibus.</strong></span> 
     </span>
    </p>
   </div>
   <div class='ocr_carea' id='block_1_55' title="bbox 300 2364 1803 2449">
    <p class='ocr_par' dir='ltr' id='par_1_55' title="bbox 300 2364 1803 2449">
     <span class='ocr_line' id='line_1_56' title="bbox 300 2364 1803 2449; baseline 0.001 -30"><span class='ocrx_word' id='word_1_339' title='bbox 300 2367 386 2420; x_wconf 81' lang='lat' dir='ltr'><strong>t&#39;l.</strong></span> <span class='ocrx_word' id='word_1_340' title='bbox 417 2365 603 2449; x_wconf 76' lang='lat' dir='ltr'><strong>Qualis</strong></span> <span class='ocrx_word' id='word_1_341' title='bbox 629 2366 711 2422; x_wconf 91' lang='lat' dir='ltr'><strong>vel</strong></span> <span class='ocrx_word' id='word_1_342' title='bbox 742 2364 1113 2449; x_wconf 67' lang='lat' dir='ltr'><strong>proqualibus</strong></span> <span class='ocrx_word' id='word_1_343' title='bbox 1136 2366 1310 2449; x_wconf 83' lang='lat' dir='ltr'><strong>culpis</strong></span> <span class='ocrx_word' id='word_1_344' title='bbox 1337 2364 1565 2449; x_wconf 76' lang='lat' dir='ltr'><strong>quisque</strong></span> <span class='ocrx_word' id='word_1_345' title='bbox 1606 2380 1803 2449; x_wconf 61' lang='lat' dir='ltr'><strong>seguuo</strong></span> 
     </span>
    </p>
   </div>
   <div class='ocr_carea' id='block_1_56' title="bbox 226 2434 1802 2561">
    <p class='ocr_par' dir='ltr' id='par_1_56' title="bbox 226 2434 1802 2561">
     <span class='ocr_line' id='line_1_57' title="bbox 226 2434 1802 2561; baseline 0.001 -72"><span class='ocrx_word' id='word_1_346' title='bbox 226 2434 352 2490; x_wconf 88' lang='lat' dir='ltr'><strong>dum</strong></span> <span class='ocrx_word' id='word_1_347' title='bbox 379 2436 698 2561; x_wconf 50' lang='lat' dir='ltr'><strong>(claouﬁuicam</strong></span> <span class='ocrx_word' id='word_1_348' title='bbox 740 2434 1135 2492; x_wconf 81' lang='lat' dir='ltr'><strong>institutionem</strong></span> <span class='ocrx_word' id='word_1_349' title='bbox 1159 2434 1495 2507; x_wconf 58' lang='lat' dir='ltr'><strong>degradetur&#39;</strong></span> <span class='ocrx_word' id='word_1_350' title='bbox 1521 2436 1587 2492; x_wconf 90' lang='lat' dir='ltr'><strong>de</strong></span> <span class='ocrx_word' id='word_1_351' title='bbox 1623 2434 1802 2492; x_wconf 76' lang='lat' dir='ltr'><strong>oﬁicio</strong></span> 
     </span>
     <span class='ocr_line' id='line_1_58' title="bbox 226 2520 567 2560; baseline 0 -1"><span class='ocrx_word' id='word_1_352' title='bbox 226 2520 379 2560; x_wconf 80' lang='lat' dir='ltr'><strong>sacer</strong></span> <span class='ocrx_word' id='word_1_353' title='bbox 531 2523 567 2560; x_wconf 92' lang='grc' dir='ltr'>ι.</span> 
     </span>
    </p>
   </div>
   <div class='ocr_carea' id='block_1_57' title="bbox 225 2515 567 2560">
    <p class='ocr_par' dir='ltr' id='par_1_57' title="bbox 225 2515 567 2560">
     <span class='ocr_line' id='line_1_59' title="bbox 225 2515 567 2560; baseline 0.003 -1"><span class='ocrx_word' id='word_1_354' title='bbox 225 2515 567 2560; x_wconf 69' lang='lat' dir='ltr'><strong>sacerdotali.</strong></span> 
     </span>
    </p>
   </div>
   <div class='ocr_carea' id='block_1_58' title="bbox 296 2573 1800 2648">
    <p class='ocr_par' dir='ltr' id='par_1_58' title="bbox 296 2573 1800 2648">
     <span class='ocr_line' id='line_1_60' title="bbox 296 2573 1800 2648; baseline 0.002 -20"><span class='ocrx_word' id='word_1_355' title='bbox 296 2576 384 2648; x_wconf 59' lang='lat' dir='ltr'><strong>is.</strong></span> <span class='ocrx_word' id='word_1_356' title='bbox 417 2576 495 2632; x_wconf 87' lang='lat' dir='ltr'><strong>De</strong></span> <span class='ocrx_word' id='word_1_357' title='bbox 535 2575 855 2648; x_wconf 13' lang='lat' dir='ltr'><strong>expulsogah</strong></span> <span class='ocrx_word' id='word_1_358' title='bbox 899 2574 1128 2633; x_wconf 80' lang='lat' dir='ltr'><strong>ecclesia</strong></span> <span class='ocrx_word' id='word_1_359' title='bbox 1173 2583 1228 2635; x_wconf 87' lang='lat' dir='ltr'><strong>ct</strong></span> <span class='ocrx_word' id='word_1_360' title='bbox 1265 2578 1728 2637; x_wconf 69' lang='lat' dir='ltr'><strong>cxcommunicato</strong></span> <span class='ocrx_word' id='word_1_361' title='bbox 1777 2573 1800 2606; x_wconf 82' lang='grc'><strong>⁸</strong></span> 
     </span>
    </p>
   </div>
   <div class='ocr_carea' id='block_1_59' title="bbox 230 2645 1038 2703">
    <p class='ocr_par' dir='ltr' id='par_1_59' title="bbox 230 2645 1038 2703">
     <span class='ocr_line' id='line_1_61' title="bbox 230 2645 1038 2703; baseline 0.006 -7"><span class='ocrx_word' id='word_1_362' title='bbox 230 2645 307 2698; x_wconf 88' lang='lat' dir='ltr'><strong>vel</strong></span> <span class='ocrx_word' id='word_1_363' title='bbox 341 2645 694 2703; x_wconf 48' lang='lat' dir='ltr'><strong>damnato—ab</strong></span> <span class='ocrx_word' id='word_1_364' title='bbox 722 2646 897 2702; x_wconf 77' lang='lat' dir='ltr'><strong>oﬁicio</strong></span> <span class='ocrx_word' id='word_1_365' title='bbox 919 2664 1038 2703; x_wconf 88' lang='lat' dir='ltr'><strong>suo.</strong></span> 
     </span>
    </p>
   </div>
   <div class='ocr_carea' id='block_1_60' title="bbox 297 2716 1618 2776">
    <p class='ocr_par' dir='ltr' id='par_1_60' title="bbox 297 2716 1618 2776">
     <span class='ocr_line' id='line_1_62' title="bbox 297 2716 1618 2776; baseline 0.003 -7"><span class='ocrx_word' id='word_1_366' title='bbox 297 2716 382 2772; x_wconf 88' lang='grc'><strong>19.</strong></span> <span class='ocrx_word' id='word_1_367' title='bbox 410 2716 490 2772; x_wconf 87' lang='lat' dir='ltr'><strong>De</strong></span> <span class='ocrx_word' id='word_1_368' title='bbox 516 2717 704 2774; x_wconf 91' lang='lat' dir='ltr'><strong>ordine</strong></span> <span class='ocrx_word' id='word_1_369' title='bbox 730 2717 1105 2775; x_wconf 86' lang='lat' dir='ltr'><strong>ecclesiastico</strong></span> <span class='ocrx_word' id='word_1_370' title='bbox 1125 2727 1180 2774; x_wconf 89' lang='lat' dir='ltr'><strong>et</strong></span> <span class='ocrx_word' id='word_1_371' title='bbox 1200 2718 1375 2776; x_wconf 82' lang='lat' dir='ltr'><strong>ollicio</strong></span> <span class='ocrx_word' id='word_1_372' title='bbox 1399 2719 1618 2776; x_wconf 87' lang='lat' dir='ltr'><strong>missae.</strong></span> 
     </span>
    </p>
   </div>
   <div class='ocr_carea' id='block_1_61' title="bbox 1979 2087 3487 2159">
    <p class='ocr_par' dir='ltr' id='par_1_61' title="bbox 1979 2087 3487 2159">
     <span class='ocr_line' id='line_1_63' title="bbox 1979 2087 3487 2159; baseline 0 -16"><span class='ocrx_word' id='word_1_373' title='bbox 1979 2088 2067 2143; x_wconf 70' lang='lat'><strong>54.</strong></span> <span class='ocrx_word' id='word_1_374' title='bbox 2100 2087 2285 2159; x_wconf 77' lang='lat' dir='ltr'><strong>Utisti</strong></span> <span class='ocrx_word' id='word_1_375' title='bbox 2312 2103 2602 2159; x_wconf 87' lang='lat' dir='ltr'><strong>mangones</strong></span> <span class='ocrx_word' id='word_1_376' title='bbox 2624 2094 2679 2143; x_wconf 91' lang='lat' dir='ltr'><strong>et</strong></span> <span class='ocrx_word' id='word_1_377' title='bbox 2702 2088 2944 2143; x_wconf 90' lang='lat' dir='ltr'><strong>eotiones</strong></span> <span class='ocrx_word' id='word_1_378' title='bbox 2984 2088 3047 2152; x_wconf 64' lang='grc' dir='ltr'><strong>ιδ,</strong></span> <span class='ocrx_word' id='word_1_379' title='bbox 3068 2088 3160 2157; x_wconf 89' lang='lat' dir='ltr'><strong>qui</strong></span> <span class='ocrx_word' id='word_1_380' title='bbox 3190 2087 3311 2144; x_wconf 84' lang='lat' dir='ltr'><strong>sine</strong></span> <span class='ocrx_word' id='word_1_381' title='bbox 3340 2089 3487 2143; x_wconf 91' lang='lat' dir='ltr'><strong>omni</strong></span> 
     </span>
    </p>
   </div>
   <div class='ocr_carea' id='block_1_62' title="bbox 1907 2156 3487 2228">
    <p class='ocr_par' dir='ltr' id='par_1_62' title="bbox 1907 2156 3487 2228">
     <span class='ocr_line' id='line_1_64' title="bbox 1907 2156 3487 2228; baseline 0.001 -18"><span class='ocrx_word' id='word_1_382' title='bbox 1907 2156 2023 2228; x_wconf 86' lang='lat' dir='ltr'><strong>lege</strong></span> <span class='ocrx_word' id='word_1_383' title='bbox 2045 2157 2346 2228; x_wconf 87' lang='lat' dir='ltr'><strong>vagabundi</strong></span> <span class='ocrx_word' id='word_1_384' title='bbox 2376 2156 2595 2223; x_wconf 80' lang='lat' dir='ltr'><strong>vadunt,</strong></span> <span class='ocrx_word' id='word_1_385' title='bbox 2631 2173 2730 2228; x_wconf 90' lang='lat' dir='ltr'><strong>per</strong></span> <span class='ocrx_word' id='word_1_386' title='bbox 2764 2159 2925 2213; x_wconf 91' lang='lat' dir='ltr'><strong>istam</strong></span> <span class='ocrx_word' id='word_1_387' title='bbox 2951 2156 3153 2212; x_wconf 82' lang='lat' dir='ltr'><strong>terram</strong></span> <span class='ocrx_word' id='word_1_388' title='bbox 3174 2173 3281 2213; x_wconf 89' lang='lat' dir='ltr'><strong>non</strong></span> <span class='ocrx_word' id='word_1_389' title='bbox 3305 2159 3487 2213; x_wconf 86' lang='lat' dir='ltr'><strong>sinan-</strong></span> 
     </span>
    </p>
   </div>
   <div class='ocr_carea' id='block_1_63' title="bbox 1906 2227 3485 2309">
    <p class='ocr_par' dir='ltr' id='par_1_63' title="bbox 1906 2227 3485 2309">
     <span class='ocr_line' id='line_1_65' title="bbox 1906 2227 3485 2309; baseline 0.001 -28"><span class='ocrx_word' id='word_1_390' title='bbox 1906 2227 2296 2309; x_wconf 38' lang='lat' dir='ltr'><strong>turnvagarinae</strong></span> <span class='ocrx_word' id='word_1_391' title='bbox 2328 2227 2668 2309; x_wconf 73' lang='lat' dir='ltr'><strong>deceptiones</strong></span> <span class='ocrx_word' id='word_1_392' title='bbox 2696 2228 2973 2309; x_wconf 56' lang='lat' dir='ltr'><strong>hominum</strong></span> <span class='ocrx_word' id='word_1_393' title='bbox 3012 2242 3209 2309; x_wconf 68' lang='lat' dir='ltr'><strong>agere;</strong></span> <span class='ocrx_word' id='word_1_394' title='bbox 3243 2244 3343 2309; x_wconf 72' lang='lat' dir='ltr'><strong>nec</strong></span> <span class='ocrx_word' id='word_1_395' title='bbox 3394 2229 3485 2309; x_wconf 74' lang='lat' dir='ltr'><strong>isti</strong></span> 
     </span>
    </p>
   </div>
   <div class='ocr_carea' id='block_1_64' title="bbox 1905 2295 3484 2366">
    <p class='ocr_par' dir='ltr' id='par_1_64' title="bbox 1905 2295 3484 2366">
     <span class='ocr_line' id='line_1_66' title="bbox 1905 2295 3484 2366; baseline 0.003 -17"><span class='ocrx_word' id='word_1_396' title='bbox 1905 2298 2035 2352; x_wconf 89' lang='lat' dir='ltr'><strong>nudi</strong></span> <span class='ocrx_word' id='word_1_397' title='bbox 2065 2295 2187 2355; x_wconf 80' lang='lat' dir='ltr'><strong>cum</strong></span> <span class='ocrx_word' id='word_1_398' title='bbox 2215 2295 2377 2363; x_wconf 79' lang='lat' dir='ltr'><strong>ferro,</strong></span> <span class='ocrx_word' id='word_1_399' title='bbox 2413 2295 2506 2366; x_wconf 84' lang='lat' dir='ltr'><strong>qui</strong></span> <span class='ocrx_word' id='word_1_400' title='bbox 2532 2298 2719 2353; x_wconf 90' lang='lat' dir='ltr'><strong>dicunt</strong></span> <span class='ocrx_word' id='word_1_401' title='bbox 2757 2313 2817 2353; x_wconf 89' lang='lat' dir='ltr'><strong>se</strong></span> <span class='ocrx_word' id='word_1_402' title='bbox 2852 2297 2977 2352; x_wconf 85' lang='lat' dir='ltr'><strong>data</strong></span> <span class='ocrx_word' id='word_1_403' title='bbox 3014 2295 3117 2352; x_wconf 79' lang='lat' dir='ltr'><strong>sini</strong></span> <span class='ocrx_word' id='word_1_404' title='bbox 3155 2298 3484 2366; x_wconf 88' lang='lat' dir='ltr'><strong>poenitentia</strong></span> 
     </span>
    </p>
   </div>
   <div class='ocr_carea' id='block_1_65' title="bbox 1906 2366 3481 2437">
    <p class='ocr_par' dir='ltr' id='par_1_65' title="bbox 1906 2366 3481 2437">
     <span class='ocr_line' id='line_1_67' title="bbox 1906 2366 3481 2437; baseline 0.001 -17"><span class='ocrx_word' id='word_1_405' title='bbox 1906 2366 1986 2422; x_wconf 90' lang='lat' dir='ltr'><strong>ire</strong></span> <span class='ocrx_word' id='word_1_406' title='bbox 2007 2374 2301 2437; x_wconf 87' lang='lat' dir='ltr'><strong>vagantes;</strong></span> <span class='ocrx_word' id='word_1_407' title='bbox 2345 2366 2536 2422; x_wconf 90' lang='lat' dir='ltr'><strong>melius</strong></span> <span class='ocrx_word' id='word_1_408' title='bbox 2564 2368 2793 2433; x_wconf 89' lang='lat' dir='ltr'><strong>videtur,</strong></span> <span class='ocrx_word' id='word_1_409' title='bbox 2822 2373 2899 2437; x_wconf 89' lang='lat' dir='ltr'><strong>ut</strong></span> <span class='ocrx_word' id='word_1_410' title='bbox 2927 2366 2972 2420; x_wconf 91' lang='lat' dir='ltr'><strong>si</strong></span> <span class='ocrx_word' id='word_1_411' title='bbox 3014 2367 3181 2437; x_wconf 84' lang='lat' dir='ltr'><strong>aliqui</strong></span> <span class='ocrx_word' id='word_1_412' title='bbox 3214 2369 3257 2398; x_wconf 83' lang='grc'><strong>¹⁵</strong></span> <span class='ocrx_word' id='word_1_413' title='bbox 3301 2369 3481 2426; x_wconf 85' lang='lat' dir='ltr'><strong>incon-</strong></span> 
     </span>
    </p>
   </div>
   <div class='ocr_carea' id='block_1_66' title="bbox 1905 2436 3484 2506">
    <p class='ocr_par' dir='ltr' id='par_1_66' title="bbox 1905 2436 3484 2506">
     <span class='ocr_line' id='line_1_68' title="bbox 1905 2436 3484 2506; baseline 0.002 -16"><span class='ocrx_word' id='word_1_414' title='bbox 1905 2445 2117 2491; x_wconf 89' lang='lat' dir='ltr'><strong>suetum</strong></span> <span class='ocrx_word' id='word_1_415' title='bbox 2141 2444 2195 2491; x_wconf 91' lang='lat' dir='ltr'><strong>et</strong></span> <span class='ocrx_word' id='word_1_416' title='bbox 2218 2437 2447 2506; x_wconf 88' lang='lat' dir='ltr'><strong>capitale</strong></span> <span class='ocrx_word' id='word_1_417' title='bbox 2466 2436 2669 2492; x_wconf 90' lang='lat' dir='ltr'><strong>crimen</strong></span> <span class='ocrx_word' id='word_1_418' title='bbox 2710 2436 3119 2501; x_wconf 78' lang='lat' dir='ltr'><strong>commiserunt,</strong></span> <span class='ocrx_word' id='word_1_419' title='bbox 3146 2437 3198 2490; x_wconf 89' lang='lat' dir='ltr'><strong>in</strong></span> <span class='ocrx_word' id='word_1_420' title='bbox 3229 2453 3337 2491; x_wconf 89' lang='lat' dir='ltr'><strong>uno</strong></span> <span class='ocrx_word' id='word_1_421' title='bbox 3366 2439 3484 2493; x_wconf 89' lang='lat' dir='ltr'><strong>loco</strong></span> 
     </span>
    </p>
   </div>
   <div class='ocr_carea' id='block_1_67' title="bbox 1901 2507 3487 2578">
    <p class='ocr_par' dir='ltr' id='par_1_67' title="bbox 1901 2507 3487 2578">
     <span class='ocr_line' id='line_1_69' title="bbox 1901 2507 3487 2578; baseline 0.001 -19"><span class='ocrx_word' id='word_1_422' title='bbox 1901 2514 2259 2578; x_wconf 82' lang='lat' dir='ltr'><strong>permaneant</strong></span> <span class='ocrx_word' id='word_1_423' title='bbox 2294 2509 2602 2563; x_wconf 84' lang='lat' dir='ltr'><strong>laborantes</strong></span> <span class='ocrx_word' id='word_1_424' title='bbox 2650 2517 2704 2562; x_wconf 90' lang='lat' dir='ltr'><strong>et</strong></span> <span class='ocrx_word' id='word_1_425' title='bbox 2731 2507 3049 2578; x_wconf 79' lang='lat' dir='ltr'><strong>servientes,</strong></span> <span class='ocrx_word' id='word_1_426' title='bbox 3107 2514 3164 2578; x_wconf 83' lang='lat' dir='ltr'><strong>et</strong></span> <span class='ocrx_word' id='word_1_427' title='bbox 3207 2508 3487 2578; x_wconf 82' lang='lat' dir='ltr'><strong>poeniten-</strong></span> 
     </span>
    </p>
   </div>
   <div class='ocr_carea' id='block_1_68' title="bbox 1906 2575 3483 2649">
    <p class='ocr_par' dir='ltr' id='par_1_68' title="bbox 1906 2575 3483 2649">
     <span class='ocr_line' id='line_1_70' title="bbox 1906 2575 3483 2649; baseline 0.003 -20"><span class='ocrx_word' id='word_1_428' title='bbox 1906 2575 2038 2629; x_wconf 89' lang='lat' dir='ltr'><strong>tiam</strong></span> <span class='ocrx_word' id='word_1_429' title='bbox 2063 2584 2304 2649; x_wconf 84' lang='lat' dir='ltr'><strong>agentes,</strong></span> <span class='ocrx_word' id='word_1_430' title='bbox 2332 2578 2628 2633; x_wconf 87' lang='lat' dir='ltr'><strong>secundum</strong></span> <span class='ocrx_word' id='word_1_431' title='bbox 2656 2578 2801 2649; x_wconf 90' lang='lat' dir='ltr'><strong>quod</strong></span> <span class='ocrx_word' id='word_1_432' title='bbox 2827 2576 2930 2632; x_wconf 89' lang='lat' dir='ltr'><strong>sibi</strong></span> <span class='ocrx_word' id='word_1_433' title='bbox 2972 2575 3232 2633; x_wconf 80' lang='lat' dir='ltr'><strong>canonice</strong></span> <span class='ocrx_word' id='word_1_434' title='bbox 3280 2576 3483 2647; x_wconf 82' lang='lat' dir='ltr'><strong>inposi-</strong></span> 
     </span>
    </p>
   </div>
   <div class='ocr_carea' id='block_1_69' title="bbox 1904 2648 2140 2711">
    <p class='ocr_par' dir='ltr' id='par_1_69' title="bbox 1904 2648 2140 2711">
     <span class='ocr_line' id='line_1_71' title="bbox 1904 2648 2140 2711; baseline -0.008 -8"><span class='ocrx_word' id='word_1_435' title='bbox 1904 2652 2021 2711; x_wconf 78' lang='lat' dir='ltr'><strong>tum</strong></span> <span class='ocrx_word' id='word_1_436' title='bbox 2051 2648 2140 2703; x_wconf 88' lang='lat' dir='ltr'><strong>sit.</strong></span> 
     </span>
    </p>
   </div>
   <div class='ocr_carea' id='block_1_70' title="bbox 1975 2716 3111 2774">
    <p class='ocr_par' dir='ltr' id='par_1_70' title="bbox 1975 2716 3111 2774">
     <span class='ocr_line' id='line_1_72' title="bbox 1975 2716 3111 2774; baseline -0.004 0"><span class='ocrx_word' id='word_1_437' title='bbox 1975 2718 2065 2774; x_wconf 87' lang='lat'><strong>55.</strong></span> <span class='ocrx_word' id='word_1_438' title='bbox 2106 2718 2182 2774; x_wconf 89' lang='lat' dir='ltr'><strong>De</strong></span> <span class='ocrx_word' id='word_1_439' title='bbox 2206 2718 2494 2774; x_wconf 90' lang='lat' dir='ltr'><strong>concordia</strong></span> <span class='ocrx_word' id='word_1_440' title='bbox 2516 2716 2752 2774; x_wconf 75' lang='lat' dir='ltr'><strong>fidelium</strong></span> <span class='ocrx_word' id='word_1_441' title='bbox 2780 2725 3111 2773; x_wconf 86' lang='lat' dir='ltr'><strong>nostrorum.</strong></span> 
     </span>
    </p>
   </div>
   <div class='ocr_carea' id='block_1_71' title="bbox 1432 2830 2263 2889">
    <p class='ocr_par' dir='ltr' id='par_1_71' title="bbox 1432 2830 2263 2889">
     <span class='ocr_line' id='line_1_73' title="bbox 1432 2830 2263 2889; baseline -0.001 -1"><span class='ocrx_word' id='word_1_442' title='bbox 1432 2830 1824 2888; x_wconf 78' lang='lat' dir='ltr'><strong>VARIANTES</strong></span> <span class='ocrx_word' id='word_1_443' title='bbox 1862 2831 2263 2889; x_wconf 81' lang='lat' dir='ltr'><strong>LECTIONES.</strong></span> 
     </span>
    </p>
   </div>
   <div class='ocr_carea' id='block_1_72' title="bbox 292 2920 3484 2994">
    <p class='ocr_par' dir='ltr' id='par_1_72' title="bbox 292 2920 3484 2994">
     <span class='ocr_line' id='line_1_74' title="bbox 292 2920 3484 2994; baseline -0.001 -18"><span class='ocrx_word' id='word_1_444' title='bbox 292 2923 311 2953; x_wconf 80' lang='lat'><strong>’</strong></span> <span class='ocrx_word' id='word_1_445' title='bbox 338 2921 616 2994; x_wconf 87' lang='lat' dir='ltr'><strong>discipulis</strong></span> <span class='ocrx_word' id='word_1_446' title='bbox 641 2921 693 2977; x_wconf 88' lang='lat' dir='ltr'><strong>l.</strong></span> <span class='ocrx_word' id='word_1_447' title='bbox 719 2921 830 2990; x_wconf 80' lang='lat' dir='ltr'><strong>(sed</strong></span> <span class='ocrx_word' id='word_1_448' title='bbox 855 2922 1034 2978; x_wconf 84' lang='lat' dir='ltr'><strong>eadem</strong></span> <span class='ocrx_word' id='word_1_449' title='bbox 1056 2940 1215 2978; x_wconf 74' lang='lat' dir='ltr'><strong>manu</strong></span> <span class='ocrx_word' id='word_1_450' title='bbox 1238 2922 1839 2994; x_wconf 75' lang='lat' dir='ltr'><strong>superscr._disciplini§)</strong></span> <span class='ocrx_word' id='word_1_451' title='bbox 1857 2922 1917 2994; x_wconf 16' lang='lat'><strong>,6.</strong></span> <span class='ocrx_word' id='word_1_452' title='bbox 1955 2924 2015 2994; x_wconf 55' lang='lat' dir='ltr'><strong>_f</strong></span> <span class='ocrx_word' id='word_1_453' title='bbox 2040 2921 2394 2994; x_wconf 79' lang='lat' dir='ltr'><strong>luminarihus</strong></span> <span class='ocrx_word' id='word_1_454' title='bbox 2418 2921 2486 2994; x_wconf 85' lang='lat' dir='ltr'><strong>B.</strong></span> <span class='ocrx_word' id='word_1_455' title='bbox 2559 2922 2656 2994; x_wconf 55' lang='grc' dir='ltr'><strong>τι).</strong></span> <span class='ocrx_word' id='word_1_456' title='bbox 2682 2921 2974 2994; x_wconf 79' lang='lat' dir='ltr'><strong>secundum</strong></span> <span class='ocrx_word' id='word_1_457' title='bbox 3000 2921 3314 2994; x_wconf 73' lang='lat' dir='ltr'><strong>cauonjcam</strong></span> <span class='ocrx_word' id='word_1_458' title='bbox 3338 2920 3484 2994; x_wconf 73' lang='lat' dir='ltr'><strong>v._{.‘.</strong></span> 
     </span>
    </p>
   </div>
   <div class='ocr_carea' id='block_1_73' title="bbox 219 2988 3482 3065">
    <p class='ocr_par' dir='ltr' id='par_1_73' title="bbox 219 2988 3482 3065">
     <span class='ocr_line' id='line_1_75' title="bbox 219 2988 3482 3065; baseline -0.001 -19"><span class='ocrx_word' id='word_1_459' title='bbox 219 2988 650 3065; x_wconf 69' lang='lat' dir='ltr'><strong>‘__secu_larem_l.</strong></span> <span class='ocrx_word' id='word_1_460' title='bbox 728 2988 1245 3065; x_wconf 10' lang='lat' dir='ltr'><strong>&#39;_sal‘va.i...‘auctor.</strong></span> <span class='ocrx_word' id='word_1_461' title='bbox 1274 2988 1735 3065; x_wconf 5' lang='lat' dir='ltr'><strong>desuMngangfl.</strong></span> <span class='ocrx_word' id='word_1_462' title='bbox 1768 2988 1917 3065; x_wconf 68' lang='lat' dir='ltr'><strong>calo.</strong></span> <span class='ocrx_word' id='word_1_463' title='bbox 1952 2992 2085 3065; x_wconf 73' lang='lat' dir='ltr'><strong>Tlm.</strong></span> <span class='ocrx_word' id='word_1_464' title='bbox 2110 2992 2233 3065; x_wconf 73' lang='lat' dir='ltr'><strong>Biv.</strong></span> <span class='ocrx_word' id='word_1_465' title='bbox 2275 3060 2289 3065; x_wconf 31' lang='grc' dir='ltr'><strong>Α</strong></span> <span class='ocrx_word' id='word_1_466' title='bbox 2308 2992 2329 3021; x_wconf 77' lang='grc'>⁸</span> <span class='ocrx_word' id='word_1_467' title='bbox 2351 2988 2674 3065; x_wconf 81' lang='lat' dir='ltr'><strong>o.__absolt_ite</strong></span> <span class='ocrx_word' id='word_1_468' title='bbox 2699 3006 2753 3065; x_wconf 86' lang='lat' dir='ltr'><strong>q.</strong></span> <span class='ocrx_word' id='word_1_469' title='bbox 2782 2990 3031 3045; x_wconf 85' lang='lat' dir='ltr'><strong>ordinare</strong></span> <span class='ocrx_word' id='word_1_470' title='bbox 3057 2988 3329 3065; x_wconf 45' lang='grc' dir='ltr'><strong>ϐηϐαηιρ.</strong></span> <span class='ocrx_word' id='word_1_471' title='bbox 3360 2989 3482 3065; x_wconf 61' lang='lat' dir='ltr'><strong>Bia.</strong></span> 
     </span>
    </p>
   </div>
   <div class='ocr_carea' id='block_1_74' title="bbox 231 3058 1360 3118">
    <p class='ocr_par' dir='ltr' id='par_1_74' title="bbox 231 3058 1360 3118">
     <span class='ocr_line' id='line_1_76' title="bbox 231 3058 1360 3118; baseline 0.004 -7"><span class='ocrx_word' id='word_1_472' title='bbox 231 3058 350 3115; x_wconf 78' lang='lat' dir='ltr'><strong>Vat.</strong></span> <span class='ocrx_word' id='word_1_473' title='bbox 376 3061 527 3115; x_wconf 67' lang='grc' dir='ltr'><strong>ϐοῶ.</strong></span> <span class='ocrx_word' id='word_1_474' title='bbox 554 3061 703 3116; x_wconf 83' lang='lat' dir='ltr'><strong>Rem.</strong></span> <span class='ocrx_word' id='word_1_475' title='bbox 738 3062 803 3117; x_wconf 88' lang='lat' dir='ltr'><strong>B.</strong></span> <span class='ocrx_word' id='word_1_476' title='bbox 835 3061 978 3117; x_wconf 78' lang='lat' dir='ltr'><strong>Pilh.</strong></span> <span class='ocrx_word' id='word_1_477' title='bbox 1010 3062 1140 3117; x_wconf 88' lang='lat' dir='ltr'><strong>Par.</strong></span> <span class='ocrx_word' id='word_1_478' title='bbox 1172 3063 1360 3118; x_wconf 86' lang='lat' dir='ltr'><strong>Norm.</strong></span> 
     </span>
    </p>
   </div>
   <div class='ocr_carea' id='block_1_75' title="bbox 1460 3059 3483 3120">
    <p class='ocr_par' dir='ltr' id='par_1_75' title="bbox 1460 3059 3483 3120">
     <span class='ocr_line' id='line_1_77' title="bbox 1460 3059 3483 3120; baseline -0.004 -1"><span class='ocrx_word' id='word_1_479' title='bbox 1460 3064 1481 3094; x_wconf 86' lang='lat'><strong>&quot;</strong></span> <span class='ocrx_word' id='word_1_480' title='bbox 1511 3078 1557 3119; x_wconf 89' lang='lat' dir='ltr'><strong>s.</strong></span> <span class='ocrx_word' id='word_1_481' title='bbox 1587 3059 1705 3119; x_wconf 74' lang='lat' dir='ltr'><strong>sine</strong></span> <span class='ocrx_word' id='word_1_482' title='bbox 1732 3063 1958 3120; x_wconf 89' lang='lat' dir='ltr'><strong>scientia</strong></span> <span class='ocrx_word' id='word_1_483' title='bbox 1982 3061 2181 3118; x_wconf 90' lang='lat' dir='ltr'><strong>domini</strong></span> <span class='ocrx_word' id='word_1_484' title='bbox 2209 3060 2291 3116; x_wconf 91' lang='lat' dir='ltr'><strong>sui</strong></span> <span class='ocrx_word' id='word_1_485' title='bbox 2313 3062 2559 3116; x_wconf 89' lang='lat' dir='ltr'><strong>ordinato</strong></span> <span class='ocrx_word' id='word_1_486' title='bbox 2583 3061 2634 3114; x_wconf 92' lang='lat'><strong>6.</strong></span> <span class='ocrx_word' id='word_1_487' title='bbox 2721 3061 2742 3092; x_wconf 84' lang='grc'>⁸</span> <span class='ocrx_word' id='word_1_488' title='bbox 2766 3076 2829 3115; x_wconf 80' lang='lat' dir='ltr'><strong>ex</strong></span> <span class='ocrx_word' id='word_1_489' title='bbox 2866 3061 3244 3116; x_wconf 87' lang='lat' dir='ltr'><strong>communione</strong></span> <span class='ocrx_word' id='word_1_490' title='bbox 3270 3059 3323 3114; x_wconf 95' lang='lat'><strong>6.</strong></span> <span class='ocrx_word' id='word_1_491' title='bbox 3352 3059 3483 3113; x_wconf 83' lang='lat' dir='ltr'><strong>Illd.</strong></span> 
     </span>
    </p>
   </div>
   <div class='ocr_carea' id='block_1_76' title="bbox 216 3128 3481 3257">
    <p class='ocr_par' dir='ltr' id='par_1_76' title="bbox 216 3128 3481 3257">
     <span class='ocr_line' id='line_1_78' title="bbox 216 3128 3481 3201; baseline 0 -17"><span class='ocrx_word' id='word_1_492' title='bbox 216 3132 779 3187; x_wconf 70' lang='lat' dir='ltr'><strong>excommunicatione</strong></span> <span class='ocrx_word' id='word_1_493' title='bbox 802 3132 853 3186; x_wconf 93' lang='grc'><strong>1.</strong></span> <span class='ocrx_word' id='word_1_494' title='bbox 929 3133 951 3164; x_wconf 77' lang='grc'><strong><em>⁸</em></strong></span> <span class='ocrx_word' id='word_1_495' title='bbox 975 3133 1113 3188; x_wconf 73' lang='lat' dir='ltr'><strong>deest</strong></span> <span class='ocrx_word' id='word_1_496' title='bbox 1138 3132 1205 3187; x_wconf 75' lang='grc' dir='ltr'>ϐ.</span> <span class='ocrx_word' id='word_1_497' title='bbox 1283 3134 1325 3165; x_wconf 78' lang='grc'><strong><em>⁸⁸</em></strong></span> <span class='ocrx_word' id='word_1_498' title='bbox 1451 3148 1576 3187; x_wconf 90' lang='lat' dir='ltr'><strong>nam</strong></span> <span class='ocrx_word' id='word_1_499' title='bbox 1606 3131 1979 3189; x_wconf 84' lang='lat' dir='ltr'><strong>sententialem</strong></span> <span class='ocrx_word' id='word_1_500' title='bbox 2004 3131 2070 3187; x_wconf 86' lang='lat' dir='ltr'><strong>G.</strong></span> <span class='ocrx_word' id='word_1_501' title='bbox 2150 3131 2189 3162; x_wconf 84' lang='grc'>¹¹</span> <span class='ocrx_word' id='word_1_502' title='bbox 2226 3131 2528 3186; x_wconf 88' lang='lat' dir='ltr'><strong>iudicentur</strong></span> <span class='ocrx_word' id='word_1_503' title='bbox 2561 3131 2626 3184; x_wconf 94' lang='lat' dir='ltr'><strong>B.</strong></span> <span class='ocrx_word' id='word_1_504' title='bbox 2660 3128 2725 3185; x_wconf 89' lang='lat' dir='ltr'><strong>G.</strong></span> <span class='ocrx_word' id='word_1_505' title='bbox 2760 3129 2879 3184; x_wconf 86' lang='lat' dir='ltr'><strong>Bal.</strong></span> <span class='ocrx_word' id='word_1_506' title='bbox 2956 3131 3000 3161; x_wconf 82' lang='grc'>¹²</span> <span class='ocrx_word' id='word_1_507' title='bbox 3033 3131 3312 3201; x_wconf 86' lang='lat' dir='ltr'><strong>iniungere</strong></span> <span class='ocrx_word' id='word_1_508' title='bbox 3358 3129 3481 3184; x_wconf 85' lang='lat' dir='ltr'><strong>Bal.</strong></span> 
     </span>
     <span class='ocr_line' id='line_1_79' title="bbox 222 3147 1753 3257; baseline 0.001 -2"><span class='ocrx_word' id='word_1_509' title='bbox 222 3200 265 3231; x_wconf 78' lang='lat'>“</span> <span class='ocrx_word' id='word_1_510' title='bbox 287 3202 344 3255; x_wconf 90' lang='lat' dir='ltr'><strong>in</strong></span> <span class='ocrx_word' id='word_1_511' title='bbox 373 3216 430 3257; x_wconf 82' lang='grc' dir='ltr'><strong>ι).</strong></span> <span class='ocrx_word' id='word_1_512' title='bbox 456 3200 509 3255; x_wconf 91' lang='lat'><strong>6.</strong></span> <span class='ocrx_word' id='word_1_513' title='bbox 543 3201 665 3256; x_wconf 88' lang='lat' dir='ltr'><strong>Bal.</strong></span> <span class='ocrx_word' id='word_1_514' title='bbox 742 3202 786 3234; x_wconf 74' lang='lat'>“</span> <span class='ocrx_word' id='word_1_515' title='bbox 810 3202 1082 3257; x_wconf 89' lang='lat' dir='ltr'><strong>cocliones</strong></span> <span class='ocrx_word' id='word_1_516' title='bbox 1111 3201 1241 3256; x_wconf 75' lang='grc' dir='ltr'><strong>ΗΜ.</strong></span> <span class='ocrx_word' id='word_1_517' title='bbox 1320 3147 1601 3257; x_wconf 59' lang='lat' dir='ltr'><strong>&#39;Pgliouod</strong></span> <span class='ocrx_word' id='word_1_518' title='bbox 1630 3202 1753 3257; x_wconf 85' lang='lat' dir='ltr'><strong>Bal.</strong></span> 
     </span>
    </p>
   </div>
   <div class='ocr_carea' id='block_1_77' title="bbox 222 3200 1753 3274">
    <p class='ocr_par' dir='ltr' id='par_1_77' title="bbox 222 3200 1753 3274">
     <span class='ocr_line' id='line_1_80' title="bbox 222 3200 1753 3274; baseline 0.002 -19"><span class='ocrx_word' id='word_1_519' title='bbox 222 3200 265 3231; x_wconf 79' lang='lat'><strong>&quot;</strong></span> <span class='ocrx_word' id='word_1_520' title='bbox 287 3202 344 3255; x_wconf 89' lang='lat' dir='ltr'><strong>in</strong></span> <span class='ocrx_word' id='word_1_521' title='bbox 372 3216 430 3271; x_wconf 91' lang='lat' dir='ltr'><strong>p.</strong></span> <span class='ocrx_word' id='word_1_522' title='bbox 456 3200 509 3255; x_wconf 91' lang='lat'><strong>6.</strong></span> <span class='ocrx_word' id='word_1_523' title='bbox 543 3201 665 3256; x_wconf 88' lang='lat' dir='ltr'><strong>Bal.</strong></span> <span class='ocrx_word' id='word_1_524' title='bbox 742 3202 786 3234; x_wconf 72' lang='lat'>“</span> <span class='ocrx_word' id='word_1_525' title='bbox 810 3202 1082 3259; x_wconf 90' lang='lat' dir='ltr'><strong>cocliones</strong></span> <span class='ocrx_word' id='word_1_526' title='bbox 1111 3201 1241 3256; x_wconf 84' lang='lat' dir='ltr'><strong>Hld.</strong></span> <span class='ocrx_word' id='word_1_527' title='bbox 1320 3200 1366 3235; x_wconf 78' lang='lat'>&quot;</span> <span class='ocrx_word' id='word_1_528' title='bbox 1387 3203 1601 3274; x_wconf 87' lang='lat' dir='ltr'><strong>aliquod</strong></span> <span class='ocrx_word' id='word_1_529' title='bbox 1630 3202 1753 3258; x_wconf 88' lang='lat' dir='ltr'><strong>Bal.</strong></span> 
     </span>
    </p>
   </div>
   <div class='ocr_carea' id='block_1_78' title="bbox 1571 3486 2107 3553">
    <p class='ocr_par' dir='ltr' id='par_1_78' title="bbox 1571 3486 2107 3553">
     <span class='ocr_line' id='line_1_81' title="bbox 1571 3486 2107 3553; baseline -0.013 0"><span class='ocrx_word' id='word_1_530' title='bbox 1571 3487 1976 3553; x_wconf 81' lang='lat' dir='ltr'><strong>APPENDIX</strong></span> <span class='ocrx_word' id='word_1_531' title='bbox 2030 3486 2107 3548; x_wconf 91' lang='lat' dir='ltr'><strong>ll.</strong></span> 
     </span>
    </p>
   </div>
   <div class='ocr_carea' id='block_1_79' title="bbox 300 3609 3398 3754">
    <p class='ocr_par' dir='ltr' id='par_1_79' title="bbox 300 3609 3398 3754">
     <span class='ocr_line' id='line_1_82' title="bbox 300 3609 3398 3754; baseline -0.005 -69"><span class='ocrx_word' id='word_1_532' title='bbox 300 3624 458 3685; x_wconf 76' lang='lat' dir='ltr'><strong>Item</strong></span> <span class='ocrx_word' id='word_1_533' title='bbox 490 3619 769 3701; x_wconf 61' lang='lat' dir='ltr'><strong>capitula</strong></span> <span class='ocrx_word' id='word_1_534' title='bbox 795 3618 1007 3681; x_wconf 80' lang='lat' dir='ltr'><strong>damni</strong></span> <span class='ocrx_word' id='word_1_535' title='bbox 1037 3616 1264 3679; x_wconf 74' lang='grc' dir='ltr'><strong>Κανοιὶ</strong></span> <span class='ocrx_word' id='word_1_536' title='bbox 1297 3611 2044 3754; x_wconf 47' lang='grc' dir='ltr'><strong>ἰωρσσιυήέαἳιέἑιέαζια</strong></span> <span class='ocrx_word' id='word_1_537' title='bbox 2071 3618 2115 3687; x_wconf 89' lang='grc'><strong>¹,</strong></span> <span class='ocrx_word' id='word_1_538' title='bbox 2147 3628 2301 3691; x_wconf 76' lang='lat' dir='ltr'><strong>quae</strong></span> <span class='ocrx_word' id='word_1_539' title='bbox 2330 3610 2823 3690; x_wconf 71' lang='lat' dir='ltr'><strong>suprascriptum</strong></span> <span class='ocrx_word' id='word_1_540' title='bbox 2861 3609 3153 3672; x_wconf 75' lang='lat' dir='ltr'><strong>videnlur</strong></span> <span class='ocrx_word' id='word_1_541' title='bbox 3180 3610 3398 3672; x_wconf 77' lang='lat' dir='ltr'><strong>habere</strong></span> 
     </span>
    </p>
   </div>
   <div class='ocr_carea' id='block_1_80' title="bbox 285 3955 3479 4029">
    <p class='ocr_par' dir='ltr' id='par_1_80' title="bbox 285 3955 3479 4029">
     <span class='ocr_line' id='line_1_83' title="bbox 285 3955 3479 4029; baseline -0.002 -10"><span class='ocrx_word' id='word_1_542' title='bbox 285 3971 336 4024; x_wconf 81' lang='grc'><strong>1.</strong></span> <span class='ocrx_word' id='word_1_543' title='bbox 364 3966 441 4021; x_wconf 90' lang='lat' dir='ltr'><strong>De</strong></span> <span class='ocrx_word' id='word_1_544' title='bbox 463 3962 779 4029; x_wconf 88' lang='lat' dir='ltr'><strong>latronibus,</strong></span> <span class='ocrx_word' id='word_1_545' title='bbox 801 3961 940 4017; x_wconf 92' lang='lat' dir='ltr'><strong>sicut</strong></span> <span class='ocrx_word' id='word_1_546' title='bbox 966 3960 1073 4014; x_wconf 92' lang='lat' dir='ltr'><strong>iam</strong></span> <span class='ocrx_word' id='word_1_547' title='bbox 1102 3966 1258 4014; x_wconf 87' lang='lat' dir='ltr'><strong>antea</strong></span> <span class='ocrx_word' id='word_1_548' title='bbox 1297 3957 1318 3989; x_wconf 85' lang='grc'><strong><em>³</em></strong></span> <span class='ocrx_word' id='word_1_549' title='bbox 1365 3958 1419 4013; x_wconf 93' lang='lat' dir='ltr'><strong>in</strong></span> <span class='ocrx_word' id='word_1_550' title='bbox 1449 3957 1556 4013; x_wconf 91' lang='lat' dir='ltr'><strong>alio</strong></span> <span class='ocrx_word' id='word_1_551' title='bbox 1590 3956 1795 4027; x_wconf 89' lang='lat' dir='ltr'><strong>capitu-</strong></span> <span class='ocrx_word' id='word_1_552' title='bbox 1819 3957 1870 4023; x_wconf 88' lang='lat' dir='ltr'><strong>c</strong></span> <span class='ocrx_word' id='word_1_553' title='bbox 1929 3956 2002 4029; x_wconf 78' lang='lat'><strong>__5</strong></span> <span class='ocrx_word' id='word_1_554' title='bbox 2024 3957 2086 4009; x_wconf 75' lang='grc' dir='ltr'><strong>ιθ.</strong></span> <span class='ocrx_word' id='word_1_555' title='bbox 2121 3955 2191 4011; x_wconf 95' lang='lat' dir='ltr'><strong>Ut</strong></span> <span class='ocrx_word' id='word_1_556' title='bbox 2218 3956 2389 4025; x_wconf 87' lang='lat' dir='ltr'><strong>bauga</strong></span> <span class='ocrx_word' id='word_1_557' title='bbox 2426 3955 2462 3986; x_wconf 74' lang='grc'><strong><em>³⁸</em></strong></span> <span class='ocrx_word' id='word_1_558' title='bbox 2488 3963 2546 4009; x_wconf 77' lang='lat' dir='ltr'><strong>et</strong></span> <span class='ocrx_word' id='word_1_559' title='bbox 2570 3955 2795 4011; x_wconf 89' lang='lat' dir='ltr'><strong>bruniae</strong></span> <span class='ocrx_word' id='word_1_560' title='bbox 2829 3970 2935 4009; x_wconf 89' lang='lat' dir='ltr'><strong>non</strong></span> <span class='ocrx_word' id='word_1_561' title='bbox 2965 3956 3160 4010; x_wconf 88' lang='lat' dir='ltr'><strong>dentur</strong></span> <span class='ocrx_word' id='word_1_562' title='bbox 3188 3960 3479 4026; x_wconf 86' lang='lat' dir='ltr'><strong>negotiato-</strong></span> 
     </span>
    </p>
   </div>
   <div class='ocr_carea' id='block_1_81' title="bbox 208 4031 1287 4096">
    <p class='ocr_par' dir='ltr' id='par_1_81' title="bbox 208 4031 1287 4096">
     <span class='ocr_line' id='line_1_84' title="bbox 208 4031 1287 4096; baseline -0.012 -2"><span class='ocrx_word' id='word_1_563' title='bbox 208 4040 312 4094; x_wconf 91' lang='lat' dir='ltr'><strong>lari</strong></span> <span class='ocrx_word' id='word_1_564' title='bbox 342 4033 857 4096; x_wconf 85' lang='lat' dir='ltr'><strong>commendavimus,</strong></span> <span class='ocrx_word' id='word_1_565' title='bbox 899 4031 972 4085; x_wconf 89' lang='lat' dir='ltr'><strong>ita</strong></span> <span class='ocrx_word' id='word_1_566' title='bbox 998 4032 1021 4061; x_wconf 70' lang='grc'><strong><em>⁸</em></strong></span> <span class='ocrx_word' id='word_1_567' title='bbox 1055 4036 1287 4084; x_wconf 89' lang='lat' dir='ltr'><strong>maneat.</strong></span> 
     </span>
    </p>
   </div>
   <div class='ocr_carea' id='block_1_82' title="bbox 278 4094 1789 4165">
    <p class='ocr_par' dir='ltr' id='par_1_82' title="bbox 278 4094 1789 4165">
     <span class='ocr_line' id='line_1_85' title="bbox 278 4094 1789 4165; baseline -0.008 -4"><span class='ocrx_word' id='word_1_568' title='bbox 278 4111 319 4164; x_wconf 80' lang='lat'><strong>2</strong></span> <span class='ocrx_word' id='word_1_569' title='bbox 345 4108 386 4159; x_wconf 88' lang='grc'>⁸.</span> <span class='ocrx_word' id='word_1_570' title='bbox 416 4105 493 4159; x_wconf 90' lang='lat' dir='ltr'><strong>De</strong></span> <span class='ocrx_word' id='word_1_571' title='bbox 516 4094 851 4164; x_wconf 78' lang='lat' dir='ltr'><strong>adventitiis,</strong></span> <span class='ocrx_word' id='word_1_572' title='bbox 870 4110 928 4155; x_wconf 89' lang='lat' dir='ltr'><strong>ut</strong></span> <span class='ocrx_word' id='word_1_573' title='bbox 953 4115 1076 4155; x_wconf 91' lang='lat' dir='ltr'><strong>cum</strong></span> <span class='ocrx_word' id='word_1_574' title='bbox 1104 4099 1255 4153; x_wconf 83' lang='lat' dir='ltr'><strong>missi</strong></span> <span class='ocrx_word' id='word_1_575' title='bbox 1305 4096 1476 4152; x_wconf 92' lang='lat' dir='ltr'><strong>nostri</strong></span> <span class='ocrx_word' id='word_1_576' title='bbox 1522 4096 1591 4151; x_wconf 91' lang='lat' dir='ltr'><strong>ad</strong></span> <span class='ocrx_word' id='word_1_577' title='bbox 1625 4094 1789 4165; x_wconf 90' lang='lat' dir='ltr'><strong>placi-</strong></span> 
     </span>
    </p>
   </div>
   <div class='ocr_carea' id='block_1_83' title="bbox 207 4166 1784 4239">
    <p class='ocr_par' dir='ltr' id='par_1_83' title="bbox 207 4166 1784 4239">
     <span class='ocr_line' id='line_1_86' title="bbox 207 4166 1784 4239; baseline -0.008 -7"><span class='ocrx_word' id='word_1_578' title='bbox 207 4188 323 4234; x_wconf 87' lang='lat' dir='ltr'><strong>tum</strong></span> <span class='ocrx_word' id='word_1_579' title='bbox 346 4175 612 4236; x_wconf 81' lang='lat' dir='ltr'><strong>venerint,</strong></span> <span class='ocrx_word' id='word_1_580' title='bbox 658 4173 891 4226; x_wconf 88' lang='lat' dir='ltr'><strong>habeant</strong></span> <span class='ocrx_word' id='word_1_581' title='bbox 946 4170 1223 4239; x_wconf 89' lang='lat' dir='ltr'><strong>scriptum,</strong></span> <span class='ocrx_word' id='word_1_582' title='bbox 1274 4167 1462 4238; x_wconf 88' lang='lat' dir='ltr'><strong>quanti</strong></span> <span class='ocrx_word' id='word_1_583' title='bbox 1506 4166 1784 4220; x_wconf 90' lang='lat' dir='ltr'><strong>adventitii</strong></span> 
     </span>
    </p>
   </div>
   <div class='ocr_carea' id='block_1_84' title="bbox 204 4238 1788 4319">
    <p class='ocr_par' dir='ltr' id='par_1_84' title="bbox 204 4238 1788 4319">
     <span class='ocr_line' id='line_1_87' title="bbox 204 4238 1788 4319; baseline -0.009 -15"><span class='ocrx_word' id='word_1_584' title='bbox 204 4246 423 4319; x_wconf 78' lang='lat' dir='ltr'><strong>suntin</strong></span> <span class='ocrx_word' id='word_1_585' title='bbox 452 4244 666 4297; x_wconf 90' lang='lat' dir='ltr'><strong>illorum</strong></span> <span class='ocrx_word' id='word_1_586' title='bbox 694 4241 987 4319; x_wconf 74' lang='lat' dir='ltr'><strong>missatico,</strong></span> <span class='ocrx_word' id='word_1_587' title='bbox 1014 4238 1111 4319; x_wconf 80' lang='lat' dir='ltr'><strong>aut</strong></span> <span class='ocrx_word' id='word_1_588' title='bbox 1134 4238 1201 4292; x_wconf 89' lang='lat' dir='ltr'><strong>de</strong></span> <span class='ocrx_word' id='word_1_589' title='bbox 1238 4253 1345 4306; x_wconf 93' lang='lat' dir='ltr'><strong>quo</strong></span> <span class='ocrx_word' id='word_1_590' title='bbox 1367 4251 1509 4319; x_wconf 82' lang='lat' dir='ltr'><strong>pago</strong></span> <span class='ocrx_word' id='word_1_591' title='bbox 1537 4243 1682 4299; x_wconf 90' lang='lat' dir='ltr'><strong>sunt,</strong></span> <span class='ocrx_word' id='word_1_592' title='bbox 1731 4243 1788 4290; x_wconf 90' lang='lat' dir='ltr'><strong>et</strong></span> 
     </span>
    </p>
   </div>
   <div class='ocr_carea' id='block_1_85' title="bbox 205 4311 1526 4379">
    <p class='ocr_par' dir='ltr' id='par_1_85' title="bbox 205 4311 1526 4379">
     <span class='ocr_line' id='line_1_88' title="bbox 205 4311 1526 4379; baseline -0.011 -5"><span class='ocrx_word' id='word_1_593' title='bbox 205 4317 430 4374; x_wconf 88' lang='lat' dir='ltr'><strong>nomina</strong></span> <span class='ocrx_word' id='word_1_594' title='bbox 459 4328 664 4374; x_wconf 92' lang='lat' dir='ltr'><strong>eorum,</strong></span> <span class='ocrx_word' id='word_1_595' title='bbox 696 4319 749 4365; x_wconf 90' lang='lat' dir='ltr'><strong>et</strong></span> <span class='ocrx_word' id='word_1_596' title='bbox 783 4311 872 4379; x_wconf 88' lang='lat' dir='ltr'><strong>qui</strong></span> <span class='ocrx_word' id='word_1_597' title='bbox 905 4317 1030 4364; x_wconf 91' lang='lat' dir='ltr'><strong>sunt</strong></span> <span class='ocrx_word' id='word_1_598' title='bbox 1055 4323 1241 4379; x_wconf 80' lang='lat' dir='ltr'><strong>eorum</strong></span> <span class='ocrx_word' id='word_1_599' title='bbox 1267 4311 1526 4379; x_wconf 66' lang='lat' dir='ltr'><strong>seniores.</strong></span> 
     </span>
    </p>
   </div>
   <div class='ocr_carea' id='block_1_86' title="bbox 277 4375 1787 4453">
    <p class='ocr_par' dir='ltr' id='par_1_86' title="bbox 277 4375 1787 4453">
     <span class='ocr_line' id='line_1_89' title="bbox 277 4375 1787 4453; baseline -0.009 -12"><span class='ocrx_word' id='word_1_600' title='bbox 277 4389 334 4442; x_wconf 93' lang='lat'><strong>5.</strong></span> <span class='ocrx_word' id='word_1_601' title='bbox 368 4384 428 4439; x_wconf 91' lang='lat' dir='ltr'><strong>Si</strong></span> <span class='ocrx_word' id='word_1_602' title='bbox 454 4383 575 4453; x_wconf 89' lang='lat' dir='ltr'><strong>quis</strong></span> <span class='ocrx_word' id='word_1_603' title='bbox 600 4382 666 4436; x_wconf 89' lang='lat' dir='ltr'><strong>de</strong></span> <span class='ocrx_word' id='word_1_604' title='bbox 711 4375 958 4453; x_wconf 71' lang='lat' dir='ltr'><strong>libertate</strong></span> <span class='ocrx_word' id='word_1_605' title='bbox 985 4394 1080 4453; x_wconf 83' lang='lat' dir='ltr'><strong>sua</strong></span> <span class='ocrx_word' id='word_1_606' title='bbox 1110 4378 1269 4453; x_wconf 72' lang='lat' dir='ltr'><strong>fuerit</strong></span> <span class='ocrx_word' id='word_1_607' title='bbox 1295 4375 1685 4453; x_wconf 76' lang='lat' dir='ltr'><strong>interpellatus,</strong></span> <span class='ocrx_word' id='word_1_608' title='bbox 1732 4384 1787 4453; x_wconf 77' lang='lat' dir='ltr'><strong>et</strong></span> 
     </span>
    </p>
   </div>
   <div class='ocr_carea' id='block_1_87' title="bbox 203 4445 1788 4517">
    <p class='ocr_par' dir='ltr' id='par_1_87' title="bbox 203 4445 1788 4517">
     <span class='ocr_line' id='line_1_90' title="bbox 203 4445 1788 4517; baseline -0.008 -5"><span class='ocrx_word' id='word_1_609' title='bbox 203 4458 408 4512; x_wconf 87' lang='lat' dir='ltr'><strong>timens</strong></span> <span class='ocrx_word' id='word_1_610' title='bbox 436 4445 506 4507; x_wconf 76' lang='lat' dir='ltr'><strong>ne</strong></span> <span class='ocrx_word' id='word_1_611' title='bbox 532 4454 584 4507; x_wconf 93' lang='lat' dir='ltr'><strong>in</strong></span> <span class='ocrx_word' id='word_1_612' title='bbox 628 4450 904 4504; x_wconf 86' lang='lat' dir='ltr'><strong>servitium</strong></span> <span class='ocrx_word' id='word_1_613' title='bbox 926 4449 1103 4511; x_wconf 88' lang='lat' dir='ltr'><strong>cadat,</strong></span> <span class='ocrx_word' id='word_1_614' title='bbox 1132 4448 1365 4517; x_wconf 87' lang='lat' dir='ltr'><strong>aliquem</strong></span> <span class='ocrx_word' id='word_1_615' title='bbox 1392 4446 1457 4517; x_wconf 86' lang='lat' dir='ltr'><strong>de</strong></span> <span class='ocrx_word' id='word_1_616' title='bbox 1476 4445 1788 4517; x_wconf 85' lang='lat' dir='ltr'><strong>prepinquis</strong></span> 
     </span>
    </p>
   </div>
   <div class='ocr_carea' id='block_1_88' title="bbox 202 4516 1789 4594">
    <p class='ocr_par' dir='ltr' id='par_1_88' title="bbox 202 4516 1789 4594">
     <span class='ocr_line' id='line_1_91' title="bbox 202 4516 1789 4594; baseline -0.004 -19"><span class='ocrx_word' id='word_1_617' title='bbox 202 4527 338 4589; x_wconf 66' lang='lat' dir='ltr'><strong>suis,</strong></span> <span class='ocrx_word' id='word_1_618' title='bbox 364 4538 468 4594; x_wconf 82' lang='lat' dir='ltr'><strong>per</strong></span> <span class='ocrx_word' id='word_1_619' title='bbox 493 4537 652 4592; x_wconf 89' lang='lat' dir='ltr'><strong>quem</strong></span> <span class='ocrx_word' id='word_1_620' title='bbox 679 4535 740 4574; x_wconf 90' lang='lat' dir='ltr'><strong>se</strong></span> <span class='ocrx_word' id='word_1_621' title='bbox 765 4520 818 4573; x_wconf 91' lang='lat' dir='ltr'><strong>in</strong></span> <span class='ocrx_word' id='word_1_622' title='bbox 846 4518 1122 4573; x_wconf 88' lang='lat' dir='ltr'><strong>servitium</strong></span> <span class='ocrx_word' id='word_1_623' title='bbox 1145 4516 1400 4594; x_wconf 75' lang='lat' dir='ltr'><strong>casurum</strong></span> <span class='ocrx_word' id='word_1_624' title='bbox 1418 4516 1612 4570; x_wconf 90' lang='lat' dir='ltr'><strong>timens</strong></span> <span class='ocrx_word' id='word_1_625' title='bbox 1649 4516 1670 4546; x_wconf 82' lang='lat'><strong>&#39;</strong></span> <span class='ocrx_word' id='word_1_626' title='bbox 1696 4530 1789 4569; x_wconf 89' lang='lat' dir='ltr'><strong>oc-</strong></span> 
     </span>
    </p>
   </div>
   <div class='ocr_carea' id='block_1_89' title="bbox 204 4586 1789 4671">
    <p class='ocr_par' dir='ltr' id='par_1_89' title="bbox 204 4586 1789 4671">
     <span class='ocr_line' id='line_1_92' title="bbox 204 4586 1789 4671; baseline -0.01 -19"><span class='ocrx_word' id='word_1_627' title='bbox 204 4586 427 4671; x_wconf 69' lang='lat' dir='ltr'><strong>ciderit,</strong></span> <span class='ocrx_word' id='word_1_628' title='bbox 450 4586 874 4671; x_wconf 55' lang='lat' dir='ltr'><strong>id&#39;estpatrem,</strong></span> <span class='ocrx_word' id='word_1_629' title='bbox 897 4598 1159 4671; x_wconf 41' lang='lat' dir='ltr'><strong>matrem,</strong></span> <span class='ocrx_word' id='word_1_630' title='bbox 1192 4602 1229 4656; x_wconf 87' lang='lat' dir='ltr'><strong>p</strong></span> <span class='ocrx_word' id='word_1_631' title='bbox 1248 4586 1512 4671; x_wconf 60' lang='lat' dir='ltr'><strong>strueleru,</strong></span> <span class='ocrx_word' id='word_1_632' title='bbox 1550 4600 1789 4671; x_wconf 70' lang='lat' dir='ltr'><strong>avuucu-</strong></span> 
     </span>
    </p>
   </div>
   <div class='ocr_carea' id='block_1_90' title="bbox 203 4655 1789 4743">
    <p class='ocr_par' dir='ltr' id='par_1_90' title="bbox 203 4655 1789 4743">
     <span class='ocr_line' id='line_1_93' title="bbox 203 4655 1789 4743; baseline -0.01 -22"><span class='ocrx_word' id='word_1_633' title='bbox 203 4667 317 4721; x_wconf 86' lang='lat' dir='ltr'><strong>lum</strong></span> <span class='ocrx_word' id='word_1_634' title='bbox 342 4655 757 4743; x_wconf 73' lang='lat' dir='ltr'><strong>vel_quemlibet_</strong></span> <span class='ocrx_word' id='word_1_635' title='bbox 796 4661 815 4690; x_wconf 84' lang='lat'><em>&quot;</em></span> <span class='ocrx_word' id='word_1_636' title='bbox 860 4657 1162 4743; x_wconf 82' lang='lat' dir='ltr'><strong>huiusmodi</strong></span> <span class='ocrx_word' id='word_1_637' title='bbox 1197 4655 1637 4743; x_wconf 65' lang='lat' dir='ltr'><strong>propinquitatis</strong></span> <span class='ocrx_word' id='word_1_638' title='bbox 1667 4669 1789 4743; x_wconf 75' lang='lat' dir='ltr'><strong>per-</strong></span> 
     </span>
    </p>
   </div>
   <div class='ocr_carea' id='block_1_91' title="bbox 200 4725 1787 4814">
    <p class='ocr_par' dir='ltr' id='par_1_91' title="bbox 200 4725 1787 4814">
     <span class='ocr_line' id='line_1_94' title="bbox 200 4725 1787 4814; baseline -0.008 -23"><span class='ocrx_word' id='word_1_639' title='bbox 200 4750 399 4814; x_wconf 74' lang='lat' dir='ltr'><strong>sonam</strong></span> <span class='ocrx_word' id='word_1_640' title='bbox 419 4740 449 4814; x_wconf 60' lang='grc' dir='ltr'>ξ</span> <span class='ocrx_word' id='word_1_641' title='bbox 474 4725 589 4814; x_wconf 85' lang='lat' dir='ltr'><strong>ipse</strong></span> <span class='ocrx_word' id='word_1_642' title='bbox 608 4730 699 4814; x_wconf 82' lang='lat' dir='ltr'><strong>qui</strong></span> <span class='ocrx_word' id='word_1_643' title='bbox 743 4730 847 4784; x_wconf 91' lang='lat' dir='ltr'><strong>hoc</strong></span> <span class='ocrx_word' id='word_1_644' title='bbox 870 4725 1280 4814; x_wconf 57' lang='lat' dir='ltr'><strong>perpetravefit,</strong></span> <span class='ocrx_word' id='word_1_645' title='bbox 1306 4725 1316 4726; x_wconf 48' lang='grc'><strong>“</strong></span> <span class='ocrx_word' id='word_1_646' title='bbox 1342 4725 1639 4814; x_wconf 76' lang='lat' dir='ltr'><strong>moriatur;</strong></span> <span class='ocrx_word' id='word_1_647' title='bbox 1695 4739 1787 4779; x_wconf 86' lang='lat' dir='ltr'><strong>co-</strong></span> 
     </span>
    </p>
   </div>
   <div class='ocr_carea' id='block_1_92' title="bbox 199 4796 1787 4876">
    <p class='ocr_par' dir='ltr' id='par_1_92' title="bbox 199 4796 1787 4876">
     <span class='ocr_line' id='line_1_95' title="bbox 199 4796 1787 4876; baseline -0.008 -16"><span class='ocrx_word' id='word_1_648' title='bbox 199 4805 394 4876; x_wconf 78' lang='lat' dir='ltr'><strong>gnatiu</strong></span> <span class='ocrx_word' id='word_1_649' title='bbox 419 4803 443 4834; x_wconf 83' lang='lat'>&#39;</span> <span class='ocrx_word' id='word_1_650' title='bbox 468 4796 592 4876; x_wconf 74' lang='lat' dir='ltr'><strong>eius</strong></span> <span class='ocrx_word' id='word_1_651' title='bbox 626 4796 685 4854; x_wconf 68' lang='lat' dir='ltr'><strong>ct</strong></span> <span class='ocrx_word' id='word_1_652' title='bbox 727 4796 1296 4876; x_wconf 68' lang='lat' dir='ltr'><strong>consa_ugiiinitas_’__in</strong></span> <span class='ocrx_word' id='word_1_653' title='bbox 1339 4796 1651 4876; x_wconf 69' lang='lat' dir='ltr'><strong>servitutem</strong></span> <span class='ocrx_word' id='word_1_654' title='bbox 1702 4810 1787 4848; x_wconf 86' lang='lat' dir='ltr'><strong>ca-</strong></span> 
     </span>
    </p>
   </div>
   <div class='ocr_carea' id='block_1_93' title="bbox 200 4867 1787 4942">
    <p class='ocr_par' dir='ltr' id='par_1_93' title="bbox 200 4867 1787 4942">
     <span class='ocr_line' id='line_1_96' title="bbox 200 4867 1787 4942; baseline -0.007 -12"><span class='ocrx_word' id='word_1_655' title='bbox 200 4867 319 4931; x_wconf 72' lang='lat' dir='ltr'><strong>dat.</strong></span> <span class='ocrx_word' id='word_1_656' title='bbox 345 4875 413 4928; x_wconf 85' lang='lat' dir='ltr'><strong>Et</strong></span> <span class='ocrx_word' id='word_1_657' title='bbox 434 4873 482 4927; x_wconf 90' lang='lat' dir='ltr'><strong>si</strong></span> <span class='ocrx_word' id='word_1_658' title='bbox 502 4870 788 4942; x_wconf 79' lang='lat' dir='ltr'><strong>negaverit</strong></span> <span class='ocrx_word' id='word_1_659' title='bbox 805 4867 1039 4942; x_wconf 77' lang='lat' dir='ltr'><strong>se_illum</strong></span> <span class='ocrx_word' id='word_1_660' title='bbox 1066 4867 1347 4942; x_wconf 77' lang='lat' dir='ltr'><strong>occidisse,</strong></span> <span class='ocrx_word' id='word_1_661' title='bbox 1387 4867 1454 4921; x_wconf 88' lang='lat' dir='ltr'><strong>ad</strong></span> <span class='ocrx_word' id='word_1_662' title='bbox 1475 4879 1665 4942; x_wconf 78' lang='lat' dir='ltr'><strong>novem</strong></span> <span class='ocrx_word' id='word_1_663' title='bbox 1694 4878 1787 4919; x_wconf 89' lang='lat' dir='ltr'><strong>vo-</strong></span> 
     </span>
    </p>
   </div>
   <div class='ocr_carea' id='block_1_94' title="bbox 201 4936 1618 5013">
    <p class='ocr_par' dir='ltr' id='par_1_94' title="bbox 201 4936 1618 5013">
     <span class='ocr_line' id='line_1_97' title="bbox 201 4936 1618 5013; baseline -0.009 -13"><span class='ocrx_word' id='word_1_664' title='bbox 201 4960 387 5000; x_wconf 84' lang='lat' dir='ltr'><strong>meres</strong></span> <span class='ocrx_word' id='word_1_665' title='bbox 416 4936 616 5013; x_wconf 69' lang='lat' dir='ltr'><strong>iguitos</strong></span> <span class='ocrx_word' id='word_1_666' title='bbox 638 4939 829 5013; x_wconf 85' lang='lat' dir='ltr'><strong>iuditio</strong></span> <span class='ocrx_word' id='word_1_667' title='bbox 851 4939 947 4993; x_wconf 88' lang='lat' dir='ltr'><strong>Dei</strong></span> <span class='ocrx_word' id='word_1_668' title='bbox 969 4937 1358 5013; x_wconf 56' lang='lat' dir='ltr'><strong>egaminandus</strong></span> <span class='ocrx_word' id='word_1_669' title='bbox 1382 4936 1618 5013; x_wconf 78' lang='lat' dir='ltr'><strong>accedat.</strong></span> 
     </span>
    </p>
   </div>
   <div class='ocr_carea' id='block_1_95' title="bbox 269 5006 1787 5083">
    <p class='ocr_par' dir='ltr' id='par_1_95' title="bbox 269 5006 1787 5083">
     <span class='ocr_line' id='line_1_98' title="bbox 269 5006 1787 5083; baseline -0.009 -14"><span class='ocrx_word' id='word_1_670' title='bbox 269 5016 332 5069; x_wconf 75' lang='grc'>4.</span> <span class='ocrx_word' id='word_1_671' title='bbox 363 5006 707 5083; x_wconf 64' lang='grc' dir='ltr'><strong>ῡέΐιιεὶιὶγίε</strong></span> <span class='ocrx_word' id='word_1_672' title='bbox 732 5025 796 5083; x_wconf 81' lang='lat' dir='ltr'><strong>ac</strong></span> <span class='ocrx_word' id='word_1_673' title='bbox 820 5007 1164 5083; x_wconf 86' lang='lat' dir='ltr'><strong>peregrinis,_</strong></span> <span class='ocrx_word' id='word_1_674' title='bbox 1184 5015 1245 5061; x_wconf 94' lang='lat' dir='ltr'><strong>ut</strong></span> <span class='ocrx_word' id='word_1_675' title='bbox 1289 5006 1697 5075; x_wconf 83' lang='lat' dir='ltr'><strong>distringantur,</strong></span> <span class='ocrx_word' id='word_1_676' title='bbox 1728 5011 1787 5057; x_wconf 89' lang='lat' dir='ltr'><strong>ut</strong></span> 
     </span>
    </p>
   </div>
   <div class='ocr_carea' id='block_1_96' title="bbox 194 5077 1503 5154">
    <p class='ocr_par' dir='ltr' id='par_1_96' title="bbox 194 5077 1503 5154">
     <span class='ocr_line' id='line_1_99' title="bbox 194 5077 1503 5154; baseline -0.012 -12"><span class='ocrx_word' id='word_1_677' title='bbox 194 5086 348 5142; x_wconf 73' lang='lat' dir='ltr'><strong>scire</strong></span> <span class='ocrx_word' id='word_1_678' title='bbox 372 5077 665 5154; x_wconf 74' lang='lat' dir='ltr'><strong>possimus,</strong></span> <span class='ocrx_word' id='word_1_679' title='bbox 692 5080 784 5148; x_wconf 89' lang='lat' dir='ltr'><strong>qui</strong></span> <span class='ocrx_word' id='word_1_680' title='bbox 803 5077 912 5133; x_wconf 73' lang='lat' dir='ltr'><strong>sint</strong></span> <span class='ocrx_word' id='word_1_681' title='bbox 938 5077 1032 5132; x_wconf 80' lang='lat' dir='ltr'><strong>aut</strong></span> <span class='ocrx_word' id='word_1_682' title='bbox 1056 5077 1199 5132; x_wconf 89' lang='lat' dir='ltr'><strong>unde</strong></span> <span class='ocrx_word' id='word_1_683' title='bbox 1221 5083 1503 5131; x_wconf 89' lang='lat' dir='ltr'><strong>venerunt.</strong></span> 
     </span>
    </p>
   </div>
   <div class='ocr_carea' id='block_1_97' title="bbox 1896 4026 2067 4081">
    <p class='ocr_par' dir='ltr' id='par_1_97' title="bbox 1896 4026 2067 4081">
     <span class='ocr_line' id='line_1_100' title="bbox 1896 4026 2067 4081; baseline -0.018 -1"><span class='ocrx_word' id='word_1_684' title='bbox 1896 4026 2067 4081; x_wconf 81' lang='lat' dir='ltr'><strong>ribus.</strong></span> 
     </span>
    </p>
   </div>
   <div class='ocr_carea' id='block_1_98' title="bbox 1963 4093 3478 4159">
    <p class='ocr_par' dir='ltr' id='par_1_98' title="bbox 1963 4093 3478 4159">
     <span class='ocr_line' id='line_1_101' title="bbox 1963 4093 3478 4159; baseline 0.005 -11"><span class='ocrx_word' id='word_1_685' title='bbox 1963 4094 2015 4148; x_wconf 92' lang='lat'><strong>6.</strong></span> <span class='ocrx_word' id='word_1_686' title='bbox 2058 4094 2133 4149; x_wconf 90' lang='lat' dir='ltr'><strong>De</strong></span> <span class='ocrx_word' id='word_1_687' title='bbox 2160 4094 2445 4159; x_wconf 91' lang='lat' dir='ltr'><strong>mensuris,</strong></span> <span class='ocrx_word' id='word_1_688' title='bbox 2493 4103 2554 4147; x_wconf 93' lang='lat' dir='ltr'><strong>ut</strong></span> <span class='ocrx_word' id='word_1_689' title='bbox 2591 4093 2885 4148; x_wconf 88' lang='lat' dir='ltr'><strong>secundum</strong></span> <span class='ocrx_word' id='word_1_690' title='bbox 2914 4094 3208 4150; x_wconf 89' lang='lat' dir='ltr'><strong>iussionem</strong></span> <span class='ocrx_word' id='word_1_691' title='bbox 3239 4106 3478 4156; x_wconf 87' lang='lat' dir='ltr'><strong>nostram</strong></span> 
     </span>
    </p>
   </div>
   <div class='ocr_carea' id='block_1_99' title="bbox 1894 4163 2340 4219">
    <p class='ocr_par' dir='ltr' id='par_1_99' title="bbox 1894 4163 2340 4219">
     <span class='ocr_line' id='line_1_102' title="bbox 1894 4163 2340 4219; baseline -0.007 0"><span class='ocrx_word' id='word_1_692' title='bbox 1894 4164 2147 4219; x_wconf 82' lang='lat' dir='ltr'><strong>aequales</strong></span> <span class='ocrx_word' id='word_1_693' title='bbox 2188 4163 2340 4217; x_wconf 86' lang='lat' dir='ltr'><strong>ﬁant.</strong></span> 
     </span>
    </p>
   </div>
   <div class='ocr_carea' id='block_1_100' title="bbox 2001 4232 3476 4303">
    <p class='ocr_par' dir='ltr' id='par_1_100' title="bbox 2001 4232 3476 4303">
     <span class='ocr_line' id='line_1_103' title="bbox 2001 4232 3476 4303; baseline 0.005 -16"><span class='ocrx_word' id='word_1_694' title='bbox 2001 4274 2014 4287; x_wconf 91' lang='lat'><strong>.</strong></span> <span class='ocrx_word' id='word_1_695' title='bbox 2049 4234 2118 4303; x_wconf 90' lang='lat' dir='ltr'><strong>Ut</strong></span> <span class='ocrx_word' id='word_1_696' title='bbox 2143 4248 2251 4288; x_wconf 89' lang='lat' dir='ltr'><strong>non</strong></span> <span class='ocrx_word' id='word_1_697' title='bbox 2280 4234 2563 4287; x_wconf 90' lang='lat' dir='ltr'><strong>mittantur</strong></span> <span class='ocrx_word' id='word_1_698' title='bbox 2608 4232 2914 4287; x_wconf 88' lang='lat' dir='ltr'><strong>testimonia</strong></span> <span class='ocrx_word' id='word_1_699' title='bbox 2956 4249 3123 4303; x_wconf 86' lang='lat' dir='ltr'><strong>super</strong></span> <span class='ocrx_word' id='word_1_700' title='bbox 3159 4237 3476 4294; x_wconf 77' lang='lat' dir='ltr'><strong>veStituram</strong></span> 
     </span>
    </p>
   </div>
   <div class='ocr_carea' id='block_1_101' title="bbox 1889 4302 2500 4372">
    <p class='ocr_par' dir='ltr' id='par_1_101' title="bbox 1889 4302 2500 4372">
     <span class='ocr_line' id='line_1_104' title="bbox 1889 4302 2500 4372; baseline -0.003 -15"><span class='ocrx_word' id='word_1_701' title='bbox 1889 4302 2073 4359; x_wconf 90' lang='lat' dir='ltr'><strong>domui</strong></span> <span class='ocrx_word' id='word_1_702' title='bbox 2100 4302 2309 4372; x_wconf 82' lang='lat' dir='ltr'><strong>Pippini</strong></span> <span class='ocrx_word' id='word_1_703' title='bbox 2338 4302 2500 4372; x_wconf 88' lang='lat' dir='ltr'><strong>regis.</strong></span> 
     </span>
    </p>
   </div>
   <div class='ocr_carea' id='block_1_102' title="bbox 1963 4370 3664 4449">
    <p class='ocr_par' dir='ltr' id='par_1_102' title="bbox 1963 4370 3664 4449">
     <span class='ocr_line' id='line_1_105' title="bbox 1963 4370 3664 4449; baseline 0.005 -24"><span class='ocrx_word' id='word_1_704' title='bbox 1963 4375 2017 4449; x_wconf 67' lang='grc' dir='ltr'>δ.</span> <span class='ocrx_word' id='word_1_705' title='bbox 2053 4374 2093 4405; x_wconf 74' lang='grc' dir='ltr'><strong>ι’</strong></span> <span class='ocrx_word' id='word_1_706' title='bbox 2116 4370 2555 4449; x_wconf 53' lang='lat' dir='ltr'><strong>U&#39;t&#39;omnia&#39;quae</strong></span> <span class='ocrx_word' id='word_1_707' title='bbox 2582 4370 2802 4449; x_wconf 72' lang='lat' dir='ltr'><strong>vvadiari</strong></span> <span class='ocrx_word' id='word_1_708' title='bbox 2831 4373 2875 4405; x_wconf 88' lang='grc'><strong>¹³</strong></span> <span class='ocrx_word' id='word_1_709' title='bbox 2913 4375 3130 4449; x_wconf 77' lang='lat' dir='ltr'><strong>debent,</strong></span> <span class='ocrx_word' id='word_1_710' title='bbox 3163 4376 3317 4449; x_wconf 77' lang='lat' dir='ltr'><strong>iuxta</strong></span> <span class='ocrx_word' id='word_1_711' title='bbox 3333 4380 3478 4449; x_wconf 90' lang='lat' dir='ltr'><strong>quod</strong></span> <span class='ocrx_word' id='word_1_712' title='bbox 3582 4414 3601 4438; x_wconf 61' lang='grc' dir='ltr'>ι</span> <span class='ocrx_word' id='word_1_713' title='bbox 3655 4389 3664 4407; x_wconf 74' lang='grc'><strong><em>⁵</em></strong></span> 
     </span>
    </p>
   </div>
   <div class='ocr_carea' id='block_1_103' title="bbox 1892 4442 3477 4517">
    <p class='ocr_par' dir='ltr' id='par_1_103' title="bbox 1892 4442 3477 4517">
     <span class='ocr_line' id='line_1_106' title="bbox 1892 4442 3477 4517; baseline 0.003 -20"><span class='ocrx_word' id='word_1_714' title='bbox 1892 4444 1945 4497; x_wconf 91' lang='lat' dir='ltr'><strong>in</strong></span> <span class='ocrx_word' id='word_1_715' title='bbox 1974 4443 2089 4517; x_wconf 71' lang='lat' dir='ltr'><strong>lege</strong></span> <span class='ocrx_word' id='word_1_716' title='bbox 2130 4442 2447 4517; x_wconf 69' lang='lat' dir='ltr'><strong>continetur</strong></span> <span class='ocrx_word' id='word_1_717' title='bbox 2464 4442 2699 4517; x_wconf 86' lang='lat' dir='ltr'><strong>pleniter</strong></span> <span class='ocrx_word' id='word_1_718' title='bbox 2748 4444 3043 4517; x_wconf 78' lang='lat' dir='ltr'><strong>secundum</strong></span> <span class='ocrx_word' id='word_1_719' title='bbox 3092 4445 3260 4514; x_wconf 89' lang='lat' dir='ltr'><strong>ipsam</strong></span> <span class='ocrx_word' id='word_1_720' title='bbox 3306 4442 3477 4517; x_wconf 69' lang='lat' dir='ltr'><strong>legem</strong></span> 
     </span>
    </p>
   </div>
   <div class='ocr_carea' id='block_1_104' title="bbox 1893 4512 3598 4581">
    <p class='ocr_par' dir='ltr' id='par_1_104' title="bbox 1893 4512 3598 4581">
     <span class='ocr_line' id='line_1_107' title="bbox 1893 4512 3598 4581; baseline 0 -14"><span class='ocrx_word' id='word_1_721' title='bbox 1893 4512 2185 4567; x_wconf 79' lang='lat' dir='ltr'><strong>rewadiata</strong></span> <span class='ocrx_word' id='word_1_722' title='bbox 2215 4512 2363 4578; x_wconf 82' lang='lat' dir='ltr'><strong>ﬂant,</strong></span> <span class='ocrx_word' id='word_1_723' title='bbox 2389 4514 2514 4566; x_wconf 86' lang='lat' dir='ltr'><strong>etin</strong></span> <span class='ocrx_word' id='word_1_724' title='bbox 2540 4512 2881 4581; x_wconf 89' lang='lat' dir='ltr'><strong>postmodum</strong></span> <span class='ocrx_word' id='word_1_725' title='bbox 2909 4514 2993 4569; x_wconf 91' lang='lat' dir='ltr'><strong>vel</strong></span> <span class='ocrx_word' id='word_1_726' title='bbox 3013 4512 3242 4570; x_wconf 83' lang='lat' dir='ltr'><strong>domnus</strong></span> <span class='ocrx_word' id='word_1_727' title='bbox 3270 4512 3476 4572; x_wconf 56' lang='grc' dir='ltr'><strong>νείκει</strong></span> 
     </span>
    </p>
   </div>
   <div class='ocr_carea' id='block_1_105' title="bbox 1892 4581 3477 4683">
    <p class='ocr_par' dir='ltr' id='par_1_105' title="bbox 1892 4581 3477 4683">
     <span class='ocr_line' id='line_1_108' title="bbox 1892 4581 3477 4683; baseline 0.005 -48"><span class='ocrx_word' id='word_1_728' title='bbox 1892 4581 2184 4683; x_wconf 51' lang='grc' dir='ltr'><strong>Ἦς,¹ἳιιίιις</strong></span> <span class='ocrx_word' id='word_1_729' title='bbox 2213 4596 2374 4637; x_wconf 90' lang='lat' dir='ltr'><strong>causa</strong></span> <span class='ocrx_word' id='word_1_730' title='bbox 2394 4590 2497 4646; x_wconf 91' lang='lat' dir='ltr'><strong>est,</strong></span> <span class='ocrx_word' id='word_1_731' title='bbox 2524 4582 2673 4636; x_wconf 74' lang='lat' dir='ltr'><strong>iuxta</strong></span> <span class='ocrx_word' id='word_1_732' title='bbox 2702 4584 2847 4650; x_wconf 88' lang='lat' dir='ltr'><strong>quod</strong></span> <span class='ocrx_word' id='word_1_733' title='bbox 2890 4584 2941 4637; x_wconf 88' lang='lat' dir='ltr'><strong>ei</strong></span> <span class='ocrx_word' id='word_1_734' title='bbox 2981 4584 3247 4654; x_wconf 90' lang='lat' dir='ltr'><strong>placuerit</strong></span> <span class='ocrx_word' id='word_1_735' title='bbox 3284 4590 3477 4657; x_wconf 74' lang='lat' dir='ltr'><strong>perdo-</strong></span> 
     </span>
    </p>
   </div>
   <div class='ocr_carea' id='block_1_106' title="bbox 1892 4660 2079 4707">
    <p class='ocr_par' dir='ltr' id='par_1_106' title="bbox 1892 4660 2079 4707">
     <span class='ocr_line' id='line_1_109' title="bbox 1892 4660 2079 4707; baseline -0.011 0"><span class='ocrx_word' id='word_1_736' title='bbox 1892 4660 1985 4707; x_wconf 89' lang='lat' dir='ltr'><strong>net</strong></span> <span class='ocrx_word' id='word_1_737' title='bbox 2017 4660 2032 4682; x_wconf 87' lang='grc'>¹</span> <span class='ocrx_word' id='word_1_738' title='bbox 2042 4660 2079 4705; x_wconf 75' lang='grc'>⁵.</span> 
     </span>
    </p>
   </div>
   <div class='ocr_carea' id='block_1_107' title="bbox 1963 4719 3479 4790">
    <p class='ocr_par' dir='ltr' id='par_1_107' title="bbox 1963 4719 3479 4790">
     <span class='ocr_line' id='line_1_110' title="bbox 1963 4719 3479 4790; baseline 0.003 -14"><span class='ocrx_word' id='word_1_739' title='bbox 1963 4721 2016 4776; x_wconf 87' lang='grc'>9.</span> <span class='ocrx_word' id='word_1_740' title='bbox 2048 4720 2120 4777; x_wconf 93' lang='lat' dir='ltr'><strong>Ut</strong></span> <span class='ocrx_word' id='word_1_741' title='bbox 2144 4720 2293 4775; x_wconf 90' lang='lat' dir='ltr'><strong>missi</strong></span> <span class='ocrx_word' id='word_1_742' title='bbox 2320 4720 2510 4786; x_wconf 88' lang='lat' dir='ltr'><strong>nostri,</strong></span> <span class='ocrx_word' id='word_1_743' title='bbox 2559 4720 2651 4790; x_wconf 88' lang='lat' dir='ltr'><strong>qui</strong></span> <span class='ocrx_word' id='word_1_744' title='bbox 2679 4719 2787 4774; x_wconf 89' lang='lat' dir='ltr'><strong>iam</strong></span> <span class='ocrx_word' id='word_1_745' title='bbox 2828 4722 3020 4778; x_wconf 91' lang='lat' dir='ltr'><strong>breves</strong></span> <span class='ocrx_word' id='word_1_746' title='bbox 3065 4724 3371 4780; x_wconf 84' lang='lat' dir='ltr'><strong>detulerunt</strong></span> <span class='ocrx_word' id='word_1_747' title='bbox 3412 4726 3479 4780; x_wconf 88' lang='lat' dir='ltr'><strong>de</strong></span> 
     </span>
    </p>
   </div>
   <div class='ocr_carea' id='block_1_108' title="bbox 1888 4790 3471 4864">
    <p class='ocr_par' dir='ltr' id='par_1_108' title="bbox 1888 4790 3471 4864">
     <span class='ocr_line' id='line_1_111' title="bbox 1888 4790 3471 4864; baseline 0.003 -19"><span class='ocrx_word' id='word_1_748' title='bbox 1888 4790 2313 4864; x_wconf 79' lang='lat' dir='ltr'><strong>adnuntiatione,</strong></span> <span class='ocrx_word' id='word_1_749' title='bbox 2339 4790 2586 4864; x_wconf 73' lang='lat' dir='ltr'><strong>volumus</strong></span> <span class='ocrx_word' id='word_1_750' title='bbox 2626 4797 2687 4843; x_wconf 92' lang='lat' dir='ltr'><strong>ut</strong></span> <span class='ocrx_word' id='word_1_751' title='bbox 2705 4790 2882 4864; x_wconf 80' lang='lat' dir='ltr'><strong>adhuc</strong></span> <span class='ocrx_word' id='word_1_752' title='bbox 2907 4792 3175 4864; x_wconf 89' lang='lat' dir='ltr'><strong>adducant</strong></span> <span class='ocrx_word' id='word_1_753' title='bbox 3203 4797 3268 4851; x_wconf 90' lang='lat' dir='ltr'><strong>de</strong></span> <span class='ocrx_word' id='word_1_754' title='bbox 3287 4810 3471 4864; x_wconf 79' lang='lat' dir='ltr'><strong>opere.</strong></span> 
     </span>
    </p>
   </div>
   <div class='ocr_carea' id='block_1_109' title="bbox 1961 4859 3476 4935">
    <p class='ocr_par' dir='ltr' id='par_1_109' title="bbox 1961 4859 3476 4935">
     <span class='ocr_line' id='line_1_112' title="bbox 1961 4859 3476 4935; baseline 0.002 -20"><span class='ocrx_word' id='word_1_755' title='bbox 1961 4861 2047 4915; x_wconf 85' lang='grc'><strong>10.</strong></span> <span class='ocrx_word' id='word_1_756' title='bbox 2079 4861 2343 4935; x_wconf 83' lang='lat' dir='ltr'><strong>Quantam</strong></span> <span class='ocrx_word' id='word_1_757' title='bbox 2374 4861 2666 4935; x_wconf 74' lang='lat' dir='ltr'><strong>&quot;_moram</strong></span> <span class='ocrx_word' id='word_1_758' title='bbox 2710 4859 2911 4935; x_wconf 77' lang='lat' dir='ltr'><strong>faciant</strong></span> <span class='ocrx_word' id='word_1_759' title='bbox 2958 4863 3002 4893; x_wconf 82' lang='lat'>&quot;</span> <span class='ocrx_word' id='word_1_760' title='bbox 3051 4866 3109 4925; x_wconf 82' lang='lat' dir='ltr'><strong>in</strong></span> <span class='ocrx_word' id='word_1_761' title='bbox 3150 4859 3476 4935; x_wconf 75' lang='lat' dir='ltr'><strong>unoquoque</strong></span> 
     </span>
    </p>
   </div>
   <div class='ocr_carea' id='block_1_110' title="bbox 1888 4930 3030 5001">
    <p class='ocr_par' dir='ltr' id='par_1_110' title="bbox 1888 4930 3030 5001">
     <span class='ocr_line' id='line_1_113' title="bbox 1888 4930 3030 5001; baseline 0 -16"><span class='ocrx_word' id='word_1_762' title='bbox 1888 4932 2029 4997; x_wconf 88' lang='lat' dir='ltr'><strong>loco,</strong></span> <span class='ocrx_word' id='word_1_763' title='bbox 2058 4940 2113 4985; x_wconf 90' lang='lat' dir='ltr'><strong>et</strong></span> <span class='ocrx_word' id='word_1_764' title='bbox 2141 4939 2271 5001; x_wconf 92' lang='lat' dir='ltr'><strong>quot</strong></span> <span class='ocrx_word' id='word_1_765' title='bbox 2300 4930 2546 4986; x_wconf 87' lang='lat' dir='ltr'><strong>homines</strong></span> <span class='ocrx_word' id='word_1_766' title='bbox 2567 4945 2750 4985; x_wconf 90' lang='lat' dir='ltr'><strong>secum</strong></span> <span class='ocrx_word' id='word_1_767' title='bbox 2777 4931 3030 4985; x_wconf 88' lang='lat' dir='ltr'><strong>habeant.</strong></span> 
     </span>
    </p>
   </div>
   <div class='ocr_carea' id='block_1_111' title="bbox 1963 5001 3475 5070">
    <p class='ocr_par' dir='ltr' id='par_1_111' title="bbox 1963 5001 3475 5070">
     <span class='ocr_line' id='line_1_114' title="bbox 1963 5001 3475 5070; baseline 0 -15"><span class='ocrx_word' id='word_1_768' title='bbox 1963 5003 2049 5055; x_wconf 83' lang='lat' dir='ltr'><strong>ll.</strong></span> <span class='ocrx_word' id='word_1_769' title='bbox 2082 5001 2157 5058; x_wconf 88' lang='lat' dir='ltr'><strong>De</strong></span> <span class='ocrx_word' id='word_1_770' title='bbox 2185 5001 2467 5070; x_wconf 86' lang='lat' dir='ltr'><strong>prudentia</strong></span> <span class='ocrx_word' id='word_1_771' title='bbox 2503 5008 2559 5054; x_wconf 88' lang='lat' dir='ltr'><strong>et</strong></span> <span class='ocrx_word' id='word_1_772' title='bbox 2604 5002 2909 5056; x_wconf 89' lang='lat' dir='ltr'><strong>constantia</strong></span> <span class='ocrx_word' id='word_1_773' title='bbox 2949 5003 3234 5057; x_wconf 89' lang='lat' dir='ltr'><strong>missorum</strong></span> <span class='ocrx_word' id='word_1_774' title='bbox 3260 5010 3475 5057; x_wconf 83' lang='lat' dir='ltr'><strong>nostro-</strong></span> 
     </span>
    </p>
   </div>
   <div class='ocr_carea' id='block_1_112' title="bbox 1819 5066 2034 5127">
    <p class='ocr_par' dir='ltr' id='par_1_112' title="bbox 1819 5066 2034 5127">
     <span class='ocr_line' id='line_1_115' title="bbox 1819 5066 2034 5127; baseline -0.009 -1"><span class='ocrx_word' id='word_1_775' title='bbox 1819 5066 1870 5126; x_wconf 84' lang='grc'>1)</span> <span class='ocrx_word' id='word_1_776' title='bbox 1892 5087 2034 5127; x_wconf 88' lang='lat' dir='ltr'><strong>rum.</strong></span> 
     </span>
    </p>
   </div>
   <div class='ocr_carea' id='block_1_113' title="bbox 1439 5183 2265 5242">
    <p class='ocr_par' dir='ltr' id='par_1_113' title="bbox 1439 5183 2265 5242">
     <span class='ocr_line' id='line_1_116' title="bbox 1439 5183 2265 5242; baseline -0.006 0"><span class='ocrx_word' id='word_1_777' title='bbox 1439 5184 1830 5242; x_wconf 77' lang='lat' dir='ltr'><strong>VARIANTES</strong></span> <span class='ocrx_word' id='word_1_778' title='bbox 1865 5183 2265 5240; x_wconf 75' lang='lat' dir='ltr'><strong>LECTIONES.</strong></span> 
     </span>
    </p>
   </div>
   <div class='ocr_carea' id='block_1_114' title="bbox 274 5271 3476 5353">
    <p class='ocr_par' dir='ltr' id='par_1_114' title="bbox 274 5271 3476 5353">
     <span class='ocr_line' id='line_1_117' title="bbox 274 5271 3476 5353; baseline -0.004 -10"><span class='ocrx_word' id='word_1_779' title='bbox 274 5291 293 5323; x_wconf 77' lang='grc' dir='ltr'>ι</span> <span class='ocrx_word' id='word_1_780' title='bbox 325 5287 656 5344; x_wconf 84' lang='lat' dir='ltr'><strong>mundanam</strong></span> <span class='ocrx_word' id='word_1_781' title='bbox 680 5297 736 5353; x_wconf 90' lang='lat' dir='ltr'><strong>q.</strong></span> <span class='ocrx_word' id='word_1_782' title='bbox 766 5280 1131 5353; x_wconf 74' lang='lat' dir='ltr'><strong>suprascripta</strong></span> <span class='ocrx_word' id='word_1_783' title='bbox 1161 5286 1307 5343; x_wconf 92' lang='lat' dir='ltr'><strong>sunt,</strong></span> <span class='ocrx_word' id='word_1_784' title='bbox 1333 5293 1383 5353; x_wconf 75' lang='lat' dir='ltr'><strong>v.</strong></span> <span class='ocrx_word' id='word_1_785' title='bbox 1413 5274 1478 5353; x_wconf 66' lang='grc' dir='ltr'>ρ.</span> <span class='ocrx_word' id='word_1_786' title='bbox 1555 5276 1575 5306; x_wconf 79' lang='lat'><strong>’</strong></span> <span class='ocrx_word' id='word_1_787' title='bbox 1596 5274 1868 5353; x_wconf 64' lang='lat' dir='ltr'><strong>iucipiunt</strong></span> <span class='ocrx_word' id='word_1_788' title='bbox 1901 5274 2134 5353; x_wconf 76' lang='lat' dir='ltr'><strong>capitula</strong></span> <span class='ocrx_word' id='word_1_789' title='bbox 2164 5274 2352 5353; x_wconf 68' lang='lat' dir='ltr'><strong>domui</strong></span> <span class='ocrx_word' id='word_1_790' title='bbox 2379 5271 2557 5353; x_wconf 47' lang='grc' dir='ltr'><strong>Κειτοιί</strong></span> <span class='ocrx_word' id='word_1_791' title='bbox 2587 5272 3019 5353; x_wconf 67' lang='lat' dir='ltr'><strong>imperaturus</strong></span> <span class='ocrx_word' id='word_1_792' title='bbox 3054 5274 3183 5328; x_wconf 74' lang='lat' dir='ltr'><strong>lota</strong></span> <span class='ocrx_word' id='word_1_793' title='bbox 3208 5275 3476 5353; x_wconf 66' lang='lat' dir='ltr'><strong>inscriptio</strong></span> 
     </span>
    </p>
   </div>
   <div class='ocr_carea' id='block_1_115' title="bbox 195 5340 3475 5474">
    <p class='ocr_par' dir='ltr' id='par_1_115' title="bbox 195 5340 3475 5474">
     <span class='ocr_line' id='line_1_118' title="bbox 195 5340 3475 5433; baseline 0.001 -33"><span class='ocrx_word' id='word_1_794' title='bbox 195 5340 614 5433; x_wconf 30' lang='lat' dir='ltr'><strong>ﬁbram</strong></span> <span class='ocrx_word' id='word_1_795' title='bbox 816 5340 916 5415; x_wconf 80' lang='lat'><strong>56;</strong></span> <span class='ocrx_word' id='word_1_796' title='bbox 943 5340 1263 5432; x_wconf 48' lang='lat' dir='ltr'><strong>nosirum.ca</strong></span> <span class='ocrx_word' id='word_1_797' title='bbox 1295 5340 1318 5402; x_wconf 17' lang='grc' dir='ltr'>Ἴ.</span> <span class='ocrx_word' id='word_1_798' title='bbox 1346 5348 1370 5401; x_wconf 87' lang='grc'><strong>1</strong></span> <span class='ocrx_word' id='word_1_799' title='bbox 1406 5346 1478 5400; x_wconf 79' lang='lat' dir='ltr'><strong>ibi</strong></span> <span class='ocrx_word' id='word_1_800' title='bbox 1500 5356 1573 5400; x_wconf 78' lang='lat' dir='ltr'><strong>est</strong></span> <span class='ocrx_word' id='word_1_801' title='bbox 1596 5345 1663 5427; x_wconf 80' lang='lat'><strong>57</strong></span> <span class='ocrx_word' id='word_1_802' title='bbox 1687 5340 1736 5399; x_wconf 65' lang='lat' dir='ltr'><strong>ei</strong></span> <span class='ocrx_word' id='word_1_803' title='bbox 1761 5345 1836 5400; x_wconf 77' lang='lat' dir='ltr'><strong>sic</strong></span> <span class='ocrx_word' id='word_1_804' title='bbox 1930 5340 2035 5398; x_wconf 66' lang='lat' dir='ltr'><strong>rio.</strong></span> <span class='ocrx_word' id='word_1_805' title='bbox 2113 5343 2135 5375; x_wconf 85' lang='grc'>³</span> <span class='ocrx_word' id='word_1_806' title='bbox 2160 5343 2298 5424; x_wconf 71' lang='lat' dir='ltr'><strong>deest</strong></span> <span class='ocrx_word' id='word_1_807' title='bbox 2321 5345 2375 5398; x_wconf 86' lang='lat'><strong>5.</strong></span> <span class='ocrx_word' id='word_1_808' title='bbox 2450 5343 2472 5373; x_wconf 75' lang='lat'><strong>‘</strong></span> <span class='ocrx_word' id='word_1_809' title='bbox 2502 5340 2676 5395; x_wconf 72' lang='lat' dir='ltr'><strong>multa</strong></span> <span class='ocrx_word' id='word_1_810' title='bbox 2695 5343 2770 5396; x_wconf 80' lang='lat' dir='ltr'><strong>ita</strong></span> <span class='ocrx_word' id='word_1_811' title='bbox 2924 5345 2957 5425; x_wconf 56' lang='lat' dir='ltr'><strong><em>f</em></strong></span> <span class='ocrx_word' id='word_1_812' title='bbox 2974 5344 3074 5397; x_wconf 80' lang='lat' dir='ltr'><strong>hoc</strong></span> <span class='ocrx_word' id='word_1_813' title='bbox 3098 5360 3215 5397; x_wconf 85' lang='lat' dir='ltr'><strong>cum</strong></span> <span class='ocrx_word' id='word_1_814' title='bbox 3238 5340 3475 5403; x_wconf 67' lang='lat' dir='ltr'><strong>anteced.</strong></span> 
     </span>
     <span class='ocr_line' id='line_1_119' title="bbox 195 5361 3475 5474; baseline -0.002 0"><span class='ocrx_word' id='word_1_815' title='bbox 195 5436 254 5474; x_wconf 71' lang='lat'><strong>5..</strong></span> <span class='ocrx_word' id='word_1_816' title='bbox 283 5443 453 5474; x_wconf 65' lang='lat' dir='ltr'><strong>unum</strong></span> <span class='ocrx_word' id='word_1_817' title='bbox 479 5423 745 5474; x_wconf 68' lang='lat' dir='ltr'><strong>coniunxit</strong></span> <span class='ocrx_word' id='word_1_818' title='bbox 767 5422 821 5474; x_wconf 89' lang='lat'><strong>5.</strong></span> <span class='ocrx_word' id='word_1_819' title='bbox 897 5421 919 5452; x_wconf 81' lang='grc'><strong><em>⁸</em></strong></span> <span class='ocrx_word' id='word_1_820' title='bbox 945 5428 1220 5474; x_wconf 74' lang='lat' dir='ltr'><strong>coanosctt</strong></span> <span class='ocrx_word' id='word_1_821' title='bbox 1385 5418 1404 5450; x_wconf 89' lang='lat'><strong><em>&quot;</em></strong></span> <span class='ocrx_word' id='word_1_822' title='bbox 1429 5415 1725 5474; x_wconf 81' lang='lat' dir='ltr'><strong>quamlibet</strong></span> <span class='ocrx_word' id='word_1_823' title='bbox 1752 5415 1814 5469; x_wconf 88' lang='grc' dir='ltr'>Β.</span> <span class='ocrx_word' id='word_1_824' title='bbox 1982 5415 2006 5447; x_wconf 80' lang='grc'><strong>⁸</strong></span> <span class='ocrx_word' id='word_1_825' title='bbox 2038 5420 2253 5474; x_wconf 79' lang='lat' dir='ltr'><strong>agnatio</strong></span> <span class='ocrx_word' id='word_1_826' title='bbox 2300 5413 2364 5467; x_wconf 92' lang='lat' dir='ltr'><strong>B.</strong></span> <span class='ocrx_word' id='word_1_827' title='bbox 2412 5410 2533 5465; x_wconf 87' lang='lat' dir='ltr'><strong>Bal.</strong></span> <span class='ocrx_word' id='word_1_828' title='bbox 2604 5411 2626 5441; x_wconf 82' lang='lat'>&#39;</span> <span class='ocrx_word' id='word_1_829' title='bbox 2655 5422 3028 5474; x_wconf 72' lang='lat' dir='ltr'><strong>propinquitas</strong></span> <span class='ocrx_word' id='word_1_830' title='bbox 3070 5430 3337 5474; x_wconf 70' lang='lat' dir='ltr'><strong>suprascr.</strong></span> <span class='ocrx_word' id='word_1_831' title='bbox 3390 5416 3475 5471; x_wconf 89' lang='lat' dir='ltr'><strong>vel</strong></span> 
     </span>
    </p>
   </div>
   <div class='ocr_carea' id='block_1_116' title="bbox 194 5420 1220 5491">
    <p class='ocr_par' dir='ltr' id='par_1_116' title="bbox 194 5420 1220 5491">
     <span class='ocr_line' id='line_1_120' title="bbox 194 5420 1220 5491; baseline -0.015 -3"><span class='ocrx_word' id='word_1_832' title='bbox 194 5420 255 5487; x_wconf 65' lang='grc' dir='ltr'><strong>ὁὸ</strong></span> <span class='ocrx_word' id='word_1_833' title='bbox 283 5443 453 5485; x_wconf 66' lang='lat' dir='ltr'><strong>unum</strong></span> <span class='ocrx_word' id='word_1_834' title='bbox 479 5420 745 5479; x_wconf 68' lang='lat' dir='ltr'><strong>coniunxit</strong></span> <span class='ocrx_word' id='word_1_835' title='bbox 767 5422 821 5476; x_wconf 90' lang='lat'><strong>5.</strong></span> <span class='ocrx_word' id='word_1_836' title='bbox 897 5421 919 5452; x_wconf 82' lang='grc'><strong><em>⁸</em></strong></span> <span class='ocrx_word' id='word_1_837' title='bbox 945 5420 1220 5491; x_wconf 86' lang='lat' dir='ltr'><strong>cognoscit</strong></span> 
     </span>
    </p>
   </div>
   <div class='ocr_carea' id='block_1_117' title="bbox 194 5484 1795 5578">
    <p class='ocr_par' dir='ltr' id='par_1_117' title="bbox 194 5484 1795 5578">
     <span class='ocr_line' id='line_1_121' title="bbox 194 5484 1795 5578; baseline -0.011 -22"><span class='ocrx_word' id='word_1_838' title='bbox 194 5484 656 5578; x_wconf 57' lang='lat' dir='ltr'><strong>coiisanguinitas</strong></span> <span class='ocrx_word' id='word_1_839' title='bbox 767 5559 798 5578; x_wconf 54' lang='grc' dir='ltr'><strong><em>η</em></strong></span> <span class='ocrx_word' id='word_1_840' title='bbox 822 5484 1370 5578; x_wconf 50' lang='lat' dir='ltr'><strong>“neum&#39;antﬁcedegli</strong></span> <span class='ocrx_word' id='word_1_841' title='bbox 1415 5484 1795 5578; x_wconf 55' lang='lat' dir='ltr'><strong>coniungitnB:</strong></span> 
     </span>
    </p>
   </div>
   <div class='ocr_carea' id='block_1_118' title="bbox 1385 5415 1907 5486">
    <p class='ocr_par' dir='ltr' id='par_1_118' title="bbox 1385 5415 1907 5486">
     <span class='ocr_line' id='line_1_122' title="bbox 1385 5415 1907 5486; baseline -0.002 -15"><span class='ocrx_word' id='word_1_842' title='bbox 1385 5418 1404 5450; x_wconf 90' lang='lat'><strong><em>&quot;</em></strong></span> <span class='ocrx_word' id='word_1_843' title='bbox 1429 5415 1725 5486; x_wconf 89' lang='lat' dir='ltr'><strong>quamlibet</strong></span> <span class='ocrx_word' id='word_1_844' title='bbox 1740 5415 1814 5486; x_wconf 74' lang='grc' dir='ltr'><strong>Β.</strong></span> <span class='ocrx_word' id='word_1_845' title='bbox 1840 5415 1907 5486; x_wconf 80' lang='lat' dir='ltr'><strong>G.</strong></span> 
     </span>
    </p>
   </div>
   <div class='ocr_carea' id='block_1_119' title="bbox 1982 5410 3477 5484">
    <p class='ocr_par' dir='ltr' id='par_1_119' title="bbox 1982 5410 3477 5484">
     <span class='ocr_line' id='line_1_123' title="bbox 1982 5410 3477 5484; baseline 0.001 -16"><span class='ocrx_word' id='word_1_846' title='bbox 1982 5415 2006 5447; x_wconf 79' lang='grc'><strong>⁸</strong></span> <span class='ocrx_word' id='word_1_847' title='bbox 2038 5413 2253 5484; x_wconf 80' lang='lat' dir='ltr'><strong>agnatio</strong></span> <span class='ocrx_word' id='word_1_848' title='bbox 2300 5413 2364 5467; x_wconf 89' lang='lat' dir='ltr'><strong>B.</strong></span> <span class='ocrx_word' id='word_1_849' title='bbox 2412 5410 2549 5484; x_wconf 47' lang='lat' dir='ltr'><strong>Bal;</strong></span> <span class='ocrx_word' id='word_1_850' title='bbox 2604 5411 2626 5441; x_wconf 84' lang='grc'><strong>⁹</strong></span> <span class='ocrx_word' id='word_1_851' title='bbox 2655 5413 3028 5484; x_wconf 83' lang='lat' dir='ltr'><strong>propinquitas</strong></span> <span class='ocrx_word' id='word_1_852' title='bbox 3070 5430 3337 5484; x_wconf 71' lang='lat' dir='ltr'><strong>suprascr.</strong></span> <span class='ocrx_word' id='word_1_853' title='bbox 3390 5416 3477 5471; x_wconf 91' lang='lat' dir='ltr'><strong>vel</strong></span> 
     </span>
    </p>
   </div>
   <div class='ocr_carea' id='block_1_120' title="bbox 2294 5479 3474 5541">
    <p class='ocr_par' dir='ltr' id='par_1_120' title="bbox 2294 5479 3474 5541">
     <span class='ocr_line' id='line_1_124' title="bbox 2294 5479 3474 5541; baseline 0.004 -5"><span class='ocrx_word' id='word_1_854' title='bbox 2294 5484 2467 5537; x_wconf 84' lang='lat' dir='ltr'><strong>bauca</strong></span> <span class='ocrx_word' id='word_1_855' title='bbox 2506 5479 2571 5533; x_wconf 82' lang='lat' dir='ltr'><strong>G.</strong></span> <span class='ocrx_word' id='word_1_856' title='bbox 2657 5479 2703 5512; x_wconf 43' lang='lat'><strong>3&#39;</strong></span> <span class='ocrx_word' id='word_1_857' title='bbox 2730 5479 3055 5536; x_wconf 42' lang='lat' dir='ltr'><strong>cam—antea.</strong></span> <span class='ocrx_word' id='word_1_858' title='bbox 3109 5479 3377 5541; x_wconf 66' lang='lat' dir='ltr'><strong>confundit</strong></span> <span class='ocrx_word' id='word_1_859' title='bbox 3418 5487 3474 5541; x_wconf 85' lang='lat'><strong>5.</strong></span> 
     </span>
    </p>
   </div>
   <div class='ocr_carea' id='block_1_121' title="bbox 1892 5482 2243 5565">
    <p class='ocr_par' dir='ltr' id='par_1_121' title="bbox 1892 5482 2243 5565">
     <span class='ocr_line' id='line_1_125' title="bbox 1892 5482 2243 5565; baseline -0.014 -26"><span class='ocrx_word' id='word_1_860' title='bbox 1892 5484 1933 5515; x_wconf 80' lang='grc'>¹¹</span> <span class='ocrx_word' id='word_1_861' title='bbox 1950 5482 2148 5565; x_wconf 44' lang='lat' dir='ltr'><strong>pauca</strong></span> <span class='ocrx_word' id='word_1_862' title='bbox 2190 5482 2243 5536; x_wconf 91' lang='lat'><strong>6.</strong></span> 
     </span>
    </p>
   </div>
   <div class='ocr_carea' id='block_1_122' title="bbox 198 5549 3478 5625">
    <p class='ocr_par' dir='ltr' id='par_1_122' title="bbox 198 5549 3478 5625">
     <span class='ocr_line' id='line_1_126' title="bbox 198 5549 3478 5625; baseline -0.002 -4"><span class='ocrx_word' id='word_1_863' title='bbox 198 5549 479 5623; x_wconf 42' lang='lat' dir='ltr'><strong>iriiii—allia</strong></span> <span class='ocrx_word' id='word_1_864' title='bbox 509 5562 658 5618; x_wconf 88' lang='lat' dir='ltr'><strong>reddi</strong></span> <span class='ocrx_word' id='word_1_865' title='bbox 686 5564 737 5615; x_wconf 92' lang='grc'><strong>1.</strong></span> <span class='ocrx_word' id='word_1_866' title='bbox 765 5559 817 5614; x_wconf 91' lang='lat'><strong>6.</strong></span> <span class='ocrx_word' id='word_1_867' title='bbox 852 5558 979 5613; x_wconf 76' lang='grc' dir='ltr'><strong>ΗΜ.</strong></span> <span class='ocrx_word' id='word_1_868' title='bbox 1011 5560 1270 5614; x_wconf 90' lang='lat' dir='ltr'><strong>uuadiare</strong></span> <span class='ocrx_word' id='word_1_869' title='bbox 1292 5560 1346 5613; x_wconf 92' lang='lat'><strong>5.</strong></span> <span class='ocrx_word' id='word_1_870' title='bbox 1371 5549 1654 5625; x_wconf 72' lang='lat' dir='ltr'><strong>rewadiari</strong></span> <span class='ocrx_word' id='word_1_871' title='bbox 1682 5555 1746 5609; x_wconf 88' lang='grc' dir='ltr'>Β.</span> <span class='ocrx_word' id='word_1_872' title='bbox 1770 5549 2081 5625; x_wconf 64' lang='lat' dir='ltr'><strong>inguadiare</strong></span> <span class='ocrx_word' id='word_1_873' title='bbox 2106 5549 2672 5625; x_wconf 25' lang='lat' dir='ltr'><strong>Qnreuuadiata_5_.‘6.</strong></span> <span class='ocrx_word' id='word_1_874' title='bbox 2700 5551 2763 5605; x_wconf 89' lang='lat' dir='ltr'><strong>B.</strong></span> <span class='ocrx_word' id='word_1_875' title='bbox 2844 5552 2885 5583; x_wconf 74' lang='lat'><em>“</em></span> <span class='ocrx_word' id='word_1_876' title='bbox 2916 5553 3054 5606; x_wconf 72' lang='lat' dir='ltr'><strong>deest</strong></span> <span class='ocrx_word' id='word_1_877' title='bbox 3086 5553 3134 5606; x_wconf 90' lang='grc'><strong>1.</strong></span> <span class='ocrx_word' id='word_1_878' title='bbox 3159 5551 3212 5608; x_wconf 76' lang='lat' dir='ltr'><strong>t5.</strong></span> <span class='ocrx_word' id='word_1_879' title='bbox 3239 5549 3369 5613; x_wconf 71' lang='lat' dir='ltr'><strong>(Hd.</strong></span> <span class='ocrx_word' id='word_1_880' title='bbox 3393 5554 3478 5613; x_wconf 77' lang='lat' dir='ltr'><strong>la-</strong></span> 
     </span>
    </p>
   </div>
   <div class='ocr_carea' id='block_1_123' title="bbox 194 5618 2640 5703">
    <p class='ocr_par' dir='ltr' id='par_1_123' title="bbox 194 5618 2640 5703">
     <span class='ocr_line' id='line_1_127' title="bbox 194 5618 2640 5703; baseline -0.009 -8"><span class='ocrx_word' id='word_1_881' title='bbox 194 5618 668 5703; x_wconf 43' lang='lat' dir='ltr'><strong>(dati—accipiat</strong></span> <span class='ocrx_word' id='word_1_882' title='bbox 696 5631 761 5685; x_wconf 74' lang='grc' dir='ltr'><strong>Β.</strong></span> <span class='ocrx_word' id='word_1_883' title='bbox 797 5630 945 5684; x_wconf 81' lang='lat' dir='ltr'><strong>Rem.</strong></span> <span class='ocrx_word' id='word_1_884' title='bbox 982 5629 1096 5683; x_wconf 82' lang='lat' dir='ltr'><strong>Div.</strong></span> <span class='ocrx_word' id='word_1_885' title='bbox 1132 5629 1271 5683; x_wconf 68' lang='lat' dir='ltr'><strong>mm.</strong></span> <span class='ocrx_word' id='word_1_886' title='bbox 1300 5627 1428 5681; x_wconf 87' lang='lat' dir='ltr'><strong>Par.</strong></span> <span class='ocrx_word' id='word_1_887' title='bbox 1512 5626 1554 5657; x_wconf 71' lang='grc' dir='ltr'><strong>ιε</strong></span> <span class='ocrx_word' id='word_1_888' title='bbox 1584 5618 1855 5692; x_wconf 76' lang='lat' dir='ltr'><strong>Quantum</strong></span> <span class='ocrx_word' id='word_1_889' title='bbox 1880 5625 1927 5677; x_wconf 87' lang='lat' dir='ltr'><strong>l.</strong></span> <span class='ocrx_word' id='word_1_890' title='bbox 1960 5621 2025 5677; x_wconf 74' lang='grc' dir='ltr'>ο.</span> <span class='ocrx_word' id='word_1_891' title='bbox 2108 5621 2148 5653; x_wconf 70' lang='grc' dir='ltr'><strong>ιε</strong></span> <span class='ocrx_word' id='word_1_892' title='bbox 2178 5620 2376 5676; x_wconf 75' lang='lat' dir='ltr'><strong>facient</strong></span> <span class='ocrx_word' id='word_1_893' title='bbox 2425 5620 2473 5672; x_wconf 72' lang='grc' dir='ltr'>ι.</span> <span class='ocrx_word' id='word_1_894' title='bbox 2514 5618 2640 5673; x_wconf 83' lang='lat' dir='ltr'><strong>Hld.</strong></span> 
     </span>
    </p>
   </div>
   <div class='ocr_carea' id='block_1_124' title="bbox 533 5720 1090 5788">
    <p class='ocr_par' dir='ltr' id='par_1_124' title="bbox 533 5720 1090 5788">
     <span class='ocr_line' id='line_1_128' title="bbox 533 5720 1090 5788; baseline -0.014 1"><span class='ocrx_word' id='word_1_895' title='bbox 533 5727 805 5788; x_wconf 67' lang='lat' dir='ltr'><strong>Parum.</strong></span> <span class='ocrx_word' id='word_1_896' title='bbox 840 5720 1090 5782; x_wconf 79' lang='lat' dir='ltr'><strong>XCVII.</strong></span> 
     </span>
    </p>
   </div>
   <div class='ocr_carea' id='block_1_125' title="bbox 2851 5709 2926 5770">
    <p class='ocr_par' dir='ltr' id='par_1_125' title="bbox 2851 5709 2926 5770">
     <span class='ocr_line' id='line_1_129' title="bbox 2851 5709 2926 5770; baseline 0 0"><span class='ocrx_word' id='word_1_897' title='bbox 2851 5709 2926 5770; x_wconf 82' lang='lat' dir='ltr'><strong>l9</strong></span> 
     </span>
    </p>
   </div>
  </div>
