3974 6134
418 241 524 299 587

487 361 575 415 12.
609 359 684 414 De
704 356 854 412 falsis
877 353 1191 411 mouetariis
1218 353 1601 423 requirendum
1625 360 1730 407 est.

405 500 449 575 ,ιι
490 450 578 504 15.
618 449 695 504 De
755 447 861 556 llis
922 442 1225 498 Saxonibus
1250 482 1266 508 ,
1331 443 1426 515 qui
1482 456 1680 498 uxores
1739 456 1847 496 non
1904 442 2003 499 ha-

453 530 565 574 ciit.
804 553 824 572 .

453 530 565 574 cut.
763 530 824 572 ⁸.

490 611 576 666 M.
608 610 683 664 De
709 607 935 677 signatis
976 606 1016 669 ⁸,
1043 602 1137 674 qui
1164 603 1473 661 mentiendo
1496 604 1518 634 '
1543 605 1768 661 vadunt.

491 703 574 755 15.
610 700 669 754 Si
690 698 827 752 aliae
855 712 942 751 res
984 696 1210 751 fortuitu
1238 712 1346 751 non
1382 695 1914 766 praeoccupaveriiit,
1948 696 2003 766 8.

418 771 667 847 Kaleiid._
687 769 848 847 Iulias
876 767 1011 847 ',_id
1037 766 1325 847 estmislsa
1550 765 1804 847 lohannis
1831 765 2007 847 bapti-

417 852 554 906 stae,
602 840 670 894 ad
719 838 1040 908 Magontiam
1088 837 1202 890 sive
1235 835 1585 892 Cabillionem
1610 837 1632 869 ⁸
1684 835 2009 907 generaliter

420 911 676 981 placitum
698 906 897 963 habere
926 906 1190 961 volumus.
1480 932 1487 940 -

493 1000 560 1055 16
595 1001 637 1054 ³.
676 1000 752 1053 De
773 998 1046 1069 periuriis,
1097 1005 1158 1052 ιιι
1187 1004 1499 1052 caveantur.
1551 997 1619 1052 Et
1645 996 1667 1027 '
1692 1005 1753 1052 ut
1777 1012 1885 1069 non
1910 996 2009 1053 ad-

422 1073 710 1127 mittantur
761 1066 927 1124 testes
962 1066 1029 1123 ad
1078 1069 1461 1133 iuramentum,
1513 1076 1800 1138 antequam
1831 1068 2011 1127 discu-

424 1143 647 1197 tiantur.
694 1139 762 1193 Et
789 1138 834 1194 si
873 1138 1031 1194 aliter
1071 1153 1178 1193 non
1216 1139 1424 1207 possint
1457 1138 1670 1204 discuti,
1692 1145 2011 1207 separentur

423 1214 493 1266 ab
544 1211 774 1266 invicem
821 1216 877 1261 et
910 1206 1255 1279 singulariter
1282 1208 1643 1276 inquirantur.
1682 1206 1882 1262 Et’non
1909 1206 2009 1262 soli

422 1281 724 1338 accusatori
748 1279 907 1350 liceat
929 1278 1096 1350 testes
1112 1278 1317 1350 eligere
1343 1278 1562 1350 absente
1585 1294 1682 1333 suo
1704 1286 2007 1350 causatqre.

422 1352 492 1407 Et
512 1351 734 1405 omnino
758 1349 937 1404 nullus
964 1348 1069 1402 nisi
1108 1347 1320 1404 ieiunus
1356 1347 1425 1403 ad
1447 1347 1807 1405 iuramentum
1837 1347 1919 1402 vel
1943 1348 2010 1402 ad

422 1420 731 1477 testimonia
754 1419 1071 1475 admittatur
1094 1420 1139 1471 τ.
1189 1418 1257 1472 Ει
1289 1417 1380 1488 ille
1416 1419 1507 1488 qui
1551 1417 1619 1471 ad
1644 1417 2010 1488 testimonium

421 1492 659 1554 ducitur,
691 1490 738 1545 si
778 1488 1066 1553 refutetur,
1099 1488 1242 1544 dicat
1264 1487 1373 1552 ille,
1422 1486 1514 1558 qui
1555 1503 1679 1543 eum
1707 1486 1926 1553 refutat,
1957 1495 2013 1542 et

421 1560 652 1632 probet,
706 1573 894 1632 quare
937 1558 1087 1614 illum
1137 1558 1378 1632 recipere
1412 1557 1546 1612 nolit
1580 1558 1636 1632 ‘._
1674 1559 1754 1632 ΕιΔ
1787 1559 1854 1615 de
1892 1558 2013 1632 ipso

420 1626 587 1701 pago,
616 1626 815 1684 iion'de
848 1628 1017 1701 altero
1061 1636 1229 1684 testes
1254 1626 1539 1701 eligantur,
1585 1629 1690 1701 nisi
1728 1626 2011 1701 forte_lon-_-

1194 246 1253 301 Β.
1295 242 1545 301 CAROLI
1584 239 1799 297 MAGNI
1834 236 1987 295 OPP.
2027 239 2209 295 PARS
2246 240 2285 296 1.
2328 239 2570 296 SECTIO
2605 236 2839 293 PRIMA.

2030 357 2074 416 Α
2170 353 2260 409 29.
2290 353 2367 408 De
2410 353 2736 416 lieribanno,
2783 360 2844 405 ut
2888 348 3174 419 diligenter
3201 346 3480 419 inquirant
3519 343 3688 406 missi.

3574 226 3686 286 588

2107 425 2199 495 qui
2223 424 2432 479 hostem
2456 422 2856 495 faceregpotuit
2880 428 2936 474 et
3121 416 3268 479 fecit,
3314 415 3556 495 bannuni
3595 429 3692 495 πει-τ

2104 483 2278 551 εἰτῑιιη
2305 499 2590 565 conponat,
2623 493 2668 548 si
2682 483 2858 565 fhabet
2891 490 3035 544 unde
3059 499 3386 565 componere
3410 483 3601 565 possit.
3630 483 3696 536 Et

2104 567 2151 622 si
2178 580 2285 620 non
2309 556 2558 637 habuerit
2580 556 2731 617 unde
2762 573 3070 637 conponere
3108 556 3303 637 valeat,
3338 556 3697 637 revvadiatum

2106 637 2200 691 fiat
2235 645 2290 688 et
2332 633 2732 698 inbreviatum;
2783 638 2839 687 et
2865 627 3001 684 nihil
3044 641 3113 683 ex
3151 627 3258 681 hoc
3289 633 3543 698 exactum
3580 627 3697 687 tiat,

2104 721 2278 777 usque
2302 705 2428 760 dum
2456 704 2522 758 ad
2543 695 2794 758 notitiam
2820 698 3004 756 domui
3038 696 3381 767 imperatoris
3404 695 3588 749 veniat

2169 796 2263 921 59.
2291 794 2519 921 ftierisliz
2548 794 2592 827 ¹⁸
2616 793 2709 863 qui
2742 790 2944 849 laetum
2974 787 3197 854 habent,
3233 799 3333 857 per
3353 784 3702 840 ﬁdeiussores

2169 877 2206 923 it
2234 884 2302 923 an
2330 883 2414 921 ur.

2102 883 2414 925 mittantur.

2176 956 2394 1059 :5l."De
2444 952 2722 1011 beneflciis
2790 950 3085 1008 destructis
3148 957 3208 1005 et
3268 947 3426 1004 alode
3485 950 3702 1007 restau—

2107 1037 2266 1174 “:2.
2396 1113 2546 1169 freda
2576 1113 2623 1146 '°
2649 1111 2938 1184 exigenda.

2179 1209 2269 1264 55.
2302 1207 2379 1262 De
2406 1204 2776 1262 materiamine
2803 1203 2871 1258 ad
2891 1216 3057 1257 naves
3081 1200 3406 1259 faciendum.

2181 1299 2367 1378 34..Si_
2397 1300 2598 1378 aliquis
2640 1299 2684 1378 '_‘
2734 1296 2880 1352 Saxo
2927 1297 3200 1378 hominem
3250 1298 3710 1378 conprehenderit

2110 1374 2314 1442 absque
2344 1366 2607 1454 furto—aut
2628 1369 2833 1470 absque
2861 1383 2959 1423 sua
2982 1366 3199 1436 propria
3225 1366 3404 1436 aliqua
3442 1384 3503 1424 re
3527 1371 3598 1435 ",
3627 1371 3712 1426 di-

2111 1459 2242 1495 cens
2259 1441 2403 1495 ouod
2423 1440 2497 1495 illi
2524 1440 2720 1494 habeat
2766 1437 2787 1471 ³
2809 1439 3063 1494 damnum
3090 1434 3314 1495 factum.
3361 1445 3417 1492 et
3445 1438 3551 1495 hoc
3574 1456 3711 1495 con-

2111 1440 2243 1499 cens
2259 1441 2403 1512 quod
2423 1440 2497 1495 illi
2524 1440 2720 1494 habeat
2741 1440 2787 1471 "
2809 1440 3063 1494 damnum
3090 1440 3314 1503 factum,
3361 1445 3417 1492 et
3445 1440 3551 1495 hoc
3574 1456 3711 1495 con-

2112 1513 2332 1569 tendere
2344 1509 2664 1591 voluerit.“
2699 1509 2757 1591 in
2799 1506 2999 1591 iudicio
3035 1516 3139 1591 aut
3182 1507 3239 1562 in
3263 1522 3474 1591 _campo
3514 1518 3613 1591 aut
3638 1514 3712 1591 id

2113 1582 2411 1646 crucem",
2428 1580 2701 1639 licentiam
2729 1579 2926 1634 habeat
2944 1578 3011 1631 ".
3035 1576 3093 1634 Si
3108 1592 3238 1635 vero
3261 1578 3364 1634 hoc
3382 1576 3621 1635 noluerit
3637 1582 3708 1646 π,

2114 1669 2238 1709 cum
2266 1652 2378 1708 suis
2414 1650 2740 1707 iuratoribus
2783 1648 2896 1718 ipse
2920 1647 3059 1704 liber
3084 1647 3247 1705 homo
3275 1663 3334 1704 se
3359 1648 3605 1705 idoniare
3632 1649 3713 1705 fa-

422 1697 544 1790 ἒὲἓξὲ
570 1698 1323 1790 ’.P}E§?._.‘E°.E‘i£?}“_"l_?293a
1339 1698 2009 1790 .sfi.i?q3i'f993--E‘_§i
2048 1697 2089 1755 Β
2115 1697 2243 1780 Εἶειῖ
2267 1697 2490 1777 "iiii;
2499 1697 3332 1790 ἓὲῐὶῖιῖιῖι”οἱιῖιῖἐιὶἣὲῐ’¹ῖέῑι“εἱιιῖἑ
3358 1697 3714 1790 @5515:-

462 1771 546 1894 Elis
572 1769 854 1893 fonvictus
874 1768 1034 1823 fuerit
1070 1766 1312 1838 periurii,
1336 1768 1529 1837 perdat
1552 1766 1772 1824 manum
1815 1776 1908 1823 aut
1931 1783 2016 1825 re-

482 1855 569 1894 ma
599 1879 614 1893 .

482 1855 614 1895 mat.

495 1931 582 1987 17.
615 1929 686 1989 Ut
711 1946 871 1987 nemo
887 1940 1109 2000 propter
1122 1929 1469 2000 cupiditatem
1495 1930 1755 1999 pecuniae
1772 1939 1864 1985 aut
1884 1944 2016 2000 pro-

421 2009 541 2071 pter
568 2000 846 2056 avaritiam
892 2016 1044 2054 suam
1080 2001 1230 2069 prius
1251 1999 1342 2054 det
1363 2000 1404 2031 ¹⁰
1426 2001 1656 2071 pretium
1680 2002 1841 2071 aut“
1867 1999 2015 2071 futue

424 2070 539 2129 ram
571 2071 982 2131 conventionem
1013 2071 1118 2125 sibi
1158 2078 1462 2140 praeparet,
1509 2080 1571 2125 ut
1606 2072 1647 2103 "
1675 2070 1891 2140 duplum
1932 2070 2017 2125 vel

421 2141 643 2211 triplum
681 2141 722 2175 ⁸³
769 2141 1032 2211 recipiat;
1081 2143 1175 2211 sed
1215 2148 1344 2196 tunc
1378 2149 1587 2197 tantum
1610 2180 1628 2207 ,
1663 2141 1877 2211 quando
1908 2142 2019 2197 fru-

424 2210 546 2267 ctus
564 2226 822 2281 praesens
848 2210 952 2276 est,
984 2211 1105 2267 illos
1134 2210 1178 2242 ιδ
1205 2219 1484 2281 conparet.

490 2304 578 2358 18.
608 2303 685 2356 De
711 2302 911 2363 causis,
939 2316 1081 2371 quae
1104 2301 1304 2356 cotidie
1323 2316 1430 2355 non
1461 2310 1695 2356 cessant.

494 2391 686 2517 13.12::
711 2390 969 2460 fugitivis,
1010 2392 1103 2462 qui
1128 2406 1237 2446 non
1282 2398 1496 2447 cessant
1533 2392 1772 2462 recipere
1793 2400 1848 2448 et
1891 2392 2019 2449 abs.

494 2479 526 2516 n
567 2478 627 2517 er
666 2501 679 2515 .

424 2476 679 2518 conitere.

494 2554 585 2610 20.
615 2555 691 2611 De
711 2556 865 2626 vagis
896 2553 1223 2626 peregrinis.

494 2645 586 2700 21.
612 2646 689 2701 De
713 2646 1040 2702 homicidiis.
1964 2692 1979 2701 .

494 2737 586 2792 22.
624 2738 700 2793 De
720 2736 1112 2793 commendatis
1153 2737 1425 2793 mensuris
1462 2737 1763 2793 modiorum
1805 2745 1861 2792 et
1901 2752 2019 2793 sex-

427 2829 710 2884 tariorum.

495 2919 584 2974 25.
618 2920 694 2974 De
715 2918 993 2975 beneflciis
1013 2920 1218 2977 nostris
1242 2936 1352 2979 non
1376 2921 1515 2976 bene
1537 2923 1884 2978 constructis.

495 3009 588 3065 24.
617 3010 694 3067 De
720 3009 1090 3081 hospitalitate
1113 3018 1169 3065 et
1192 3013 1534 3082 susceptione
1548 3013 1883 3079 iterantium,
1905 3023 2013 3070 tam

428 3081 715 3157 missorum
743 3067 1052 3136 nostrorum
1072 3096 1237 3157 quam
1274 3067 1607 3152 reliquorum
1637 3067 2017 3142 bonorumho:
2043 3067 2091 3137 C

427 3150 656 3205 ininum.

639 3241 795 3310 Quod
850 3243 1046 3300 missos
1102 3243 1172 3300 ad
1216 3244 1389 3301 vicem
1447 3253 1689 3301 nostram
1750 3247 1796 3279 "
1849 3247 2019 3303 mitti-

498 3403 587 3456 26.
617 3405 693 3458 De
723 3404 809 3460 his
849 3405 943 3474 qui
969 3407 1154 3461 vinum
1198 3414 1252 3462 et
1276 3422 1544 3461 annonam
1584 3408 1823 3462 vendunt
1865 3417 2019 3463 ante-

429 3488 617 3549 (ιιιιιιιιΔ
624 3474 970 3549 colligantur,
1005 3486 1062 3532 et
1093 3492 1190 3547 per
1216 3478 1357 3532 hanc
1388 3478 1429 3509 ¹⁶
1452 3479 1790 3534 occasionem
1814 3495 2017 3549 paupe-

429 3558 518 3596 res
557 3542 869 3599 efﬁciuntur
908 3547 971 3599 ".

500 3635 591 3688 27.
626 3636 847 3711 Utante
878 3638 1138 3711 vicarium
1175 3646 1230 3693 et
1267 3640 1637 3694 centenarium
1682 3639 1750 3697 de
1773 3640 2017 3711 proprie-

432 3713 543 3760 tate
563 3715 657 3760 aut
672 3707 930 3781 _libertate
951 3708 1209 3781 iudiciuin
1230 3724 1338 3763 non
1354 3710 1689 3781 terminetur
1709 3707 1802 3765 aut
1828 3707 2017 3781 adqui-

430 3784 600 3859 ratur,
631 3776 739 3859 nisi
762 3791 974 3847 semper
1018 3780 1400 3859 inpraesentia
1427 3780 1717 3837 missorum
1763 3776 2017 3859 imperia-

431 3846 563 3900 lium
601 3854 694 3902 aut
727 3847 781 3901 in
817 3846 1125 3917 praesentia
1159 3850 1439 3905 comitum.

496 3934 589 4012 28.
639 3937 739 4012 De
779 3940 1085 4012 homicidiis
1142 3940 1300 4012 factis
1362 3957 1507 3998 anno
1551 3944 1825 4012 praesenti
1881 3944 2025 4001 inter

428 4005 681 4136 gigans
725 4008 974 4067 homines
1028 4011 1182 4082 quasi
1226 4021 1449 4083 propter
1490 4005 1769 4083 pulverem
1819 4024 2024 4072 morta-

2116 1795 2431 1919 irirobatione
2458 1788 2930 1873 conprehendet-lt,
2952 1788 3074 1872 ipse
3085 1803 3277 1847 servus
3303 1795 3396 1872 aut
3418 1788 3488 1873 ad
3509 1805 3712 1860 aquam

2140 1873 2417 1919 erventem
2462 1870 2560 1918 aut
2610 1860 2680 1916 ad
2723 1859 2868 1914 aliud
2912 1860 3171 1915 iudicium
3225 1874 3287 1917 se
3332 1860 3579 1918 idoniare
3632 1861 3712 1917 fa-

2116 1859 2417 1990 ferrentem
2462 1859 2577 1918 aut“
2610 1860 2680 1916 ad
2723 1859 2868 1914 aliud
2912 1859 3171 1915 iudicium
3225 1874 3287 1917 se
3332 1859 3579 1918 idoniare
3632 1861 3716 1917 fa-

2116 1951 2198 1992 cta
2229 1975 2244 1990 .

2181 2028 2276 2084 55.
2300 2027 2361 2082 Si
2388 2024 2583 2095 aliquis
2619 2020 3027 2095 Saxocaballos
3055 2019 3102 2095 ξ’
3138 2021 3193 2076 in
3220 2036 3316 2077 sua
3363 2034 3544 2095 messe
3569 2023 3717 2079 inve-

2117 2100 2279 2165 nerit,
2308 2105 2362 2151 et
2389 2091 2536 2165 ipsos
2562 2095 2606 2126 ³¹
2630 2092 2880 2165 caballos
2893 2093 3017 2165 inde
3046 2091 3243 2165 ducere
3265 2107 3364 2165 pro
3392 2108 3491 2148 suo
3509 2092 3717 2165 damno

2114 2170 2185 2225 ad
2207 2161 2643 2232 conproliaudum
2679 2162 2932 2228 voluerit,
2973 2163 3019 2216 si
3042 2163 3164 2232 quis
3186 2161 3325 2218 libiar
3345 2163 3510 2221 homo
3533 2164 3639 2221 hoc
3660 2166 3715 2221 ei

2117 2231 2506 2297 contradixerit
2531 2245 2624 2290 aut
2649 2234 2865 2304 aliquod
2886 2231 3087 2304 malum
3108 2247 3209 2304 pro
3231 2231 3276 2265 “
3298 2233 3403 2290 hoc
3423 2233 3472 2266 ³³
3495 2233 3713 2301 fecerit,

2116 2309 2279 2381 tripla
2309 2308 2357 2381 ξξ
2377 2303 2754 2377 conpositione
2789 2303 3085 2381 secundum
3122 2303 3296 2381 legem
3324 2312 3380 2359 et
3410 2305 3714 2381 secundum

2117 2372 2291 2436 evv'am
2312 2377 2359 2410 "
2380 2372 2569 2433 contra
2611 2390 2735 2431 eum
2776 2372 3065 2446 emendare
3105 2372 3341 2441 studeat,
3389 2383 3444 2446 et
3486 2375 3717 2446 insuper

2116 2452 2354 2507 hannum
2379 2447 2709 2517 dominicum
2730 2445 2922 2517 solvat,
2960 2452 3015 2500 et
3035 2460 3255 2501 manum
3277 2444 3487 2517 perdat,
3514 2444 3712 2517 pro'eo

2117 2520 2261 2592 quod
2302 2517 2649 2592 inoboediens
2686 2515 2787 2570 fuit
2823 2523 3009 2573 contra
3031 2522 3383 2592 praeceptum
3405 2515 3590 2592 (iouini
3611 2518 3718 2592 iiiiT

2116 2585 2403 2661 peratoris,
2437 2588 2581 2661 quod
2620 2586 2737 2661 ipse
2774 2601 2874 2657 pro
2897 2585 3050 2661 pace
3078 2585 3317 2661 statuere
3339 2585 3385 2619 ³⁸
3425 2587 3604 2661 iussit.
3653 2587 3717 2661 Si

2118 2656 2307 2717 seruis
2328 2661 2433 2715 hoc
2456 2656 2682 2722 fecerit,
2720 2656 3013 2728 secndum
3040 2672 3214 2728 suam
3262 2656 3431 2728 legem
3458 2658 3505 2690 π
3527 2658 3719 2714 omnia

2118 2732 2171 2786 in
2199 2730 2417 2801 triplum
2460 2729 2730 2795 restituat,
2773 2735 2828 2783 et
2866 2725 3182 2797 disciplinae
3223 2725 3491 2798 corporali
3522 2729 3711 2784 subia-

2184 2889 2276 2948 56.
2300 2889 2636 2959 Quicumque
2677 2887 2818 2945 liber
2860 2887 3025 2959 homo
3069 2887 3321 2946 inventus
3361 2887 3533 2959 fuerit
3570 2905 3721 2945 anno

2115 2958 2565 3034 pniesenteﬂcum’
2577 2959 2806 3014 seniore'
2823 2974 2922 3034 suo
2944 2958 3001 3013 in
3042 2959 3199 3016 hoste
3233 2958 3554 3034 non_fuis_se,
3600 2960 3721 3034 ple-

2122 3030 2251 3103 num
2277 3031 2654 3103 heiribannuin
2694 3030 3271 3103 persolvereeogatur.
3329 3030 3398 3087 Et
3438 3032 3487 3088 si
3531 3030 3723 3087 senior

2119 3100 2204 3159 vel
2228 3116 2412 3159 comes
2438 3116 2562 3158 eum
2588 3100 2732 3171 domi
2755 3100 2980 3166 dimisit,
3010 3100 3123 3170 ipse
3148 3116 3325 3171 proco
3347 3103 3582 3157 eundem
3604 3103 3722 3158 hci-

2117 3172 2406 3228 ribannum
2440 3168 2751 3243 persolvat;
2790 3178 2846 3225 et
2887 3178 2968 3243 tot
3000 3168 3287 3243 heribauni
3324 3171 3370 3243 ’ξ
3400 3172 3471 3227 ab
3512 3173 3721 3228 coexi-

2118 3251 2344 3314 gantur,
2399 3240 2532 3311 quot
2576 3241 2823 3314 homines
2872 3240 3016 3314 domi
3061 3241 3289 3314 dimisit.
3335 3242 3420 3314 Et,
3447 3242 3574 3312 quia
3613 3258 3720 3298 nos

2118 3311 2261 3372 anno
2285 3319 2570 3382 praesente
2589 3311 2880 3381 unicuique
2898 3312 3097 3369 seniori
3116 3312 3256 3383 duos
3275 3311 3548 3379 homines,
3574 3328 3721 3383 quos

2119 3385 2264 3439 domi
2308 3383 2620 3445 dimitteret,
2671 3383 3040 3438 concessimus
3085 3382 3152 3448 ”,
3193 3383 3314 3438 illos
3354 3382 3609 3439 volumus
3651 3393 3719 3438 ut

2118 3453 2302 3509 missis
2338 3453 2537 3512 nostri“.
2565 3452 2611 3484 ’⁵⁸
2633 3453 2940 3518 ostendant,
2986 3453 3112 3523 quia
3144 3453 3189 3484 "
3229 3454 3315 3509 his
3335 3456 3717 3510 tantummodo

2119 3523 2499 3579 heiribannum
2525 3523 2910 3579 concessimus.

2122 3684 2135 3691 _
2192 3615 2283 3691 57.
2309 3615 2385 3691 Ut
2405 3613 3162 3691 quandocii_mque__iiavigium
3198 3615 3416 3670 mittere
3428 3613 3717 3691 volumus,

2121 3685 2225 3755 ipsi
2257 3686 2498 3809 semipes
2523 3685 2579 3739 in
2601 3685 2731 3755 ipsis
2756 3685 2986 3742 navibus
3016 3693 3263 3757 pergant,
3288 3693 3341 3742 et
3378 3686 3449 3742 ad
3468 3686 3575 3743 hoc
3606 3688 3723 3742 sint

2119 3771 2382 3826 praepara
2411 3773 2448 3810 i.

2195 3847 2285 3902 58.
2314 3845 2481 3900 Furta
2505 3853 2560 3899 et
2589 3845 2788 3901 iniusta
2813 3845 3083 3901 connubia
3124 3860 3333 3902 necnon
3374 3853 3429 3900 et
3454 3845 3592 3901 falsa
3634 3854 3721 3900 te-

2122 3915 2400 4000 stimonia,
2434 3916 2572 4000 sicut
2615 3930 2777 4000 saepe
2800 3916 3159 4000 rogavimus,_
3179 3917 3463 3987 prohibete
3494 3917 3721 3990 diligen-

2124 3992 2228 4049 ter,
2265 3988 2408 4043 sicut
2441 3994 2496 4041 et
2516 3986 2729 4042 Domini
2755 3986 2841 4042 lex
2865 3986 3115 4058 prohibet
3139 3998 3188 4040 ι.

1653 4239 2047 4311 ὙΑΒΙᾼΝτεδ
2082 4242 2482 4301 LECTIONES.

505 4413 522 4443 ¹
549 4411 824 4482 signandis
865 4412 952 4466 his
994 4427 1048 4482 q.
1090 4412 1155 4467 (ὲ.

431 4497 558 4538 nem
581 4497 645 4534 Π.

1234 4414 1255 4443 ⁸
1282 4414 1487 4470 mentio
1512 4413 1567 4468 6.
1644 4414 1666 4445 ³
1696 4429 1791 4470 viii
1823 4416 1886 4470 lt.
1917 4422 1970 4469 1.
2002 4415 2192 4470 desunt
2221 4415 2290 4471 Β.
2321 4415 2388 4472 G.

722 4482 744 4512 ⁸
772 4491 937 4536 totum
958 4481 1095 4536 deest
1121 4481 1249 4538 Hld.
1326 4482 1347 4514 °
1368 4491 1613 4539 caveant.
1643 4483 1714 4540 Ut
1742 4485 1790 4537 1.
1816 4484 1867 4538 6.
1892 4486 2049 4541 de....
2069 4494 2125 4542 et
2149 4486 2334 4541 desunt
2356 4487 2410 4543 ὅ.
2486 4488 2506 4519 ⁷
2528 4502 2560 4542 a

432 4552 622 4622 {deest
648 4551 743 4622 5L
780 4551 822 4582 ¹⁰
848 4553 914 4622 de
947 4567 1030 4622 pr.
1072 4550 1172 4622 fut.
1204 4551 1271 4622 G.
1348 4553 1390 4622 ξ’
1419 4562 1477 4609 ιιι
1508 4554 1564 4611 5.
1592 4553 1659 4608 Β.
1739 4555 1780 4585 ³³
1814 4554 1899 4610 vel
1929 4556 1980 4610 1.
2060 4557 2105 4588 ¹³
2128 4564 2169 4610 ι.
2203 4564 2332 4613 tunc
2359 4572 2405 4610 r.
2438 4555 2504 4610 Β.
2541 4556 2664 4612 Bal.

2464 4417 2938 4492 ‘_capillionem_i.
2985 4419 3306 4492 cabillonem
3334 4418 3457 4492 Bal.
3489 4421 3721 4492 (πεφωσ-

2668 4496 2758 4544 tur
2779 4489 2829 4543 1.
2857 4488 2911 4544 6.
2941 4489 3242 4547 adducatur
3262 4491 3315 4546 5.
3392 4490 3415 4523 ⁸
3440 4488 3618 4549 noluit
3642 4492 3714 4548 Β.

2744 4559 2947 4615 “illud
2975 4557 3043 4615 G.
3122 4560 3429 4616 “iuditium
3468 4572 3719 4620 vestrum

432 4621 499 4698 ς.
532 4620 648 4698 (iis.
681 4620 724 4674 Τ
724 4620 816 4674 Im.
847 4620 1011 4698 Sang.
1042 4622 1098 4675 2.
1126 4620 1283 4698 Colit.
1416 4622 1672 4698 iudicium
1699 4632 1946 4698 nostrum
1964 4624 2148 4698 Qamb.
2187 4624 2307 4680 Vat.
2341 4626 2392 4680 1.
2426 4625 2671 4698 διιιιςδ.
2749 4629 2793 4660 ⁸⁸
2821 4630 2961 4685 deest
2991 4630 3043 4684 1.
3075 4631 3141 4687 Β.
3175 4631 3241 4687 G.
3276 4629 3406 4685 Hld.
3490 4633 3530 4664 ι’
3568 4647 3622 4688 e.
3652 4642 3723 4690 ut

429 4690 1134 4767 hirtitereonstringantur,
1156 4708 1235 4767 ne
1252 4693 1505 4767 deinceps
1548 4695 1662 4767 ﬁat.
1703 4693 1767 4767 6_.
1817 4694 1951 4767 Bal.
1973 4694 2231 4767 Omittunt
2260 4707 2435 4750 tamen
2463 4690 2564 4752 ξιιᾱ
2587 4697 2716 4753 Met.
2751 4698 2902 4753 Reus.
2935 4699 3072 4755 Bell.
3104 4701 3223 4758 Div.
3255 4701 3389 4756 That.
3422 4700 3555 4757 Par.
3604 4702 3714 4758 Tit.

603 4759 1272 4855 33.923395593515953
1290 4778 1323 4818 ³
1342 4759 1537 4855 aviis?
1561 4763 1600 4855 (-
1623 4763 2204 4855 φειδ-,Ξίςτιεειθεθκ
2241 4767 2294 4855 .t’
2317 4774 2621 4855 τεξξίιιιιῑθιρ
2639 4769 2704 4823 Β·
2732 4767 2798 4855 .0-
2826 4768 2958 4855 ωας
3036 4773 3082 4804 ὐ
3100 4771 3251 4855 sese
3274 4771 3341 4827 B-
3357 4842 3390 4855 ..
3426 4773 3473 4804 ’ί
3652 4773 3715 4829 δ-

426 4833 472 4903 '}
497 4831 837 4903 p.,gal_iquatn_
860 4846 974 4903 rem
995 4832 1049 4887 d.
1078 4831 1291 4903 6._Hld.
1342 4831 1415 4903 β’
1439 4833 1598 4890 liceat
1619 4837 1669 4890 1.
1698 4834 1751 4890 6.
1785 4834 1915 4890 Hld.

428 4899 617 4973 Suppl.
645 4899 740 4973 (at.
768 4900 860 4973 775.
887 4899 1063 4958 Paris.
1092 4901 1222 4960 Met.
1244 4902 1369 4958 Pal.

1992 4836 2038 4909 ’ξ
2064 4837 2205 4909 deest
2229 4837 2296 4891 Β.
2373 4838 2420 4870 ’⁵
2439 4846 2534 4892 aut
2551 4839 2697 4909 adhc.
2719 4840 2904 4895 desunt
2932 4841 2990 4894 iis
3014 4842 3281 4899 codicibus
3299 4842 3491 4909 tribus,
3511 4836 3719 4899 scilicet

1445 4904 1489 4935 "
1514 4905 1598 4961 hic
1628 4922 1815 4963 novum
1839 4923 1886 4960 ε.
1925 4907 2107 4978 incipit
2133 4907 2198 4961 B.
2277 4909 2321 4940 "
2347 4909 2579 4964 voluerit
2604 4904 2736 4963 Hld.
2814 4911 2860 4942 ’⁸
2881 4919 3003 4966 et...
3031 4910 3196 4969 faciat
3224 4913 3411 4968 desunt
3434 4904 3491 4970 5.
3524 4912 3572 4944 ³⁸
3673 4913 3687 4925 ⁸

1463 4973 1530 5029 Β.
1607 4976 1653 5009 ³ο
1677 4976 1945 5035 caballum
1963 4977 2017 5033 5.
2097 4979 2140 5011 ³¹
2172 4979 2349 5038 ipsum
2375 4979 2500 5035 inde
2516 4980 2571 5036 3.
2648 4979 2692 5012 ³⁸
2717 4980 2857 5035 deest
2884 4982 2933 5036 1.
2965 4979 3020 5035 6.
3048 4982 3115 5038 (δ.
3144 4982 3279 5038 Hld.
3355 4983 3403 5016 ³³
3426 4983 3559 5038 huic
3577 4928 3713 5038 gul:

426 4970 559 5049 libet
585 4971 638 5049 β.
664 4971 796 5049 m4.
817 4980 879 5049 et
898 4973 1185 5049 servitium
1210 4974 1431 5049 cuilibet
1463 4973 1530 5029 Β.
1607 4976 1653 5009 ³ο
1677 4976 1945 5049 caballum
1963 4970 2043 5033 5."
2097 4979 2140 5011 ιι
2172 4979 2349 5049 ipsum
2375 4979 2500 5035 inde
2516 4980 2571 5036 3.
2648 4979 2692 5012 ιε
2717 4980 2857 5035 deest
2884 4982 2933 5036 i.
2965 4979 3020 5035 6.
3048 4982 3115 5038 α.
3144 4982 3279 5039 ma.
3355 4983 3403 5016 ³³
3426 4983 3559 5040 huic

424 5043 476 5120 ei
500 5040 566 5098 G.
588 5043 693 5099 hoc
724 5043 775 5098 ei
810 5042 862 5120 6_.
888 5041 1008 5098 Bal.
1087 5043 1133 5076 ³⁸
1165 5044 1378 5120 triplain
1410 5061 1532 5101 c....
1561 5061 1648 5102 em
1678 5048 1732 5102 5.
1811 5047 1858 5080 ³⁸
1879 5061 2072 5120 eouam
2113 5040 2480 5120 gorggeuuam
2525 5059 2574 5104 et
2605 5066 2765 5120 supra
2792 5051 2848 5106 id
2874 5059 2958 5107 est

3004 5051 3176 5127 legem
3206 5055 3346 5127 Leti
3377 5053 3445 5111 Β.
3481 5068 3719 5127 aequam

425 5110 493 5197 ρ.
529 5128 640 5197 sec.
663 5129 801 5197 eum
824 5114 1078 5197 damnum
1105 5110 1401 5197 emend}.
1432 5124 1494 5197 et
1522 5132 1641 5197 _sec_.
1682 5134 1856 5197 evvam
1890 5118 2077 5172 desunt
2104 5118 2156 5173 6.
2176 5118 2351 5197 _Illd_._
2404 5119 2450 5197 ’ξ
2490 5110 2723 5197 διιιιιιίιῖ.⁸
2744 5120 2802 5197 Si
2831 5122 2886 5175 5.
2905 5193 2913 5197 _
2934 5194 2944 5197 _
2965 5123 3007 5154 ³⁸³
3043 5110 3090 5197 ἐξ
3112 5110 3424 5197 legitimam
3454 5110 3624 5182 vitain
3655 5122 3719 5179 in

424 5190 495 5237 tr.
531 5185 586 5240 5.
662 5184 708 5217 ³⁸
732 5184 1091 5241 heribannum
1115 5187 1185 5243 ab
1208 5186 1290 5242 eis
1320 5185 1373 5242 6.
1451 5186 1495 5219 "
1522 5188 1578 5243 h.
1604 5189 1657 5244 d.
1687 5188 1959 5245 dimittere
1982 5204 2139 5246 conc.
2176 5190 2230 5245 5.
2305 5189 2353 5222 ⁸⁸
2378 5189 2530 5245 missi
2556 5190 2727 5248 nostri
2758 5189 2825 5246 ϐ.
2902 5193 2948 5224 δι
2973 5194 3065 5263 qui
3103 5195 3153 5248 1.

1949 5415 2180 5474 NOTAE.

503 5597 531 5626 ι
551 5582 696 5643 Loco
722 5588 884 5644 huius
909 5589 1101 5650 canitis
1121 5594 1310 5649 lthem.
1340 5592 1445 5650 hoc
1469 5591 1669 5649 liabet:
1706 5611 1725 5645 ι
1753 5594 1867 5650 Hoc
1886 5608 2011 5650 san-

425 5660 620 5713 etmus.
648 5665 710 5711 ut
736 5658 790 5713 in
816 5658 1031 5727 palatiis
1076 5664 1274 5720 nostris
1310 5664 1379 5719 ad
1403 5662 1764 5720 accusandum
1794 5673 1849 5721 et
1871 5665 2007 5720 iudi-

2116 5595 2348 5652 candum
2371 5603 2430 5650 et
2453 5594 2825 5653 testimonium
2850 5594 3154 5653 faciendum
3196 5611 3305 5653 non
3339 5608 3399 5653 se
3422 5594 3727 5657 exhibeant

2113 5665 2246 5721 viles
2268 5679 2533 5737 personae
2556 5676 2611 5723 et
2650 5664 2901 5724 infames.
2950 5667 3240 5724 histriones
3269 5666 3505 5736 scibat,
3546 5682 3725 5739 nuga-
