3974 6134
391 278 486 334 59!

497 389 881 447 ORATORUM
911 388 1210 444 RELATIO
1238 389 1326 442 AD
1349 387 1866 442 IMPERATOREM.

632 493 785 534 'ITEII
815 495 976 535 DOMNI
1001 495 1300 534 “LUDOWICI
1332 494 1711 534 IIPEBATORIS.

464 572 516 626 1.
545 573 620 626 De
665 571 985 626 necessitate
1027 571 1402 640 episcoporum
1450 569 1803 625 conveniendi
1853 582 1978 622 cum

397 679 492 718 suo
517 661 926 732 metropolitano
949 671 1212 731 oportune
1249 661 1411 716 annis
1434 660 1658 731 singulis
1683 659 1978 714 secundum

395 753 708 808 canonicam
735 753 1145 818 auctoritatem;
1193 753 1280 808 cui
1331 753 1621 808 convcnuii
1665 753 1680 783 ¹
1718 753 1980 807 interesse

400 851 606 915 oportet
656 843 882 898 abbates
938 851 1050 897 tam
1095 844 1387 899 canonicos
1440 859 1603 912 quam
1653 843 1980 898 monasticos

391 937 594 1005 absque
618 933 725 988 ulla
744 933 1129 989 subtractione.
1153 934 1219 988 Et
1241 934 1286 989 si
1307 933 1562 1004 possibile
1589 942 1673 988 est
1698 941 1790 987 aut
1815 933 1981 1001 impe-

393 1021 512 1076 riali
551 1021 771 1077 servitio
805 1037 914 1076 non
951 1021 1292 1077 detineantur
1317 1023 1358 1086 ',
1401 1021 1581 1077 adsint
1622 1021 1783 1076 etiam
1813 1021 1981 1076 comi-

393 1119 512 1173 tes;
560 1109 703 1180 quod
745 1110 792 1165 si
817 1110 895 1165 illi
921 1110 1207 1176 defuerint,
1256 1110 1436 1165 adsint
1477 1123 1663 1165 eorum
1689 1111 1807 1164 vice
1847 1109 1982 1165 tales

390 1203 562 1266 missi,
591 1202 682 1271 qui
717 1202 1010 1272 adimplere
1043 1201 1256 1256 valeant
1289 1215 1658 1271 quaecumque
1678 1201 1827 1256 utilia
1861 1215 1983 1255 eor-

390 1295 597 1364 rigendi
632 1293 809 1349 studio
842 1295 1134 1349 secundum
1172 1294 1415 1365 regulam
1450 1293 1858 1349 Christianitatis
1884 1292 1982 1346 ibi-

389 1385 513 1438 dem
539 1385 752 1438 invcnta
792 1383 1011 1439 fuerint.
1061 1382 1198 1438 Sunt
1240 1392 1418 1438 autem
1447 1384 1710 1452 plurimae
1751 1381 1984 1437 necessi-

389 1482 536 1528 tates
555 1489 694 1544 quae
715 1475 870 1529 aliter
885 1474 1161 1529 emendari
1187 1491 1292 1530 non
1327 1484 1552 1544 possunt
1591 1475 1695 1529 nisi
1721 1474 1774 1527 in
1800 1473 1985 1527 liuius-

390 1565 538 1620 modi
572 1574 877 1632 conventu;
930 1566 1023 1636 qui
1051 1574 1231 1620 tamen
1278 1573 1575 1620 conventus
1599 1579 1707 1634 quo
1744 1572 1984 1632 tempore

393 1655 511 1710 fieri
555 1655 786 1721 debeat,
848 1656 1282 1711 consideratione
1329 1656 1727 1724 metropolitani
1772 1663 1985 1711 vestrae

1166 281 1225 335 Β.
1267 271 1514 337 CAROLI
1554 277 1767 335 MAGNI
1806 277 1956 334 OPP.
1996 277 2174 332 PARS
2212 278 2252 332 Ι.
2295 276 2533 332 SECTlO
2572 276 2804 332 PRIMA.

3561 273 3666 330 tm

2005 389 2052 448 Α
2080 387 2286 440 sionem
2322 395 2555 440 vesti-am
2594 386 2615 417 ⁸
2641 402 2749 440 non
2784 382 2958 439 solum
3003 395 3198 438 census
3243 399 3378 453 quos
3405 385 3426 416 ⁸
3453 386 3671 456 exigere

2077 475 2143 529 de
2163 475 2358 530 eclesia
2387 475 2631 530 solebant
2651 483 2995 544 acceperunt,
3037 475 3258 544 insuper
3284 477 3449 530 etiam
3473 485 3527 532 et
3545 492 3672 548 gra-

2075 567 2226 621 viora
2253 565 2589 622 addiderunt.
2615 564 2750 620 Cum
2775 564 2883 619 sint
2898 565 3042 619 enim
3063 563 3307 634 plerique
3327 564 3559 619 eclesiae
3579 575 3675 620 aut

2078 658 2208 712 nihil
2237 665 2330 712 aut
2355 672 2544 726 parum
2568 654 2695 725 quid
2721 655 2959 710 exterius
2975 655 3259 719 habentes,
3289 656 3355 710 de
3377 655 3508 710 solis
3527 657 3672 712 deci-

2079 751 2183 805 mis
2202 759 2255 805 et
2275 749 2637 805 oblationibus
2659 748 2893 803 ﬁdelium
2919 763 3115 802 census
3141 756 3196 803 et
3219 748 3463 803 diversos
3488 757 3676 818 pastus

2077 841 2375 912 presbyteri
2403 857 2610 907 earum,
2637 840 2729 910 qui
2748 840 2839 894 vix
2859 839 3056 894 ibidem
3076 839 3255 894 vivere
3276 851 3526 910 possunt,
3555 842 3680 896 red-

2079 934 2207 989 dere
2234 933 2645 1003 compelluntur.
2697 933 2844 987 Haec
2868 945 2997 988 vero
3019 933 3201 988 omnia
3245 948 3386 1003 quae
3413 935 3538 990 inde
3561 934 3677 991 exi-

2080 1040 2208 1096 gere
2237 1025 2428 1088 solent,
2461 1041 2567 1079 non
2594 1025 2658 1080 de
2685 1039 2784 1079 suo
2810 1023 2989 1093 aliquo
3013 1022 3296 1090 beneﬁcio,
3350 1025 3445 1080 sed
3470 1026 3675 1081 solum-

2081 1115 2242 1170 modo
2278 1114 2344 1169 de
2380 1114 2537 1168 altari
2575 1121 2630 1168 et
2667 1113 2966 1183 parietibus
3007 1113 3271 1170 ecclesiae
3307 1115 3377 1170 ab
3421 1116 3678 1187 episcopo

2085 1201 2196 1256 Deo
2216 1199 2408 1255 dicatis
2437 1199 2552 1254 dari
2581 1200 2684 1254 sibi
2711 1206 2897 1270 agunt.

2154 1292 2206 1347 6.
2233 1291 2366 1359 Quia
2397 1301 2523 1346 sunt
2552 1291 2606 1345 in
2631 1291 2907 1362 plerisque
2946 1290 3080 1346 locis
3108 1289 3413 1360 parricidae
3434 1293 3454 1323 ⁷
3499 1300 3555 1348 et
3588 1309 3676 1350 ce-

2084 1385 2186 1439 teri
2211 1383 2511 1439 homicidae
2537 1383 2621 1437 vel
2651 1384 2870 1454 reliquis
2891 1385 3212 1454 capitalibus
3233 1385 3553 1442 criminibus
3581 1388 3681 1442 im-

2084 1474 2288 1545 plicati,
2316 1475 2406 1544 qui
2437 1475 2788 1544 penitentiam
2817 1475 3086 1544 publicam
3120 1490 3280 1546 agere
3301 1485 3676 1540 contemnunt,

2086 1566 2179 1636 qui
2200 1565 2386 1634 utique
2411 1565 2758 1634 reipublicae
2783 1565 3110 1622 utilitatibus
3140 1567 3357 1622 inutiles
3391 1575 3554 1635 sunt;
3590 1584 3682 1624 su-

2086 1671 2185 1726 per
2212 1657 2407 1726 quibus
2429 1669 2647 1710 necesse
2680 1663 2783 1721 est,
2811 1663 2871 1712 ut
2897 1664 3076 1710 vestra
3103 1656 3368 1712 celsitudo
3392 1659 3684 1713 comitibus

390 1748 577 1818 pietati
600 1745 1042 1802 innotescendum
1069 1754 1172 1811 est,
1201 1747 1343 1816 quod
1359 1747 1576 1816 plenius
1602 1754 1778 1801 vestra
1803 1754 1989 1801 aucto-
2018 1739 2066 1802 Β
2090 1745 2408 1817 praecipi.:t,
2439 1752 2705 1815 quatenus
2727 1745 2994 1815 episcopis
3030 1745 3357 1802 adiutorium
3397 1746 3595 1812 ferant,
3623 1755 3684 1801 ut

393 1838 556 1891 ritate
583 1838 604 1868 ³
629 1839 696 1892 ad
732 1850 855 1890 eum
891 1837 1262 1891 conveniatur.

464 1928 520 1982 2.
550 1927 619 1983 Ut
645 1927 1004 1982 ministerium
1031 1927 1364 1982 sacrosancti
1389 1926 1729 1996 baptismatis
1747 1941 1853 1982 non
1873 1925 1986 1980 ubi-

393 2036 626 2091 cumque
678 2033 777 2075 nec
829 2019 1314 2089 quandocumque,
1374 2026 1601 2088 excepta
1649 2017 1985 2072 inﬁrmorum

393 2129 580 2179 causa,
628 2112 724 2168 sed
765 2111 1026 2182 praeﬁxis
1065 2127 1096 2166 a
1135 2111 1338 2167 sanctis
1381 2111 1628 2182 patribus
1655 2110 1989 2180 temporibus

393 2203 610 2273 penitus
647 2202 966 2258 celebretur.
1007 2201 1179 2256 Aliter
1224 2201 1367 2256 enim
1395 2201 1440 2257 si
1470 2201 1750 2256 actitatum
1801 2199 1986 2265 fuerit,

394 2297 571 2351 honor
607 2295 744 2349 tanti
771 2294 1095 2350 sacramenti
1119 2302 1173 2347 et
1207 2293 1384 2349 debita
1436 2291 1737 2347 reverentia
1777 2298 1832 2346 et
1856 2304 1990 2345 cura

395 2397 453 2442 et
501 2388 775 2459 diligentia
825 2395 882 2442 et
928 2386 1160 2442 eruditio
1213 2385 1422 2456 pariter
1464 2385 1726 2440 vilescere
1779 2391 1990 2439 certum

398 2488 504 2535 cst.

466 2573 520 2626 5.
559 2571 655 2626 Est
679 2571 894 2641 quidem
923 2569 1078 2624 valde
1104 2569 1471 2625 necessarium
1496 2576 1555 2622 et
1572 2582 1784 2623 summa
1808 2580 1994 2622 emen-

395 2662 613 2718 datione
646 2661 892 2732 dignum,
917 2670 971 2717 et
992 2661 1129 2718 illud
1154 2675 1497 2731 nequaquam
1525 2658 1860 2729 neglegatur,
1888 2657 1994 2712 sic-

396 2763 458 2808 ut
503 2754 766 2808 hactenus
794 2767 931 2823 pene
969 2753 1037 2808 ab
1065 2752 1317 2807 omnibus
1361 2750 1666 2820 neglectum
1709 2757 1812 2814 est,
1840 2749 1993 2818 quasi

397 2859 503 2899 non
528 2844 712 2898 minus
735 2843 1101 2898 necessarium
1126 2843 1196 2898 sit
1217 2843 1270 2897 in
1298 2858 1406 2912 quo
1429 2849 1650 2897 nostrae
1679 2841 1998 2911 redemptio-

2085 1854 2180 1894 eos
2200 1838 2492 1893 canonicae
2513 1837 2844 1908 penitentiae
2867 1838 3099 1893 subdere
3123 1838 3358 1894 valeant.

2155 1929 2208 1983 7.
2241 1929 2312 1985 Ut
2351 1929 2604 1999 aequales
2640 1942 2926 1984 mensurae
2966 1937 3022 1983 et
3067 1929 3242 1985 iustae
3267 1931 3289 1962 ⁸
3327 1930 3383 1985 in
3422 1931 3678 1992 omnibus

2084 2020 2376 2090 provinciis
2422 2019 2632 2089 imperii
2672 2020 2838 2074 vestri
2876 2019 2987 2074 sint
3036 2020 3333 2076 secundum
3361 2020 3531 2092 legem
3577 2021 3684 2076 Do-

2087 2113 2220 2168 mini
2247 2112 2516 2168 iubentis:
2552 2111 2634 2167 Sit
2662 2110 2756 2166 tibi
2779 2127 2974 2183 aequus
3015 2111 3223 2167 modius
3254 2113 3521 2184 iustusque
3565 2129 3686 2167 sea:-

2088 2203 2276 2257 tarius.
2306 2201 2646 2272 Quapropter
2667 2201 3036 2259 diversitatem
3073 2217 3448 2258 mensurarum
3478 2204 3533 2259 in
3553 2205 3686 2258 mul-

2088 2293 2159 2347 tis
2183 2307 2445 2361 pauperes
2469 2291 2625 2346 valde
2654 2299 2969 2362 gravantur.
2998 2291 3205 2348 Census
3240 2300 3420 2347 tamen
3448 2293 3686 2364 singula-

2090 2401 2210 2440 rum
2238 2384 2636 2453 provinciarum
2685 2383 2984 2453 antiquitus
3029 2384 3357 2440 constitutus
3402 2384 3564 2439 huius
3607 2383 3687 2440 rei

2091 2476 2376 2530 occasione
2393 2475 2721 2544 pauperibus
2742 2489 2849 2529 non
2881 2483 3161 2546 augeatur.

2163 2567 2216 2622 8.
2257 2564 2542 2620 Postulant
2572 2573 2628 2619 et
2672 2574 2893 2621 monent
2930 2575 3181 2623 oratores
3213 2569 3400 2633 vestri,
3447 2577 3508 2623 ut
3544 2569 3688 2624 inter

2093 2667 2272 2713 cetera
2308 2671 2446 2727 quae
2484 2657 2642 2727 digne
2669 2657 2779 2713 Deo
2815 2658 2993 2728 agitis,
3023 2657 3089 2712 ad
3129 2673 3322 2714 causas
3355 2659 3689 2714 necessarias

2094 2747 2413 2804 eclesiarum
2448 2754 2502 2800 et
2540 2762 2841 2818 pauperum
2887 2747 3210 2818 aliquotiens
3257 2749 3555 2805 audiendas
3593 2759 3688 2804 aut

2095 2839 2482 2894 examinandas
2521 2847 2740 2910 propter
2784 2850 3025 2894 amorem
3061 2839 3157 2894 Dei
3203 2840 3494 2893 assumatis
3538 2837 3688 2894 labo-

397 2936 484 2992 i.is
505 2935 652 2990 salus
675 2943 730 2989 et
753 2934 944 2991 salutis
972 2951 1180 2991 summa
1211 2935 1479 3000 consistit,
1510 2934 1564 2988 id
1590 2941 1671 2989 est
1691 2935 1996 2991 communio
2097 2947 2234 2998 rem,
2263 2931 2388 3002 quia
2419 2929 2680 3001 perfectio
2713 2928 3002 2984 ministerii
3037 2929 3204 2984 vestri
3237 2929 3473 2983 maxime
3506 2929 3561 2983 in
3589 2929 3689 2983 hu-

399 3027 543 3082 sacri
573 3025 818 3096 corporis
846 3034 901 3080 et
939 3025 1216 3096 sanguinis
1249 3024 1452 3081 domini
1497 3025 1667 3080 nostri
1693 3025 1811 3080 Iesu
1838 3023 1996 3080 Chri-
2030 3091 2060 3096 _
2099 3020 2393 3078 iuscemodi
2429 3020 2679 3076 consistit
2703 3018 2898 3076 ofﬁcio.
2935 3019 3052 3074 Erit
3083 3019 3229 3075 enim
3255 3034 3417 3089 opere
3441 3020 3686 3091 precium

397 3118 488 3183 sti,
519 3117 610 3188 qui
630 3091 706 3171 ait
735 3135 747 3171 :
783 3115 902 3170 Nisi
925 3091 1365 3171 manducaveritis
1387 3131 1596 3170 carnem
1635 3114 1736 3186 ﬁlii
1765 3116 1989 3172 hominis
2017 3091 2064 3156 ο
2093 3112 2161 3168 ad
2185 3126 2374 3168 omnes
2395 3113 2596 3167 iudices
2612 3112 2738 3166 huic
2761 3111 2938 3166 ofﬁcio
2962 3111 3209 3182 puriores
3231 3118 3392 3181 atque
3413 3111 3686 3181 meliores.

363 3275 366 3279 ἡ
397 3219 448 3264 et
476 3209 706 3262 biberitis
732 3209 844 3262 eius
869 3208 1198 3278 sanguinem,
1232 3223 1336 3262 non
1359 3207 1616 3262 habebitis
1641 3207 1800 3262 vitam
1826 3207 1881 3261 in
1907 3224 1994 3262 ro—

400 3300 498 3352 bis.
530 3298 682 3355 Unde
719 3297 972 3354 monendi
995 3307 1121 3353 sunt
1143 3306 1304 3368 atque
1329 3298 1633 3353 instruendi
1652 3314 1841 3354 omnes
1865 3299 1996 3355 ﬁde-

398 3388 500 3454 les,
528 3396 588 3443 ut
614 3387 856 3443 mundati
890 3395 944 3442 et
963 3387 1253 3457 puriﬁcati,
1290 3395 1345 3441 et
1372 3387 1552 3458 sepius
1573 3389 1992 3453 communicent,

401 3487 458 3534 et
479 3488 790 3534 reverenter
830 3478 899 3533 ad
927 3477 1100 3547 ipsam
1141 3479 1575 3534 communionem
1601 3481 1878 3544 accedant,
1930 3495 1998 3535 ne

402 3571 700 3627 secundum
723 3569 1027 3641 apostolum
1064 3569 1310 3625 iuditium
1344 3570 1448 3626 sibi
1487 3571 1812 3627 manducent
1840 3581 1894 3626 et
1919 3573 1999 3627 bi-

410 3663 562 3717 bant.

475 3754 529 3807 4.
573 3753 642 3809 Ut
663 3753 975 3809 sacerdotes
1001 3753 1233 3820 Domini,
1265 3755 1358 3824 qui
1385 3766 1511 3810 sunt
1555 3757 1882 3814 mediatores
1921 3758 2001 3812 in-

406 3856 490 3900 ter
516 3847 682 3901 Deum
705 3854 760 3900 et
785 3846 1048 3912 homines,
1080 3862 1176 3917 per
1216 3863 1352 3917 quos
1381 3849 1626 3906 homines
1673 3851 1785 3906 Deo
1814 3863 2002 3906 recon-

403 3937 674 4001 ciliantur,
723 3943 879 3991 tanto
905 3937 1183 4007 despectui
1226 3954 1333 3994 non
1379 3939 1716 4007 habeantur;
1761 3941 1854 3996 sed
1902 3956 2002 4011 pro

407 4041 594 4080 amore
614 4033 668 4081 et
683 4026 983 4080 reverentia
1008 4026 1101 4081 Dei
1125 4028 1486 4084 ministerium
1508 4044 1722 4085 sacrum
1743 4032 1884 4100 quod
1905 4045 2003 4101 per

404 4132 500 4174 eos
530 4118 642 4173 Deo
685 4119 865 4173 exibet
911 4118 1125 4183 eclesia,
1166 4120 1220 4174 in
1269 4121 1348 4176 eis
1395 4121 1708 4187 honoretur,
1750 4131 1806 4176 et
1831 4133 1948 4178 uta
1979 4124 2001 4154 ⁸

404 4215 518 4270 suis
546 4213 759 4270 eclesiis
780 4223 892 4268 tam
925 4214 1131 4270 inlicito
1155 4231 1290 4270 ausu
1314 4216 1383 4270 ad
1403 4216 1673 4272 exteriora
1697 4216 2001 4287 peragenda

407 4318 514 4357 non
538 4303 857 4370 mittantur;
895 4302 1020 4373 quia
1043 4303 1267 4372 proinde
1301 4312 1355 4359 et
1394 4321 1530 4375 opus
1557 4305 1798 4360 divinum
1827 4307 2005 4377 negle-

2165 3203 2219 3260 9.
2260 3203 2337 3258 De
2374 3201 2714 3257 institutione
2749 3201 2893 3257 vitae
2932 3201 3342 3267 ca‘nonicorum,
3378 3216 3540 3271 quam
3579 3203 3690 3258 Deo

2096 3296 2393 3366 inspirante
2432 3305 2488 3350 et
2530 3294 2941 3351 administrante
2976 3295 3065 3364 pia
3101 3293 3471 3350 misericordia
3506 3305 3689 3350 vestra

2095 3386 2385 3451 ordinavit,
2421 3394 2481 3440 ut
2507 3399 2698 3440 omnes
2740 3385 2880 3440 idem
2917 3386 3174 3450 sentiant,
3205 3392 3260 3439 et
3283 3385 3444 3440 huius
3467 3399 3690 3456 proprio

2097 3478 2511 3548 metropolitano
2557 3491 2690 3533 cura
2729 3476 3024 3549 dciegetur,
3064 3485 3331 3547 quatenus
3370 3477 3426 3531 in
3463 3477 3690 3548 singulis

2097 3569 2233 3625 locis
2256 3569 2581 3639 ubicumque
2611 3568 2908 3623 secundum
2946 3568 3240 3624 iussionem
3275 3576 3511 3624 vestram
3543 3584 3692 3626 eom-

2097 3662 2242 3732 pleta
2279 3670 2382 3727 est,
2418 3660 2658 3731 perfecte
2690 3661 3058 3727 custodiatur;
3089 3667 3144 3714 et
3172 3660 3264 3715 ubi
3292 3660 3522 3716 necdum
3557 3675 3690 3716 eon-

2099 3761 2369 3809 summata
2399 3760 2503 3819 est,
2536 3751 2872 3822 providentia
2905 3759 2960 3806 et
2992 3751 3185 3808 studiis
3216 3737 3552 3822 perﬁciatur.
3593 3750 3694 3807 Hic

2099 3844 2245 3899 enim
2288 3851 2344 3897 ct
2390 3842 2776 3914 congruentius
2815 3849 3011 3898 ceteris
3046 3843 3228 3898 missis
3266 3858 3393 3905 suos
3429 3841 3694 3914 suffraga-

2102 3950 2234 3990 neos
2270 3934 2530 3990 canonica
2565 3935 2891 3990 auctoritate
2937 3934 3122 3990 sedulo
3161 3935 3450 3991 admonere
3487 3943 3690 4004 potest,

2101 4037 2156 4082 et
2188 4035 2300 4080 tam
2338 4040 2436 4095 per
2461 4040 2519 4080 se
2547 4041 2707 4095 quam
2741 4040 2840 4096 per
2872 4024 3067 4080 missos
3102 4041 3134 4080 a
3169 4040 3228 4081 se
3253 4024 3568 4094 frequenter
3602 4027 3693 4080 de-

2099 4119 2366 4183 stinatos,
2418 4116 2742 4185 ubicumque
2798 4115 3175 4172 emendatione
3233 4123 3409 4184 egeat,
3466 4117 3692 4186 perqui-

2104 4212 2290 4275 rendo,
2316 4210 2545 4266 sollicita
2572 4208 3005 4280 investigatione,
3029 4208 3260 4277 qualiter
3285 4209 3339 4263 in
3360 4208 3496 4264 locis
3517 4210 3694 4266 omni-

2103 4305 2204 4359 bus
2227 4311 2488 4367 servetur,
2518 4301 2777 4356 invenire.

405 4391 571 4461 gitur,
600 4401 654 4447 et
685 4391 920 4448 infames
961 4394 1078 4448 sine
1127 4394 1381 4463 baptismi
1427 4395 1621 4465 gratia,
1673 4403 1728 4449 et
1755 4397 2001 4452 homines

2139 4413 2741 4496 CONSTITUIME
2755 4408 3274 4496 ,ΕρξΧιὲἓΙιὲἓδ
3305 4409 3658 4467 Αιιοειιειιι-

409 4480 526 4534 sine
563 4479 901 4537 confessione
934 4482 1072 4536 mori
1105 4481 1298 4537 solent.
1344 4481 1511 4539 Cuius
1545 4498 1744 4540 causae
1785 4485 1998 4556 pericu-

408 4573 520 4627 lum
546 4580 601 4627 et
621 4573 676 4626 in
710 4588 803 4628 eos
831 4574 922 4644 qui
957 4589 989 4628 a
1015 4573 1130 4630 suis
1153 4573 1365 4630 eclesiis
1390 4588 1485 4631 eos
1523 4575 1808 4643 advocant,
1859 4585 1913 4632 et
1941 4579 1996 4634 in

409 4663 712 4733 episcopos,
745 4679 977 4735 quorum
1007 4665 1181 4721 vicem
1206 4681 1367 4736 agere
1409 4667 1626 4734 debent,
1672 4669 1998 4726 miserabili-

412 4763 500 4810 ter
525 4763 895 4828 retorquetur.

481 4845 535 4901 5.
561 4846 632 4902 Ut
650 4862 774 4919 erga
800 4847 1025 4905 eclesias
1059 4849 1303 4920 piissima
1330 4850 1699 4908 misericordia
1737 4859 1916 4908 vestra
1944 4853 1998 4909 id

411 4937 554 5006 quod
576 4936 683 4993 iam
710 4935 910 4994 dudum
935 4940 1044 4994 Deo
1066 4939 1360 5008 inspirante
1387 4941 1594 5006 statuit,
1621 4942 1899 4996 observari
1928 4944 1998 4998 ab

411 5029 661 5086 omnibus
682 5029 862 5086 iubeat
886 5047 903 5094 ;
943 5030 1198 5100 quoniam
1226 5029 1468 5099 plerique
1499 5039 1622 5101 post
1648 5047 1861 5087 sacram
1890 5035 2000 5090 ius-

2481 4483 2852 4541 SCOPORUM
2890 4481 3230 4538 HABENDIS
3257 4495 3307 4535 ι.

2278 4588 2541 4630 εΑριτυιΑ
2579 4590 2611 4628 Α
2649 4586 2874 4628 ritssiuo
2911 4587 3227 4628 nwoowrco
3263 4587 3425 4626 eam
3465 4570 3512 4624 ’.

2172 4666 2330 4722 Anno
2359 4667 2400 4697 ¹⁰
2424 4673 2577 4721 sexto
2603 4663 2812 4720 decimo
2842 4672 3102 4736 regnante
3123 4664 3321 4719 domno
3345 4671 3535 4720 nostro
3563 4663 3698 4720 Illu-

2104 4760 2333 4824 dowico,
2361 4765 2658 4814 conventus
2689 4757 3064 4827 episcoporum
3089 4756 3248 4813 debet
3285 4756 3404 4812 ﬁeri
3439 4757 3495 4811 in
3527 4766 3695 4827 quat-

2106 4862 2229 4908 tuor
2269 4851 2421 4915 locis,
2467 4851 2521 4906 id
2547 4857 2630 4906 est
2661 4849 3015 4920 Magontiaco,
3054 4851 3111 4906 in
3145 4866 3252 4921 quo
3287 4851 3377 4906 isti
3422 4850 3697 4920 archiepi-

2105 4946 2254 5015 scopi
2287 4961 2410 4999 eum
2441 4959 2628 4998 eorum
2671 4941 3027 5014 suifraganeis
3070 4944 3361 5000 convenire
3397 4943 3601 4998 debent
3627 4943 3691 5007 “,

2106 5038 2135 5077 ιι
2157 5035 2448 5092 Autcarius
2483 5036 2547 5101 η,
2587 5046 2609 5073 ε
2643 5034 3012 5101 Hadebaliius,
3047 5036 3074 5076 ἀ
3102 5037 3277 5103 Betti,
3319 5048 3344 5076 ε
3367 5036 3689 5093 Bernoiuus.

1657 5166 2050 5228 VARIANTES
2076 5173 2477 5230 LECTIONES.

488 5281 504 5312 ¹
536 5288 832 5336 conventus
867 5281 918 5334 1.
1015 5283 1034 5312 ⁸
1073 5281 1375 5338 detineatur
1404 5283 1456 5335 1.

1549 5282 1570 5314 ³
1609 5283 1911 5340 auctoritas
1938 5287 1958 5340 1
1973 5325 1988 5344 .

2077 5289 2196 5343 ‘ad
2238 5290 2289 5344 1.

2385 5290 2406 5320 ⁸
2444 5297 2683 5344 nostram
2717 5289 2764 5342 1.
2863 5287 2884 5318 ⁸
2925 5288 3068 5357 quod
3115 5290 3166 5342 1.

3263 5290 3286 5322 ⁷
3321 5289 3591 5360 parricida
3637 5293 3657 5350 1

475 5351 616 5406 iuste
651 5349 704 5404 1.
776 5349 800 5382 ⁸
823 5351 898 5405 ita
924 5350 978 5406 2.
1002 5353 1056 5408 5.
1086 5352 1501 5422 (hlothouuico).
1581 5354 1623 5384 ¹⁰
1650 5365 1790 5409 extat
1827 5356 1881 5409 in
1911 5357 2064 5411 codd.
2093 5358 2245 5414 2-10.
2325 5361 2365 5390 “
2395 5360 2450 5415 d.
2473 5369 2567 5414 aut
2599 5359 2820 5415 uicariis
2843 5357 2897 5412 6.
2943 5349 3018 5388 ἠ
3042 5349 3336 5431 audgarius
3356 5362 3415 5416 5.

1940 5466 2172 5524 ΝΟΤᾹΕ.

490 5577 513 5603 α
552 5563 632 5616 Ex
657 5557 788 5625 Cod,
814 5557 869 5624 ‘2,
896 5560 948 5624 '5,
972 5557 1120 5614 5-10.

490 5633 520 5671 δ
558 5631 1004 5698 Archiepiscopus
1038 5627 1398 5696 Moguntinus.
1424 5627 1631 5698 iB..u.rz.

493 5713 515 5740 ε
553 5697 999 5768 Archiepisccpus
1024 5697 1378 5754 Coloniensis.
1419 5697 1496 5752 lo.

2180 5558 2204 5598 ἀ
2245 5558 2696 5628 Archiepiscopus
2724 5558 3080 5615 Trevirensis.
3109 5559 3186 5614 lo.

2183 5643 2205 5667 ο
2240 5630 2690 5698 Arcbiepiseopus
2724 5630 3185 5687 Vesontionensis.
3215 5631 3293 5687 lo.
