3974 6134
206 297 320 358 597

524 297 752 357 CODEX
789 295 1310 354 DlPLOMATlCUS.
1334 266 1405 338 ί-
1426 293 1748 353 LUDOVICI
1785 294 1804 350 Ι
1844 293 1935 350 ET
1970 291 2298 351 LOTIIARll
2331 290 2987 350 CKPITULARIA.—Ax.
3020 290 3144 348 828.

3366 287 3472 346 598

204 423 329 484 ptus
352 419 439 468 est
470 413 541 467 ab
576 426 684 466 uno
707 410 924 477 herede,
953 410 1150 465 iterum
1185 408 1383 464 caeteri
1410 407 1637 463 heredes
1662 422 1787 462 eum
1814 410 1861 469 Δ
1890 407 1992 463 bus
2015 406 2150 477 locis
2176 411 2384 460 tantum
2419 403 2690 473 accipiunt
2716 403 2782 458 de
2809 402 3053 457 coniectu
3072 399 3259 471 populi
3279 399 3348 456 ad
3374 401 3476 457 mi-

205 505 550 576 iuterpeilare
578 513 633 561 et
655 503 941 573 adquirere
963 509 1248 558 conantur.

272 598 333 654 3.
372 597 449 653 De
480 596 771 653 comitibus
803 601 861 651 et
893 593 1111 649 vicariis
1143 608 1351 659 eorum,
1381 591 1475 663 qui
1510 591 1563 647 in
1596 589 1791 661 aliqui-

1889 513 2077 552 uorem
2098 496 2443 567 legationem,
2467 502 2727 564 quantum
2754 493 2822 549 ad
2848 492 3135 548 maiorem.

204 726 3466 758 Μή

440 792 445 793 7
796 817 1130 877 EPISTOLA
1165 820 1354 887 QUAE
1389 780 1876 878 GENERALITER
1912 814 2183 873 POPULO
2220 814 2330 870 DEI
2365 814 2498 871 EST
2534 812 2877 871 LEGENDA.

1510 939 1740 953 ——

534 997 752 1056 nomine
852 997 1068 1056 Domini
1158 998 1255 1055 Dei
1359 1007 1417 1057 et
1507 997 1794 1055 salvatoris

197 1091 380 1149 nostri
475 1091 596 1146 lesu
686 1090 908 1147 Christi.
1004 1089 1353 1147 Hludowicus
1447 1097 1502 1147 et
1571 1090 1803 1145 ilictha-r

197 1184 319 1238 rius
416 1181 594 1238 divina
684 1180 970 1236 ordinante
1059 1180 1397 1252 providentia
1504 1178 1793 1251 imperato-

196 1288 290 1328 res
386 1271 622 1343 augusti,
720 1271 971 1328 omnibus
1062 1270 1314 1328 ﬁdelibus
1405 1280 1622 1329 sanctae
1694 1271 1791 1327 Dei

195 1366 467 1441 ecclesiae
558 1372 615 1421 et
707 1364 928 1420 nostris.
1039 1363 1335 1422 Rccordari
1428 1380 1527 1421 vos
1618 1364 1791 1421 credi-

196 1475 324 1514 mus
346 1498 365 1523 ,
449 1457 681 1527 qualiter
756 1457 862 1513 hoc
917 1471 1059 1513 anno
1080 1497 1095 1521 ,
1170 1455 1395 1513 oonsilio
1448 1457 1788 1512 sacerdotum

194 1558 252 1607 et
338 1551 567 1607 aliorum
647 1547 885 1606 ﬁdelium
963 1558 1307 1616 nostrorum,
1382 1548 1632 1620 generale
1711 1547 1791 1603 ie-

195 1644 410 1700 iunium
517 1656 614 1714 per
707 1650 879 1698 totum
977 1653 1203 1713 regnum
1300 1648 1546 1697 nostrum
1648 1638 1789 1696 cele-

194 1734 364 1790 brare
436 1732 691 1789 iussimus
715 1772 733 1799 ,
805 1731 1085 1802 Deumque
1157 1738 1270 1811 tota
1339 1729 1623 1786 devotione
1695 1729 1788 1786 de-

196 1837 457 1895 poscere,
521 1831 583 1884 ut
644 1822 802 1879 nobis
852 1820 1167 1894 propitiari,
1231 1829 1287 1878 et
1348 1820 1405 1877 in
1465 1821 1663 1892 quibus
1723 1819 1787 1876 ii-

193 1917 310 1977 ium
393 1915 631 1970 maxime
712 1913 1095 1971 offenderimus
1174 1913 1328 1970 nobis
1408 1912 1782 1978 manifestare,

191 2014 244 2061 et
306 2013 371 2059 ut
418 2006 441 2036 ⁸
512 2003 582 2059 ad
653 2003 1044 2060 correctionem
1113 2010 1354 2060 nostram
1426 2002 1788 2059 necessariam

193 2094 551 2164 tranquillum
640 2100 855 2165 tempus
951 2093 1107 2149 nobis
1209 2094 1450 2150 tribuere
1538 2094 1787 2165 dignare-

189 2192 302 2238 tur.
409 2183 765 2241 Voiueramus
854 2185 1115 2255 siquidem
1209 2193 1450 2255 tempore
1547 2198 1788 2258 congruo

188 2276 456 2347 placitum
526 2284 770 2332 nostrum
843 2276 1092 2348 generale
1164 2277 1391 2341 habere,
1465 2284 1522 2332 et
1591 2276 1646 2331 in
1718 2288 1786 2332 eo

189 2371 256 2425 de
336 2371 610 2425 communi
701 2369 1037 2425 correctione
1131 2385 1329 2440 agere;
1406 2376 1461 2424 et
1531 2369 1604 2423 ita
1675 2367 1788 2425 Deo

190 2461 493 2517 miserante
573 2460 756 2527 ﬁeret,
830 2458 935 2516 nisi
1028 2460 1318 2517 commotio
1412 2458 1786 2526 inimicorum,

186 2553 339 2609 sicut
390 2552 593 2635 nostis,
651 2550 1034 2622 praepedisset.
1122 2551 1230 2608 Sed
1289 2550 1416 2621 quia
1471 2556 1601 2607 tunc
1669 2549 1787 2605 ﬁeri

186 2656 302 2700 non
377 2643 555 2713 potuit
626 2641 771 2698 iuxta
844 2642 1176 2699 voluntatem
1247 2650 1522 2707 nostram,
1607 2641 1787 2696 visum

186 2736 355 2792 nobis
438 2727 536 2790 fuit
615 2750 873 2807 praesens
951 2735 1211 2806 placitum
1304 2748 1429 2791 cum
1520 2734 1788 2804 aliquibus

187 2840 257 2881 ex
322 2824 573 2881 ﬁdelibus
635 2824 835 2881 nostris
892 2825 1125 2891 habere,
1213 2830 1268 2880 et
1326 2824 1381 2879 in
1453 2838 1519 2879 eo
1577 2824 1643 2880 de
1702 2823 1789 2881 his

187 2931 337 2987 quae
427 2923 654 2986 propter
739 2915 1076 2992 praedictum
1166 2914 1610 2985 impedimentum
1702 2929 1789 2970 re-

186 3014 540 3073 manserunt,
627 3007 857 3076 qualiter
937 3005 1006 3063 ad
1087 3005 1339 3061 aﬁ‘ectum
1409 3003 1786 3076 pervenirent,

185 3099 428 3157 Domino
554 3102 844 3157 adiuvante
971 3097 1339 3155 considerare.
1449 3096 1788 3168 Quapropter

186 3206 361 3247 nosse
452 3192 700 3248 volumus
789 3190 1065 3247 solertiam
1154 3198 1423 3255 vestram,

183 3282 295 3340 isto
385 3284 659 3352 praesenti
740 3283 940 3354 placito
1020 3298 1144 3339 cum
1228 3280 1479 3337 ﬁdelibus
1586 3281 1788 3336 nostris

184 3373 665 3430 consideravimus
690 3415 706 3441 ,
806 3381 866 3429 ut
964 3373 1141 3443 primo
1230 3371 1476 3427 omnium
1576 3369 1791 3426 archie-

183 3465 408 3535 piscopi
492 3481 614 3521 cum
699 3465 810 3521 suis
882 3464 1242 3536 suifraganeis
1324 3464 1381 3519 in
1452 3464 1589 3521 locis
1665 3479 1795 3520 con-

184 3556 354 3626 gruis
445 3562 684 3627 tempore
754 3564 1066 3627 opportuno
1141 3555 1520 3622 convenirent,
1592 3562 1649 3611 et
1718 3545 1794 3610 ibi

183 3654 302 3702 tam
386 3647 454 3702 de
516 3663 612 3702 sua
683 3663 843 3720 quam
919 3649 986 3704 de
1053 3649 1295 3705 omnium
1367 3654 1612 3704 nostrum
1674 3663 1795 3704 cor-

180 3740 443 3796 rectione
544 3749 599 3796 et
692 3739 1067 3796 emendatione
1163 3739 1458 3796 secundum
1553 3735 1791 3795 divinam

181 3829 580 3885 auctoritatem
676 3829 986 3901 quaerendo
1078 3829 1413 3895 invenirent,
1497 3835 1554 3883 et
1633 3827 1792 3884 nobis

181 3932 365 3994 atque
446 3920 692 3977 ﬁdelibus
771 3920 971 3977 nostris
1053 3920 1349 3976 secundum
1430 3917 1790 3975 ministerium

181 4016 296 4071 sibi
412 4013 761 4070 commissum
870 4012 1268 4069 adnuntiarent.
1407 4011 1539 4079 Quis
1647 4010 1792 4067 enim

180 4119 302 4158 non
404 4102 600 4156 sentiat
680 4101 850 4158 Deum
942 4101 1144 4157 nostris
1231 4100 1566 4170 pravissimis
1658 4099 1793 4155 acti-

183 4194 299 4249 bus
379 4190 501 4247 esse
570 4190 836 4248 offensum
910 4198 966 4247 et
1036 4191 1105 4246 ad
1172 4188 1512 4246 iracundiam
1594 4204 1793 4260 provo-

181 4273 415 4348 catum,
493 4299 615 4341 cum
688 4283 868 4338 videat
941 4289 1020 4339 tot
1091 4282 1245 4338 annis
1318 4280 1627 4337 multiiariis
1696 4279 1790 4336 ﬁa-

180 4375 356 4446 gellis
418 4375 556 4429 iram
615 4374 756 4430 illius
814 4374 871 4429 in
929 4389 1095 4445 regno
1159 4373 1315 4430 nobis
1374 4374 1444 4429 ab
1507 4388 1572 4429 eo
1644 4386 1791 4430 com-

178 4468 373 4524 misso
444 4466 753 4533 desaevire,
824 4467 1071 4524 videlicet
1151 4466 1207 4521 in
1278 4465 1421 4521 fame
1494 4466 1786 4531 continua,

268 1000 416 1057 ln’

1515 3191 1660 3259 quod
1731 3189 1786 3243 in
1813 3185 1861 3252 ο
1893 3187 2155 3246 siderare.

1964 999 2022 1053 In
2098 999 2116 1029 ί
2229 994 2448 1051 nomine
2552 991 2757 1050 domini
2861 990 2959 1049 Dei
3030 1000 3086 1047 et
3191 993 3479 1053 salvatoris

1893 1090 2066 1146 nostri
2146 1089 2265 1144 lesu
2346 1084 2548 1143 Christi
2675 1084 3022 1141 Hludowicus
3111 1093 3166 1142 et
3255 1086 3479 1144 Hlotha-

1893 1184 2008 1240 rius
2103 1182 2281 1237 divina
2371 1180 2669 1238 ordinante
2757 1179 3095 1249 providentia
3188 1180 3478 1252 imperato-

1892 1291 1982 1332 res
2066 1274 2310 1347 augusti,
2400 1272 2652 1329 omnibus
2744 1271 2989 1327 ﬁdelibus
3079 1281 3298 1327 sanctae
3382 1275 3475 1329 Dei

1893 1367 2155 1423 ecclesiae
2250 1372 2305 1420 et
2401 1362 2620 1419 nostris.
2716 1363 3009 1420 Recordari
3107 1380 3207 1420 vos
3303 1365 3478 1422 credi-

1893 1474 2044 1524 mus,
2121 1457 2353 1528 qualiter
2423 1457 2528 1512 hoc
2598 1471 2773 1522 anno,
2847 1456 3072 1511 consilio
3133 1458 3474 1512 sacerdotum

1892 1562 1942 1608 et
2017 1553 2250 1608 aliorum
2333 1549 2572 1606 ﬁdelium
2654 1556 2993 1615 nostrorum,
3077 1550 3327 1621 generale
3402 1551 3479 1605 ie-

1893 1645 2101 1701 iunium
2198 1658 2299 1714 per
2392 1651 2567 1698 totum
2674 1656 2900 1713 regnum
2997 1650 3243 1697 nostrum
3338 1644 3478 1699 cele-

1891 1736 2052 1791 brare
2122 1733 2407 1798 iussimus,
2482 1730 2758 1800 Deumque
2843 1738 2957 1786 tota
3031 1731 3315 1786 devotione
3386 1733 3479 1786 de-

1815 1830 1862 1893 B
1887 1838 2137 1896 poscere,
2185 1831 2247 1880 ut
2294 1820 2452 1878 nobis
2494 1821 2776 1893 propitiari
2822 1831 2877 1878 et
2946 1822 2968 1854 ³
3004 1820 3057 1876 in
3097 1824 3290 1892 quibus
3328 1823 3476 1878 illum

1890 1914 2127 1970 maxime
2230 1912 2497 1971 offensum
2605 1912 2934 1968 haberemus
3039 1912 3197 1968 nobis
3303 1913 3478 1967 mani—

1889 2005 2126 2073 festare,
2171 2013 2255 2078 _et
2325 2013 2387 2062 ut
2459 2006 2527 2061 ad
2601 2005 2994 2062 correctionem
3066 2012 3308 2060 nostram
3382 2020 3478 2061 ne-

1892 2095 2186 2152 cessariam
2270 2093 2629 2165 tranquillum
2711 2103 2925 2165 tempus
3006 2094 3165 2151 nobis
3238 2095 3478 2151 tribuere

1888 2187 2223 2259 dignaretur.
2369 2187 2725 2243 Volueramus
2850 2183 3117 2256 siquidem
3234 2192 3477 2257 tempore

1887 2293 2128 2350 congruo
2216 2278 2477 2350 placitum
2567 2286 2813 2335 nostrum
2904 2277 3160 2349 generale
3243 2277 3472 2343 habere,

1888 2379 1942 2428 et
2018 2372 2074 2427 in
2137 2373 2329 2428 eodem
2402 2370 2471 2427 de
2532 2370 2804 2427 commuri
2877 2368 3217 2425 correctione
3281 2384 3474 2441 agere;

1887 2470 1942 2521 et
2012 2464 2089 2519 ita
2163 2460 2275 2520 Deo
2361 2460 2653 2519 miserante
2737 2460 2922 2529 ﬁeret,
3006 2463 3118 2517 nisi
3186 2464 3481 2519 commotio

1886 2550 2264 2618 inimicorum,
2356 2552 2496 2608 sicut
2586 2551 2791 2617 nostis,
2883 2552 3272 2621 praepedisset.
3370 2550 3476 2607 Sed

1887 2644 2013 2714 quia
2096 2652 2227 2701 tunc
2298 2641 2415 2699 ﬁeri
2496 2658 2605 2699 non
2677 2643 2852 2713 potuit
2917 2640 3068 2697 iuxta
3146 2640 3482 2697 voluntatem

1888 2745 2158 2801 nostram,
2233 2736 2409 2791 visum
2492 2733 2649 2791 nobis
2720 2733 2821 2788 fuit
2890 2748 3149 2804 praesens
3217 2734 3475 2805 placitum

1887 2840 2013 2881 cum
2102 2825 2371 2896 aliquibus
2463 2840 2533 2881 ex
2606 2824 2855 2880 ﬁdelibus
2948 2825 3149 2880 nostris
3245 2826 3481 2891 habere,

1888 2922 1945 2969 et
2018 2912 2073 2969 in
2158 2928 2226 2970 eo
2306 2912 2373 2969 de
2453 2910 2540 2967 his
2620 2927 2759 2982 quae
2840 2919 3060 2982 propter
3140 2913 3477 2982 praedictum

1889 3004 2333 3077 impedimentum
2393 3012 2798 3070 remanserunt,
2894 3004 3128 3075 qualiter
3212 3007 3283 3062 ad
3400 3006 3481 3062 et-

1887 3095 2087 3152 i‘cctum
2178 3096 2561 3167 pervenirent,
2646 3095 2876 3151 Domino
2966 3095 3256 3151 adiuvante
3348 3111 3482 3153 con-

2269 3190 2605 3262 Quapropter
2711 3205 2873 3246 nosse
2967 3190 3216 3247 volumus
3307 3190 3479 3247 soler-

1894 3280 2025 3336 tiam
2098 3291 2351 3349 vestram,
2427 3284 2569 3354 quod
2641 3284 2697 3339 in
2760 3284 2866 3340 isto
2935 3286 3208 3355 praesenti
3278 3285 3479 3355 placito

1895 3390 2018 3429 cum
2092 3374 2340 3430 ﬁdelibus
2410 3375 2615 3431 nostris
2686 3375 3175 3442 consideravimus,
3247 3385 3309 3432 ut
3366 3378 3478 3448 pri-

1894 3482 1984 3522 mo
2069 3467 2310 3522 omnium
2397 3467 2788 3539 archiepiscopi
2871 3484 2995 3525 cum
3078 3469 3192 3525 suis
3285 3468 3482 3526 δυσω-

1893 3556 2078 3626 ganeis
2160 3556 2214 3611 in
2298 3556 2431 3613 locis
2515 3559 2770 3631 congruis
2853 3566 3095 3630 tempore
3175 3569 3487 3633 opportuno

1893 3646 2276 3713 convenirent,
2361 3655 2416 3704 et
2497 3648 2572 3705 ibi
2654 3657 2771 3705 tam
2848 3652 2915 3706 de
2997 3666 3105 3707 sua.
3178 3667 3342 3722 quam
3412 3654 3486 3710 de

1892 3746 2133 3802 omnium
2215 3751 2459 3801 nostrum
2543 3743 2879 3801 correctione
2962 3753 3018 3801 et
3101 3747 3486 3804 emendatione

1892 3830 2188 3887 secundum
2312 3831 2548 3886 divinam
2677 3831 3055 3887 auctoritatem
3169 3833 3482 3902 quaerendo

1893 3918 2247 3987 invenirent,
2317 3929 2373 3975 et
2458 3920 2614 3976 nobis
2694 3928 2854 3990 atque
2943 3920 3194 3976 ﬁdelibus
3275 3922 3482 3977 nostris

1892 4011 2186 4067 secundum
2280 4008 2641 4067 ministerium
2740 4006 2843 4066 sibi
2936 4011 3289 4066 commissum
3382 4013 3480 4068 ad-

1891 4102 2220 4157 nuntiarent.
2310 4101 2442 4157 ltem
2538 4096 3030 4165 consideravimus,
3124 4110 3186 4157 ut
3280 4102 3483 4157 missos

1891 4195 2105 4246 nostros
2231 4205 2327 4260 per
2451 4191 2761 4246 universum
2894 4206 3122 4262 regnum
3229 4201 3474 4247 nostrum

1890 4283 2260 4350 mitteremus,
2336 4283 2427 4354 qui
2498 4282 2565 4340 de
2623 4280 2876 4340 omnibus
2946 4283 3124 4339 causis
3196 4299 3335 4356 quae
3406 4279 3479 4341 ad

1890 4376 2284 4434 correctionem
2410 4377 2685 4446 pertinere
2812 4372 3165 4444 viderentur,
3270 4387 3485 4448 quanto

1886 4470 2187 4541 potuissent
2293 4468 2471 4526 studio
2577 4470 2946 4535 decertarent,
3056 4478 3113 4524 et
3218 4468 3483 4542 quicquid

180 4556 242 4611 in
340 4555 670 4613 mortalitate
749 4558 1091 4621 animalium,
1179 4556 1234 4611 in
1313 4554 1618 4625 pestilentia
1688 4556 1785 4611 ho-
1817 4537 2146 4632 l)passibile
2242 4558 2585 4623 invenirent,
2677 4558 3091 4630 praesentaliter
3164 4571 3191 4601 ι
3237 4537 3254 4542 ⁷
3288 4537 3475 4616 nostra

180 4650 443 4715 minum,
490 4649 574 4704 .in
647 4650 933 4706 sterilitate
1001 4665 1138 4721 pene
1219 4650 1462 4706 omnium
1534 4647 1781 4720 frugum,

180 4748 277 4805 et,
372 4747 432 4793 ut
515 4740 590 4795 ita
672 4742 928 4807 dixerim,
1012 4740 1392 4796 diversissimis
1472 4740 1785 4795 morborum

178 4832 451 4887 cladibus
543 4842 705 4903 atque
805 4833 1111 4904 ingentibus
1201 4830 1440 4902 penuriis
1529 4832 1783 4902 populum

180 4921 361 4975 istius
447 4924 599 4992 regni
679 4922 1059 4979 miserabiliter
1139 4930 1390 4977 vexatum
1475 4929 1532 4978 et
1621 4921 1788 4977 aﬁlie-

178 5021 348 5077 tum,
437 5022 600 5086 atque
669 5014 816 5071 omni
889 5015 1215 5070 abundantia
1301 5029 1483 5069 rerum
1555 5015 1786 5085 quodam

178 5104 365 5159 [nodo
457 5102 809 5159 exinanitum.
906 5101 1017 5159 Nec
1108 5103 1239 5159 illud
1330 5102 1494 5158 etiam
1578 5104 1789 5161 dubita-

179 5208 326 5249 mus
408 5207 478 5247 cx
556 5195 696 5250 iusta
780 5193 1015 5250 vindicta
1088 5193 1230 5250 illius
1300 5195 1550 5261 evenire,
1645 5197 1787 5267 quod

176 5274 368 5353 saepe
448 5284 699 5340 scandala
780 5300 879 5356 per
960 5294 1218 5358 tyrannos
1300 5284 1356 5341 in
1443 5287 1548 5344 hoc
1618 5303 1786 5360 regno

1891 4651 2215 4707 auctoritate
2286 4646 2653 4721 corrigerent;
2730 4658 2785 4706 et
2858 4650 2903 4705 si
2976 4651 3153 4722 aliqua
3250 4652 3477 4710 dimoui—

1893 4751 1976 4797 tas
2030 4741 2084 4797 in
2144 4740 2385 4811 qualibet
2443 4756 2503 4796 re
2562 4740 2644 4795 eis
2706 4738 3032 4806 obsisteret,
3101 4743 3167 4797 ad
3231 4751 3474 4803 nostram

1892 4834 2141 4888 notitiam
2248 4832 2457 4889 deferre
2565 4842 2837 4891 curarent.
2950 4834 3292 4907 Quapropter
3381 4852 3474 4892 vo-

1888 4924 2095 4989 lumus,
2179 4932 2241 4980 ut
2325 4940 2424 4979 vos
2506 4940 2727 4992 omnes,
2819 4934 3038 4997 propter
3131 4939 3473 4982 communem

1890 5014 2117 5070 salutem
2189 5024 2244 5070 et
2317 5016 2472 5087 regni
2549 5016 2809 5095 honorem
2883 5032 2948 5072 ac
3018 5016 3203 5086 populi
3273 5015 3482 5070 utilita—

1889 5116 2024 5174 tem,
2120 5107 2433 5164 obedicntes
2528 5116 2583 5163 et
2653 5108 2926 5163 adiutores
3020 5106 3200 5162 missis
3272 5106 3473 5161 nostris

1887 5201 1944 5255 in
2015 5200 2266 5257 omnibus
2334 5214 2436 5270 pro
2510 5199 2715 5255 viribus
2785 5213 2906 5255 esse
2977 5214 3084 5254 non
3144 5197 3477 5268 neglegatis;

1886 5292 2154 5363 simulque
2236 5291 2421 5349 sciatis
2507 5292 2577 5347 ob
2650 5291 2790 5346 hanc
2872 5305 3093 5347 causam
3164 5304 3265 5346 nos
3336 5284 3476 5344 velle

300 5476 303 5477 ί
370 5400 389 5417 π
1428 5400 1821 5460 VARIANTES
1856 5404 2255 5463 LECTIONES.

269 5491 293 5523 ⁸
332 5507 400 5546 ρει
437 5490 753 5560 Sirmondo;
788 5493 973 5549 desunt
1007 5495 1059 5548 in
1097 5494 1249 5552 codd.
1283 5496 1542 5552 omnibus.
1641 5500 1661 5529 ¹¹
1682 5498 1822 5555 deest
1848 5500 1987 5571 apud
2010 5500 2176 5559 Sirm.
2251 5499 2272 5532 ⁸
2294 5499 2611 5571 propitiaret
2637 5496 2808 5557 Sim.

1727 5608 1956 5666 NOTAE.

264 5731 298 5758 ι
346 5712 422 5771 ita
446 5714 729 5783 Baluzius;
758 5732 851 5788 per
875 5719 1173 5789 semetipsos
1204 5718 1369 5776 Sirtu.
