3974 6134
509 258 613 312 599

505 372 826 435 exsurgunt,

422 445 444 491 ῖ-
506 457 764 509 unitatem
838 456 1042 525 imperii
1116 473 1212 511 sua
1282 458 1547 527 pravitate
1618 458 1862 512 nituntur
1940 458 2081 512 scin-

503 548 650 598 dere.
764 543 896 597 Nam
994 552 1048 599 et
1148 545 1277 599 illud
1388 546 1738 601 nihilominus
1842 546 2081 614 peccatis

502 636 700 690 nostris
773 636 1136 705 deputandum
1187 646 1300 701 est,
1372 637 1514 705 quod
1553 650 1579 679 ει
1616 638 1817 692 inimici
1879 637 2080 692 Clu-isti

504 727 738 781 nominis
843 729 1138 800 praeterito
1246 744 1389 784 anno
1499 731 1552 784 in
1648 730 1750 785 hoc
1857 746 2081 800 regmun

502 817 750 886 ingressi,
825 818 1293 886 depraedationes,
1378 819 1627 874 incendia
1699 820 2075 884 ecclesiarum,

501 914 553 960 et
626 906 1013 974 capivationes
1097 908 1547 973 christianorum,
1629 918 1684 964 et
1754 910 2082 965 interfectio-

506 1011 601 1050 nes
662 1013 943 1054 servorum
1002 1000 1097 1054 Dei
1169 1001 1429 1055 audenter
1495 1010 1554 1056 et
1608 1002 1856 1072 impune,
1918 1004 2082 1060 immo

502 1086 823 1152 crudeliter,
923 1086 1182 1144 fecerunt.
1292 1088 1484 1161 Agitur
1578 1091 1840 1161 siquidem
1938 1095 2082 1151 iusto

503 1174 698 1230 iudicio
756 1175 887 1239 Dei,
963 1185 1021 1231 ut
1093 1179 1218 1248 quia
1293 1180 1346 1234 in
1411 1182 1620 1236 cunctis
1691 1182 2079 1252 delinquimus,

502 1268 727 1324 izzterius
799 1270 961 1324 simul
1043 1279 1097 1325 et
1172 1271 1410 1327 exterius
1481 1272 1829 1344 flagellemur.
1914 1274 2083 1329 Bene—

506 1358 642 1413 liriis
715 1360 912 1429 quippe
985 1361 1077 1416 Dei
1152 1360 1427 1416 evidenter
1499 1364 1782 1418 existimus
1832 1364 2077 1435 ingrati,

499 1448 756 1515 quoniam
815 1449 899 1504 his
971 1466 1077 1504 non
1142 1448 1210 1507 ad
1278 1450 1609 1507 voluntatem
1647 1454 1773 1519 Dei,
1850 1454 1943 1510 sed
2015 1456 2084 1511 ad

499 1536 708 1592 libitum
828 1548 1072 1596 nostrum
1194 1542 1466 1607 carnalem
1574 1544 1653 1598 uti
1759 1545 2079 1601 invenimur.

500 1626 567 1679 Et
650 1627 850 1683 idcirco
933 1631 1128 1687 merito
1202 1640 1482 1689 creaturae
1556 1634 1649 1689 Dei
1723 1637 1878 1691 nobis
1950 1638 2084 1693 divi-

499 1719 644 1776 nitus
728 1737 1045 1790 concessae,
1118 1740 1217 1795 pro
1291 1725 1403 1782 Deo
1474 1736 1661 1782 contra
1735 1744 1833 1797 nos
1904 1729 2083 1800 ingra-
2116 1713 2492 1795 Bpl'aepal‘ati
2590 1743 2713 1784 cum
2812 1727 2995 1796 θίιιιίε,

498 1820 581 1864 tos
650 1821 909 1881 pugnant,
987 1814 1134 1869 iuxta
1208 1816 1338 1871 illud

498 1901 638 1954 orbis
771 1911 1031 1957 terrarum
1148 1917 1331 1960 contra
1447 1909 1758 1963 insensatos.
1882 1910 2080 1965 Verum

498 1991 623 2058 quia
707 1998 790 2047 tot
872 1994 1047 2049 modis
1130 2011 1389 2051 vexamur
1477 2006 1637 2068 atque
1724 1999 2076 2069 percutimur,

497 2081 564 2134 ad
623 2095 747 2138 eum
814 2101 844 2138 a
902 2101 1009 2155 quo
1071 2088 1405 2156 percutimur
1468 2098 1581 2145 toto
1646 2093 1808 2147 corde
1863 2092 2082 2164 dignum

496 2176 967 2247 necessariumque
1065 2187 1148 2233 est
1219 2189 1278 2234 ut
1365 2190 1728 2248 revertamur,
1816 2192 2084 2253 quatenus

497 2260 626 2315 illud
721 2266 1094 2335 propheticum
1190 2267 1246 2322 in
1346 2271 1502 2326 nobis
1600 2271 1886 2342 impleatur
1976 2288 2084 2342 quo

1407 1834 1419 1870 :
1489 1815 1752 1890 Pugnabit
1837 1836 1932 1891 pro
2020 1837 2080 1875 eo

1327 255 1384 311 Β.
1425 254 1675 314 CAROLI
1716 256 1927 314 MAG-Nl
1967 254 2120 313 ΟΡΡ.
2162 252 2342 312 PARS
2379 254 2419 311 Ι.
2461 252 2701 314 SECTIO
2738 252 2971 313 PRIMA.

917 367 1007 433 qui
1100 380 1285 435 pacem
1377 367 1555 436 populi
1649 367 1931 422 christiani
2021 375 2074 422 et
2102 368 2276 433 Aper
2345 365 2580 435 singulas
2649 368 3014 423 hebdomadas
3086 383 3197 424 uno
3267 369 3355 424 die
3430 366 3481 424 in
3556 370 3752 441 palatio

2134 1344 2149 1400 Ῐ
2182 1359 2337 1414 nobis

3650 262 3749 318 600

2181 461 2366 509 nostro
2451 455 2519 509 ad
2602 448 2793 511 causas
2874 457 3168 513 audiendas
3247 459 3454 523 sedere,
3535 468 3593 514 ut
3662 477 3755 532 per

2180 543 2324 599 hunc
2390 552 2482 599 aut
2554 545 2702 599 illum
2776 546 3029 601 comitem
3099 554 3157 602 et
3225 549 3561 619 providentia
3636 552 3757 606 mis-

2179 642 2369 688 sorum
2458 643 2514 688 et
2605 634 2909 690 ohedientia
3002 636 3184 707 populi
3286 638 3443 695 nobis
3533 640 3757 697 manife-

2179 725 2317 780 stius
2386 712 2681 795 appareat.
2732 727 2800 782 Et
2864 735 2926 782 ut
2991 728 3127 785 haec
3195 730 3399 785 omnia.
3449 746 3755 787 successum

2178 815 2444 882 habeant,
2516 817 2764 873 volumus
2835 827 2897 873 ut
2968 820 3220 891 generale
3305 822 3614 878 triduanum
3686 823 3760 879 ie-

2180 904 2386 960 iunium
2470 908 2702 962 secunda
2788 906 2924 964 feria
3003 918 3126 979 post
3206 911 3429 967 uetabas
3506 921 3759 981 penteco-

2180 1004 2299 1051 sten
2393 997 2774 1054 celebrandum
2866 1000 3167 1068 indicetur,
3274 1009 3330 1057 et
3436 1003 3762 1074 generaliter

2180 1088 2248 1141 ab
2341 1088 2592 1143 omnibus
2688 1105 2813 1145 cum
2909 1105 3117 1146 summa
3213 1092 3499 1149 devotione
3576 1095 3763 1150 obser-

2180 1183 2353 1230 vetur.
2467 1175 2534 1232 Et
2628 1177 2756 1247 quia
2857 1179 3092 1249 undique
3191 1180 3439 1236 inimicos
3545 1191 3765 1238 sanctae

2181 1265 2275 1322 Dei
2352 1266 2611 1323 ecclesiae
2694 1270 3056 1337 commoveri,
3132 1281 3187 1326 et
3261 1288 3486 1343 regnum
3559 1289 3593 1328 a
3654 1274 3764 1330 Deo

2442 1361 2789 1416 commissum
2896 1362 3151 1419 infestare
3240 1364 3379 1420 velle
3484 1366 3766 1436 cognosci-

2182 1467 2331 1517 mus,
2406 1454 2767 1524 praecipiams
2851 1463 3015 1526 atque
3088 1456 3364 1523 iubemus,
3438 1465 3502 1512 ut
3572 1473 3762 1513 omnes

2181 1540 2428 1596 homines
2519 1557 2617 1612 per
2708 1550 2882 1599 totum
2970 1559 3198 1615 regnum
3294 1554 3574 1610 nostrum,
3675 1545 3766 1616 qui

2182 1631 2488 1687 exercitalis
2577 1633 2786 1690 itineris
2874 1634 3147 1691 debitores
3218 1644 3373 1701 sunt,
3448 1637 3587 1691 bene
3662 1635 3766 1690 sint

3101 1728 3271 1782 armis
3284 1770 3302 1794 ,
3400 1727 3763 1789 vestimentis,

2188 1816 2390 1880 carris,
2485 1824 2540 1872 et
2623 1816 2979 1883 victualibus;
3066 1825 3126 1872 ut
3207 1832 3549 1887 quocumque
3636 1825 3768 1871 tem-

2184 1922 2315 1979 pore
2405 1907 2487 1962 eis
2557 1924 2589 1962 a
2679 1908 2835 1964 nobis
2920 1908 3292 1964 denuntiatum
3375 1906 3566 1972 fuerit,
3657 1907 3771 1962 sine

2185 1997 2292 2052 ulla
2367 2013 2518 2053 mora
2591 1998 2771 2062 exire,
2846 2005 2902 2054 et
2972 1998 3029 2053 in
3091 2012 3490 2068 quamcumque
3561 2004 3769 2067 partem

2188 2090 2485 2146 necessitas
2591 2089 2969 2160 postulaverit,
3079 2102 3303 2159 pergere
3390 2085 3632 2157 possint,
3719 2094 3774 2141 et

2188 2183 2394 2238 tamdiu
2475 2183 2550 2240 ibi
2631 2198 2751 2239 esse
2834 2182 3089 2254 quamdiu
3170 2180 3467 2236 necessitas
3535 2178 3777 2249 postula-

2191 2275 2350 2330 verit.

498 2348 692 2405 dicitur
719 2369 731 2404 :
760 2352 888 2408 Sola
921 2356 1123 2410 vexatio
1168 2357 1487 2411 intellectum
1522 2359 1668 2413 dabit
1715 2360 1945 2416 auditui.
1993 2361 2100 2418 Sed
2150 2363 2276 2433 quia
2315 2364 2437 2433 pius
2480 2373 2534 2420 et
2571 2364 2809 2419 clemens
2842 2362 3101 2419 Dominus
3153 2361 3233 2417 sic
3277 2361 3454 2431 ipsum
3503 2356 3775 2430 ﬂagellum

498 2441 823 2510 moderatur,
859 2452 922 2499 ut
973 2460 1081 2500 non
1133 2444 1201 2500 ad
1257 2446 1566 2512 interitum,
1619 2450 1714 2504 sed
1759 2449 1940 2519 potius
1990 2450 2060 2506 ad
2102 2452 2491 2507 correctionem
2542 2461 2784 2508 nostram
2837 2450 3038 2508 inferre
3083 2451 3351 2515 videatur,
3404 2449 3665 2507 debemus
3722 2446 3779 2500 in

499 2544 792 2603 conspectu
835 2537 954 2592 eius
996 2537 1263 2592 veraciter
1313 2539 1614 2605 humiliari,
1655 2547 1710 2595 et
1747 2539 1940 2595 faciem
1989 2541 2132 2599 illius
2174 2542 2230 2598 in
2268 2543 2604 2601 confessione
2647 2557 2990 2616 praevenire,
3033 2545 3257 2615 eiusque
3294 2544 3553 2615 pietatem
3587 2540 3781 2611 pronis

500 2623 772 2678 mentibus
810 2639 1072 2693 exorare;
1118 2633 1177 2680 ut
1211 2626 1302 2696 qui
1337 2626 1465 2681 fecit
1500 2643 1598 2684 nos
1635 2628 1929 2683 iustissima
1964 2628 2363 2701 dispensatione
2395 2632 2604 2705 ﬂagella
2641 2634 2872 2699 sentire,
2910 2633 3076 2690 faciat
3118 2634 3274 2689 nobis
3299 2640 3523 2704 peccata
3562 2638 3777 2697 nostra,

500 2725 595 2780 pro
638 2712 835 2781 quibus
886 2714 1024 2770 iuste
1062 2716 1132 2770 ab
1176 2731 1240 2771 eo
1284 2715 1644 2788 ﬂagellamur,
1698 2732 2053 2789 cognoscere,
2100 2727 2156 2775 et
2198 2719 2252 2775 in
2287 2722 2483 2792 quibus
2526 2724 2761 2779 maxime
2795 2724 2952 2780 illum
2991 2724 3333 2790 offendimus,
3369 2732 3424 2779 et
3460 2723 3601 2778 iram
3637 2720 3783 2778 illius

500 2803 936 2871 provocavimus,
985 2804 1325 2861 manifestius
1372 2806 1703 2878 intelligere,
1759 2815 1817 2863 ut
1860 2815 2015 2877 post,
2066 2823 2132 2865 eo
2180 2809 2503 2879 miserante,
2553 2827 2722 2882 prava
2770 2812 3066 2868 deserendo
3121 2820 3176 2868 et
3220 2811 3569 2883 corrigendo,
3636 2809 3780 2864 bona

500 2892 664 2947 etiam
726 2895 982 2951 sectando
1042 2904 1098 2951 et
1158 2903 1269 2950 tota
1327 2911 1449 2951 cum
1497 2895 1780 2951 devotione
1838 2897 2215 2966 exsequendo,
2273 2897 2549 2954 valeamus
2605 2913 2703 2969 per
2755 2898 3003 2969 spiritum
3058 2899 3374 2954 humilitatis
3427 2904 3485 2954 et
3540 2897 3783 2951 animam

500 2984 791 3039 contritam
836 2986 1161 3042 sacrificium
1202 2986 1312 3041 Deo
1356 2985 1594 3041 debitum
1648 2985 1877 3052 offerre,
1954 2987 2198 3057 iramque
2248 2986 2393 3044 illius
2449 2988 2832 3060 indignationis
2868 2988 3118 3054 evadere,
3158 2996 3213 3043 et
3254 3003 3349 3060 per
3397 2987 3618 3059 dignam
3655 3000 3784 3039 con-

499 3088 796 3147 gruamque
840 3078 1265 3143 correctionem,
1315 3086 1371 3133 et
1406 3079 1670 3133 bonorum
1722 3092 1949 3147 operum
2009 3078 2430 3143 exhibitionem,
2472 3079 2701 3149 gratiam
2751 3079 2869 3133 eius
2903 3078 3331 3148 propitiationis,
3371 3078 3498 3133 licet
3550 3075 3780 3144 indigni,

500 3170 818 3238 promereri.
869 3170 941 3224 At
983 3171 1111 3240 quia
1145 3186 1244 3226 nos
1276 3170 1450 3241 magis
1489 3169 1545 3224 in
1583 3169 1686 3225 hoc
1713 3184 1970 3240 peccasse
2000 3171 2402 3242 cognoscimus,
2444 3170 2537 3239 qui
2578 3169 2751 3224 forma
2789 3168 2978 3224 salutis
3014 3168 3267 3225 omnibus
3302 3184 3421 3224 esse
3459 3167 3779 3229 debuimus,

501 3270 554 3316 et
600 3264 844 3319 omnium
882 3279 1071 3318 curam
1119 3277 1335 3334 gerere,
1386 3270 1441 3317 et
1486 3277 1586 3333 per
1636 3261 2014 3316 auctoritatem
2063 3261 2395 3332 imperialem
2444 3276 2735 3330 pravorum
2788 3268 2947 3325 acta,
3008 3275 3075 3314 ne
3122 3268 3330 3313 tantum
3381 3260 3777 3317 adcrescerenl,

502 3357 808 3427 corrigere,
879 3356 1159 3425 cupimus,
1207 3354 1434 3409 Domino
1485 3353 1641 3421 nobis
1691 3346 1957 3421 propitio,
2018 3338 2075 3406 in
2125 3358 2414 3422 conspectu
2457 3350 2679 3420 pietatis
2738 3349 2882 3404 illius
2941 3364 3040 3419 per
3094 3347 3312 3418 dignam
3360 3346 3782 3401 satisfactionem

504 3449 719 3504 veniam
774 3447 1029 3517 adipisci,
1083 3456 1138 3501 et
1193 3460 1292 3515 per
1346 3444 1758 3500 saluberrimam
1814 3443 2239 3509 correctionem,
2298 3455 2380 3499 vel
2433 3457 2534 3513 per
2587 3442 2789 3497 bonum
2843 3441 3110 3504 studium,
3153 3440 3299 3510 quod
3349 3448 3535 3495 nostra
3573 3439 3780 3496 desidia

511 3553 566 3598 et
614 3541 919 3612 ignorantia
959 3539 1221 3594 hactenus
1267 3536 1571 3607 neglectum
1626 3542 1743 3600 est,
1806 3533 2054 3590 consultu
2105 3534 2342 3590 fidelium
2380 3540 2621 3603 tempore
2659 3536 2998 3601 opportuno,
3056 3537 3319 3600 quantum
3376 3529 3430 3584 in
3487 3530 3648 3585 nobis
3683 3538 3785 3594 est,

512 3633 904 3693 studiosissime
930 3633 1241 3697 emendare,
1271 3638 1325 3685 et
1359 3637 1600 3684 nostram
1638 3628 1693 3682 in
1731 3627 1835 3683 hoc
1862 3627 2191 3682 voluntatem
2229 3627 2477 3683 omnibus
2514 3623 2853 3680 manifestam
2891 3622 3087 3680 facere.
3119 3622 3461 3693 Quapropter
3496 3625 3787 3680 statuimus

512 3738 675 3799 atque
706 3726 1069 3782 decrevimus
1116 3738 1239 3779 cum
1288 3721 1536 3778 consultu
1586 3721 1929 3777 sacerdotum
1983 3727 2429 3790 caeterorumque
2476 3718 2714 3776 ﬁdelium
2761 3726 3104 3783 nostrorum,
3153 3718 3315 3774 huius
3352 3716 3430 3772 rei
3468 3717 3677 3788 gratia,
3717 3717 3783 3770 oh

507 3819 830 3893 placandum
867 3815 1072 3871 scilicet
1109 3821 1298 3870 contra
1336 3827 1436 3867 nos
1470 3813 1735 3883 nobisque
1772 3812 2043 3868 subiectos
2078 3811 2292 3868 Domini
2330 3810 2583 3876 furorem,
2627 3818 2925 3865 conventus
2976 3809 3272 3864 eorundem
3309 3808 3690 3878 episcoporum
3735 3808 3785 3862 in

506 3920 740 3983 quatuor
786 3907 998 3979 imperii
1043 3905 1215 3962 nostri
1251 3904 1384 3960 locis
1422 3903 1907 3973 congruentissime
1943 3903 2080 3959 ﬁeri.
2123 3903 2305 3960 Primo
2343 3901 2549 3959 scilicet
2585 3901 2640 3955 in
2677 3899 3102 3971 Moguntiacensi
3139 3899 3287 3963 urbe,
3331 3899 3423 3954 ubi
3462 3900 3788 3955 conveniant

507 3998 898 4072 archiepiscopi
953 3996 1271 4069 Autgarius,
1315 3995 1688 4061 Hadahaldus,
1751 3996 1942 4061 Hethi,
1983 3996 2318 4062 Bemuinus,
2375 4010 2499 4050 cum
2551 3991 2907 4063 sufi'raganeis
2961 3992 3093 4047 suis.
3137 3991 3386 4049 Secundo
3443 4007 3665 4063 quoque
3733 3992 3785 4046 in

508 4092 841 4149 Parisiorum
879 4090 1031 4153 urbe,
1073 4088 1166 4143 ubi
1203 4086 1417 4142 futurus
1455 4087 1681 4143 antistes
1719 4086 2039 4153 Senonicus,
2076 4094 2130 4141 et
2159 4087 2331 4152 Ebbo,
2362 4086 2736 4155 Ragnoardus,
2775 4091 2829 4140 et
2857 4083 3236 4138 Landramnus
3271 4097 3395 4137 cum
3431 4081 3788 4154 suffraganeis

513 4186 628 4244 suis
657 4184 998 4241 conveniant.
1035 4180 1220 4236 Tertio
1255 4193 1384 4234 vero
1419 4180 1560 4248 apud
1586 4178 1926 4250 Lugdunum,
1969 4179 2061 4235 ubi
2090 4176 2424 4253 Agolsardus,
2457 4179 2779 4243 Bernardus,
2809 4176 3109 4240 Andraeas,
3148 4172 3501 4239 Benedictus,
3530 4174 3790 4244 Ager-iens

513 4296 640 4337 cum
686 4275 1039 4349 suﬂraganeis
1073 4274 1186 4330 suis
1233 4272 1480 4329 similiter
1524 4272 1866 4328 conveniant.
1918 4272 2123 4341 Quarto
2171 4274 2336 4329 etiam
2385 4275 2527 4343 apud
2564 4271 2816 4329 Tolosam
2853 4272 3072 4333 urbem,
3114 4283 3223 4337 quo
3261 4265 3423 4321 simul
3461 4265 3790 4321 conveniant

511 4372 719 4438 Notho,
762 4369 1233 4433 Bartholomaeus,
1278 4366 1621 4433 Adalelmus,
1662 4367 1907 4438 Agiulfus
1967 4384 2090 4424 cum
2142 4367 2495 4440 suﬂraganeis
2551 4367 2684 4422 suis.
2747 4367 2806 4421 In
2861 4365 3056 4435 quibus
3110 4360 3467 4423 conventibus
3517 4367 3786 4415 tractare.

514 4477 792 4535 quaerere,
833 4468 888 4516 et
932 4475 1055 4515 cum
1093 4459 1187 4514 Dei
1228 4458 1494 4513 adiutorio
1546 4457 1787 4512 invenire
1837 4459 2031 4514 debent
2075 4458 2142 4514 de
2188 4458 2365 4514 causis
2411 4458 2480 4512 ad
2527 4455 2840 4526 religionem
2888 4452 3239 4509 christianam
3276 4457 3332 4504 et
3366 4462 3557 4503 eorum
3605 4461 3792 4516 curam

513 4551 943 4624 pertinentibus,
995 4549 1124 4619 quid
1178 4563 1210 4603 a
1245 4548 1579 4619 principibus
1630 4554 1686 4601 et
1744 4548 1951 4618 reliquo
1992 4548 2221 4619 populo,
2283 4547 2368 4602 vel
2427 4548 2505 4602 ita
2562 4554 2619 4601 ut
2667 4546 2848 4601 divina
2907 4544 3204 4599 auctoritas
3259 4539 3416 4595 docet
3473 4545 3571 4592 aut
3638 4537 3794 4593 aliter

517 4650 779 4708 teneatur,
834 4643 918 4698 vel
965 4643 1095 4713 quid
1144 4642 1267 4697 inde
1314 4657 1380 4697 ex
1431 4651 1585 4710 parte
1632 4642 1715 4697 vel
1762 4658 1829 4697 ex
1877 4648 1989 4695 toto
2039 4639 2317 4695 dimissum
2367 4639 2438 4693 sit
2477 4644 2538 4691 ut
2575 4652 2680 4690 non
2723 4642 2988 4692 teneatur.
3050 4633 3252 4688 Deinde
3287 4631 3417 4701 quid
3452 4630 3508 4684 in
3548 4632 3793 4700 ipsomm

516 4733 609 4804 qui
658 4743 905 4802 pastores
954 4734 1136 4804 populi
1186 4733 1466 4789 constituti
1517 4741 1643 4788 sunt
1690 4732 1965 4795 moribus,
2023 4731 2465 4794 conversatione,
2520 4736 2574 4784 et
2619 4729 2830 4783 actibus
2887 4726 3118 4781 inveniri
3168 4724 3340 4795 possit
3389 4723 3534 4793 quod
3575 4721 3793 4776 divinae

517 4826 736 4897 regulae
792 4834 955 4894 atque
1005 4823 1314 4879 auctoritati
1362 4839 1469 4878 non
1522 4822 1846 4885 concordet,
1897 4820 2167 4890 simulque
2223 4820 2532 4883 inveniant,
2582 4833 2723 4887 quae
2766 4816 3080 4872 occasiones
3139 4814 3196 4871 in
3244 4821 3477 4883 utroque
3511 4810 3710 4867 ordine
3744 4809 3796 4863 id

517 4912 825 4979 effecerint,
862 4921 922 4968 ut
956 4930 988 4968 a
1025 4921 1175 4968 recto
1211 4911 1427 4966 tramite
1464 4909 1735 4965 deviatum
1775 4909 1865 4964 sit.
1908 4907 1977 4963 Et
2016 4908 2273 4978 quicquid
2308 4910 2373 4964 de
2409 4909 2494 4963 his
2527 4906 2705 4962 causis
2744 4905 3019 4961 inventum
3060 4904 3251 4969 fuerit,
3291 4912 3402 4958 tam
3437 4902 3629 4958 solerti
3664 4914 3795 4954 cura

517 5006 873 5073 custodiatur,
922 5014 981 5062 ut
1017 5004 1322 5060 nullatenus
1365 5003 1432 5057 ad
1468 5002 1697 5056 aliorum
1738 5000 1988 5055 notitiam
2027 4998 2311 5070 pervenire
2358 4988 2672 5067 permittant
2708 5002 2834 5050 ante
2883 5002 3096 5063 tempus
3131 4991 3513 5048 constitutum.
3569 4989 3641 5043 Et
3677 4992 3801 5043 ideo

521 5118 662 5158 unus
700 5100 945 5157 notarius
982 5100 1122 5154 inter
1157 5112 1347 5152 omnes
1384 5095 1630 5165 eligatur,
1669 5093 1759 5162 qui
1795 5093 1942 5162 quod
1979 5091 2081 5160 ipsi
2118 5089 2420 5146 invenerint
2440 5087 2730 5152 describat,
2755 5094 2811 5141 et
2843 5089 2958 5156 ipse
2991 5085 3093 5141 sub
3130 5084 3432 5139 iuramento
3465 5077 3803 5135 constrictus

524 5210 588 5250 ea
627 5210 765 5265 quae
801 5193 1019 5248 inventa
1056 5196 1111 5245 et
1147 5187 1354 5258 digesta
1394 5186 1592 5240 fuerint
1613 5182 1902 5248 diligenter
1940 5182 2274 5252 fideliterque
2309 5187 2608 5237 conservet.

2015 5294 2247 5352 NOT/E.

596 5411 622 5439 ιι
663 5417 682 5449 ‹
717 5394 997 5460 Aizonem,
1036 5395 1212 5463 inquit
1249 5392 1555 5455 Goldastus,
1598 5389 1791 5463 innuit,
1830 5387 1919 5456 qui
1945 5385 2103 5442 Sara-
2128 5387 2176 5457 (ἶ
2206 5401 2311 5463 non
2349 5392 2535 5463 potest
2567 5395 2859 5463 esseovera.
2889 5378 3073 5462 satius
3098 5386 3184 5433 est
3219 5378 3322 5463 ista

525 5446 1228 5535 mutui-diféébiié'regina.
1253 5446 1581 5535 Francomm
1602 5446 1888 5528 populatus
1914 5465 2094 5535 erat.)
2134 5446 2176 5457 “’
2209 5446 2544 5535 Βυιεὲι-ἰερι
2569 5451 2752 5535 Dacis,
2784 5449 3023 5535 quosniiin
3047 5463 3271 5535 regnum
3288 5446 3808 5535 Egomet—ingres-

529 5515 1461 5603 Kiiaiiiﬂ'c'rééiio‘é‘i'iiﬁndﬁ
1488 5515 1709 5599 regnum
1737 5544 1860 5603 cum
1888 5527 2102 5603 augiliis
2210 5515 2734 5603 simuesse'hostiliter
2759 5515 3025 5603 annon8‘28
3049 5515 3682 5603 etialiquasrvillas‘igne

533 5582 1348 5673 ἐξιῖοξὶὲἑζηόἱιίἶιῐὶἷιηῖἶςίὶέἷιῖἐιό
1366 5582 1470 5657 8ξῆ
1490 5582 1834 5680 ιῖιυεοιιιιριιεί,
1866 5590 1924 5679 ut
1948 5597 2104 5680 Egin-
2205 5594 2351 5680 lecto
2381 5607 2756 5649 concremassc
2793 5590 2956 5645 tradit
3000 5599 3190 5644 auctor
3220 5582 3357 5641 Viue
3400 5582 3667 5639 Lntloviui
3697 5582 3803 5637 Pii.

535 5674 735 5728 bardus
779 5672 940 5725 tradit
984 5674 1037 5727 in
1082 5667 1394 5733 Knualibus.
1447 5674 1627 5740 Itaque
1656 5668 1896 5724 Goldasti
1925 5667 2105 5737 opinio
2214 5667 2410 5721 ΒΑΜ-κ.
