3974 6134
263 239 364 297 6οι

278 380 566 401 m

586 238 813 297 coner
852 238 1441 298 DIPLOMATICUS.—
1470 238 1789 301 LUDOVICI
1828 243 1847 298 ι
1885 241 1972 298 ET
2012 241 2339 302 LOTHANI
2374 214 3047 309 CAPITULARIA.-—Ax.
3073 248 3200 306 829.

3425 247 3532 303 602

902 472 1576 536 CONSTITUTIONES
1623 475 2264 540 WORMATIENSES
2304 477 2456 559 (An.
2490 479 2641 561 829,
2671 480 2896 564 Aug.).

1160 664 1639 722 EPISCOPORUM
1673 667 1972 724 RELATIO
2005 666 2100 722 AD
2135 665 2661 724 IMPERATOBEM.

256 759 263 767 ’
336 757 710 818 Conventibus
730 764 958 826 quatuor
976 755 1360 827 episcoporum
1395 770 1580 811 mense
1602 754 1763 811 Junio
1797 756 2015 821 habitis,
2041 764 2099 812 et
2121 757 2257 813 actis
2281 771 2468 812 eorum
2498 771 2562 812 er
2586 756 2804 811 decreto
2826 754 3169 826 imperatoris
3199 756 3542 827 conscriptis.

267 846 460 887 mense
484 830 728 900 Augusto
750 825 1016 900 generalis
1050 825 1363 900 Wormatize
1392 836 1690 881 conventus
1724 827 2066 900 habitusest.
2094 826 2174 900 lbi_
2199 827 2433 900 primum
2469 834 2590 881 acta
2621 834 2853 900 quatuor
2888 825 3249 882 conventuum
3290 826 3350 900 in
3374 825 3541 883 unum

268 901 491 956 redacta
508 894 678 979 atque
702 894 1015 979 imperaturi
1039 897 1107 950 ab
1134 896 1685 979 episcopis-porrecta
1703 905 1849 979 sunt.
1878 896 2040 953 Liber
2075 894 2215 979 satis
2228 896 2470 979 prolixus
2502 904 2557 949 et
2585 894 2875 979 maximam
2905 904 3118 979 partem
3146 909 3215 979 εξ
3238 897 3386 979 actis
3411 912 3542 979 cnn-

267 979 469 1026 ventus
508 964 825 1023 Parisiensis
861 965 1127 1037 hodieque
1162 964 1535 1037 exstantibus,
1569 967 1760 1022 ordine
1794 975 1977 1022 tamen
2015 964 2246 1037 penitus
2271 974 2480 1021 mutato
2517 965 2870 1037 compositus,
2905 964 2996 1037 hic
3030 965 3309 1037 beneﬁcio,
3329 964 3547 1022 Codicis

268 1038 509 1096 (ἱοώδηί
540 1053 666 1093 εωε.
701 1052 757 1090 ιι
795 1036 969 1107 prima
1006 1034 1125 1091 vice
1159 1036 1365 1107 integer
1388 1035 1585 1105 prodit,
1612 1052 1737 1107 cum
1770 1046 1930 1091 antea
1946 1034 2170 1107 nonnisi
2198 1037 2466 1107 posterior
2488 1034 2621 1107 pejus
2658 1050 2785 1105 pars
2808 1038 2909 1091 sub
2950 1036 3107 1090 titulo
3135 1034 3441 1107 Additionis
3464 1052 3549 1092 se-

269 1109 464 1165 cundae
487 1111 553 1189 ad
581 1104 851 1189 Benedicti
882 1106 1049 1161 libros
1065 1104 1441 1189 capitulariuin
1464 1107 1675 1189 vulgata
1697 1105 1906 1189 fuisset.
1928 1104 2340 1189 caeterum—cum
2355 1105 2593 1189 plurima
2615 1104 2798 1189 essent
2818 1122 2939 1189 qua:
2963 1107 3198 1189 episcopi
3220 1104 3547 1189 ﬂagitarent,

269 1194 494 1250 parvam
526 1186 734 1250 tantum
759 1190 944 1230 eorum
961 1184 1172 1250 partem
1205 1183 1265 1250 ut
1291 1176 1525 1250 capitula
1550 1175 1697 1250 infra
1726 1177 1929 1250 edenda
1957 1177 2328 1250 demonstrant
2354 1175 2807 1250 impetraverunt;
2850 1177 2923 1250 ita
2966 1175 3027 1250 ut
3058 1176 3142 1250 vel
3176 1191 3317 1230 anno
3343 1175 3450 1250 855
3490 1177 3547 1230 in

271 1243 541 1304 conventu
569 1243 992 1317 Aquisgranensi
1020 1246 1188 1299 multa
1222 1243 1385 1317 huius
1400 1246 1688 1317 petitionis
1716 1246 1897 1317 capita
1932 1246 2134 1302 eisdem
2161 1247 2340 1302 verbis
2376 1243 2578 1301 iterum
2613 1245 2959 1317 proponenda
2982 1243 3313 1317 iudicarent;
3357 1246 3452 1317 sed
3487 1259 3551 1317 ea

310 1331 490 1389 noque
531 1314 652 1384 quae
679 1314 786 1371 non
825 1316 1196 1380 obtinuerunt,
1242 1314 1445 1372 Ebonis
1468 1324 1582 1370 tum
1611 1314 1934 1370 Parisiensis
1957 1317 2144 1386 synodi
2221 1317 2430 1372 rzesidis
2464 1314 2959 1385 moxque’rebellis
2996 1315 3250 1372 factionis
3284 1314 3550 1386 signiferi,

270 1336 565 1444 Raobardi.
598 1395 1027 1444 caaterorumuue
1050 1386 1424 1444 enisconorum
1448 1387 1687 1443 animum
1708 1394 1764 1442 et
1794 1385 2019 1442 consilia
2039 1332 2371 1444 nateéiciunt
2397 1399 2447 1440 ι.
3361 1424 3363 1426 -

2186 1402 2219 1441 3

319 1385 565 1458 gobardi,
598 1395 1027 1464 ceterorumque
1050 1386 1424 1461 episcoporum
1448 1387 1687 1443 animum
1708 1394 1764 1442 et
1794 1385 2019 1442 consilia
2038 1394 2163 1457 pate

487 1494 930 1555 RESCRIPTUM
966 1496 983 1525 ί
1022 1494 1614 1553 CONSULTATIONIS

270 1604 390 1644 θίγε
433 1600 832 1644 ειοιιτλτιοκιε
880 1600 1241 1642 EPISCOPOIUI
1289 1603 1357 1642 AD
1403 1603 1621 1643 DOINUI
1665 1603 1867 1645 ιιωυο·

770 1671 1384 1723 πιουιῌιιρειιηοιιειι.

340 1768 574 1823 Domino
589 1766 618 1807 ι’
631 1765 1097 1836 praestantissimo
1117 1773 1173 1822 et
1192 1766 1410 1836 pietatis
1433 1766 1604 1837 gratia
1623 1768 1871 1838 praedito

272 1857 592 1914 Hludowico
612 1856 874 1912 ortodoxo
909 1862 1073 1925 atque
1095 1855 1452 1912 invictissime
1473 1865 1722 1928 augusto.
1758 1856 1869 1914 Nos

270 1945 464 2002 famuli
497 1944 667 2000 vestri
692 1943 941 2013 quamvis
973 1942 1214 2014 indigni,
1260 1950 1444 1999 tamen
1471 1945 1730 2015 episcopi,
1757 1945 1869 2001 Deo

271 2038 551 2094 humiliter
612 2042 793 2106 grates
840 2033 1198 2105 persolvimus
1220 2075 1235 2099 ,
1291 2034 1519 2105 eiusque
1568 2037 1869 2092 inmensam

271 2131 534 2201 pietatem
566 2136 623 2184 et
657 2127 1047 2199 benignitatem
1083 2128 1473 2185 conlaudamus
1513 2137 1568 2186 et
1591 2131 1873 2200 praedica-

272 2233 417 2283 mus,
448 2217 546 2287 qui
569 2231 667 2273 vos
689 2218 827 2273 adeo
863 2216 920 2271 in
962 2216 1045 2272 sui
1084 2231 1327 2272 amorem
1362 2217 1768 2275 devotissimum
1790 2218 1873 2274 fa-

271 2309 485 2372 mulum
510 2324 670 2365 suum
691 2307 923 2379 ﬂagrare
953 2306 1103 2373 facit,
1128 2316 1188 2363 ut
1223 2309 1291 2364 de
1310 2308 1552 2380 profectu
1587 2319 1642 2367 et
1665 2311 1873 2367 exalta-

272 2399 425 2455 tione
457 2404 682 2454 sanetae
719 2412 851 2453 suae
891 2397 1155 2453 ecclesiae
1192 2399 1559 2457 indesinenter
1599 2401 1867 2470 cogitetis,

270 2502 508 2558 eamque
537 2494 724 2557 utpote
758 2496 991 2542 matrem
1028 2487 1328 2557 spiritalem
1351 2529 1368 2555 ,
1415 2490 1556 2545 sicut
1605 2490 1778 2547 ﬁdelis
1818 2500 1873 2547 et

272 2580 507 2636 dilectus
525 2576 669 2633 ﬁlius
693 2576 976 2649 spiritalis,
998 2578 1066 2632 ad
1094 2577 1316 2633 meliora
1345 2586 1400 2633 et
1422 2580 1635 2649 potiora
1660 2594 1875 2650 semper

271 2670 579 2743 provehere
621 2666 905 2727 studeatis.
950 2664 1089 2721 Nam
1133 2682 1258 2723 eum
1300 2684 1487 2725 mucro
1521 2670 1735 2727 divinus
1777 2671 1874 2726 im-

273 2779 489 2835 penum
511 2761 667 2818 vobis
690 2760 947 2817 divinitus
980 2760 1331 2817 commissum
1356 2761 1584 2818 interius
1608 2763 1874 2820 exterius-

2221 1387 2371 1442 eiunt
2397 1399 2447 1440 ι.
3361 1424 3363 1426 -

1880 1500 1930 1559 Α
1957 1497 2124 1553 missa
2168 1506 2297 1553 sunt
2336 1497 2624 1569 diligenter
2663 1506 2933 1563 tractare,
2980 1498 3186 1568 Deique
3224 1499 3555 1556 voluntatem

1965 1602 2258 1657 quaerens,
2299 1596 2356 1643 et
2397 1587 2660 1644 ecclesiae
2702 1589 2857 1644 vobis
2902 1590 3227 1645 commissae
3269 1589 3556 1646 utilitatem

1964 1678 2269 1747 providere.
2297 1678 2636 1748 Quapropter
2671 1694 2812 1748 quae
2845 1679 2914 1734 ad
2944 1689 3157 1749 tempus
3179 1680 3561 1738 emendatione

1964 1767 2127 1840 digna
2148 1769 2265 1825 visa
2289 1777 2416 1825 sunt
2444 1786 2684 1842 congrua
2709 1770 2943 1840 mpitula
2979 1771 3245 1828 serenitas
3275 1782 3456 1829 vestra
3478 1774 3565 1829 di-

1965 1859 2151 1930 gessit,
2177 1858 2491 1931 legatosque
2524 1867 2777 1917 strenuos
2807 1861 3106 1933 delegavit,
3146 1871 3209 1918 ut
3248 1878 3348 1934 per
3369 1866 3561 1920 eadem

1966 1948 2201 2018 capitula
2227 1956 2283 2005 et
2311 1948 2515 2019 ﬁagitia
2540 1950 2804 2006 malorum
2852 1952 3132 2007 hominum
3176 1953 3434 2022 puuirent
3453 1993 3469 2019 ,
3505 1964 3564 2008 et

1966 2042 2232 2119 bonorum
2265 2041 2480 2097 laudem
2525 2049 2741 2098 vestrae
2782 2043 3088 2098 celsitudini
3136 2044 3558 2100 innotescerent.

1966 2129 2112 2187 Inter
2139 2146 2280 2201 quae
2313 2130 2481 2187 etiam
2499 2132 2784 2196 statuistis,
2821 2131 2877 2187 id
2901 2140 3159 2202 quattuor
3189 2133 3436 2203 partibus
3459 2134 3565 2188 im-

1966 2227 2105 2297 perii
2148 2227 2313 2284 vestri
2355 2235 2654 2284 conventus
2685 2228 3060 2298 episcoporum
3111 2242 3221 2283 uno
3263 2228 3566 2298 eodemque

1970 2326 2211 2389 tempore
2236 2318 2374 2384 ﬁeri,
2398 2319 2452 2373 in
2474 2318 2673 2395 quibus
2693 2325 3007 2380 tractarent,
3033 2328 3378 2387 quaererent,
3401 2326 3570 2388 atque

1971 2419 2095 2462 cum
2120 2406 2218 2461 Dei
2249 2406 2517 2461 adiutorio
2541 2405 2848 2461 invenirent
2870 2406 2938 2462 de
2963 2407 3143 2461 causis
3163 2406 3233 2461 ad
3252 2405 3564 2476 religionem

1971 2497 2323 2555 cbristianam
2360 2511 2657 2567 eorumque
2688 2511 2877 2552 curam
2920 2495 3339 2566 pertinentibus,
3375 2494 3504 2564 quid
3534 2510 3568 2549 a

1970 2587 2307 2659 principibus
2329 2594 2385 2643 et
2410 2586 2619 2657 reliquo
2641 2587 2861 2657 populo,
2885 2585 2972 2641 vel
2996 2585 3073 2641 ita
3097 2593 3156 2641 ut
3178 2584 3359 2640 divina
3384 2591 3574 2639 aucto-

1973 2680 2109 2734 ritas
2142 2678 2317 2742 docet,
2362 2684 2457 2732 aut
2505 2677 2662 2734 aliter
2708 2663 3015 2741 teneretur,
3057 2675 3143 2731 vel
3176 2675 3307 2744 quid
3342 2674 3468 2730 inde
3501 2688 3568 2729 ex

1975 2775 2129 2838 parte
2163 2774 2258 2821 aut
2288 2781 2358 2821 ex
2388 2773 2503 2822 toto
2529 2765 2816 2821 dimissum
2841 2771 2985 2819 esset
3027 2772 3089 2819 ut
3121 2778 3231 2820 non
3263 2770 3570 2828 teneretur;

272 2870 380 2926 que
428 2853 625 2908 merito
663 2860 884 2908 nostrae
923 2851 1224 2923 iniquitatis
1262 2851 1573 2910 multifariis
1618 2862 1876 2911 attereret
1905 2852 1950 2912 Β
1975 2859 2168 2915 deinde
2206 2857 2335 2929 quid
2364 2858 2418 2913 in
2444 2858 2687 2927 ipsorum
2731 2856 2824 2926 qui
2859 2864 3105 2926 pastores
3147 2855 3330 2925 populi
3366 2854 3573 2910 consti-

273 2945 524 3001 cladibus
569 2944 590 2974 '
609 2983 626 3008 ,
672 2944 965 3014 prudenter
1009 2942 1502 3000 animadvertentes
1554 2944 1699 3015 quod
1739 2946 1877 3001 haec

275 3035 496 3093 nonnisi
532 3034 673 3090 iusto
709 3034 900 3090 iuditio
931 3033 1028 3089 Dei
1061 3034 1359 3101 evenirent,
1397 3035 1521 3091 ilico
1551 3035 1769 3105 scriptis
1792 3050 1879 3091 se-

276 3128 532 3185 renitatis
555 3135 766 3182 vestrae
787 3142 930 3183 anno
951 3127 1246 3196 praeterito
1264 3134 1490 3182 cunctos
1518 3126 1539 3158 ³
1565 3143 1600 3182 ο
1619 3127 1878 3182 ecclesia-

274 3237 399 3275 rum
434 3227 688 3289 pastores
740 3217 1098 3272 admonuistis
1120 3257 1137 3282 ,
1182 3224 1242 3271 ut
1285 3216 1414 3295 quia
1454 3217 1740 3272 constabat
1782 3231 1878 3272 eos
1912 3226 1923 3236 °

276 3312 653 3382 speculatores
686 3309 901 3365 Domini
921 3308 1157 3364 existere
1178 3316 1233 3363 et
1258 3308 1495 3380 gladium
1521 3309 1760 3364 divinum
1784 3324 1878 3365 su-

275 3415 374 3472 per
409 3407 638 3462 terram,
676 3397 732 3452 id
754 3405 839 3453 est
868 3413 1028 3467 super
1057 3405 1374 3468 peccatores
1396 3399 1586 3465 Deum,
1620 3399 1874 3460 crassari,

279 3488 628 3545 meminerint
653 3487 1049 3559 speculationis.
1069 3503 1231 3553 suae,
1283 3495 1340 3544 et
1385 3488 1588 3544 ieiunio
1628 3489 1878 3546 triduano

278 3582 348 3637 ab
369 3581 629 3636 omnibus
655 3579 983 3652 generaliter
1004 3587 1244 3652 peracto,
1272 3581 1643 3651 unusquisque
1665 3581 1721 3637 in
1743 3597 1880 3652 quo-

278 3671 413 3728 libet
461 3672 655 3728 ordine
706 3672 915 3742 positus
951 3671 1236 3744 diligenter
1282 3673 1673 3729 conscientiam
1723 3690 1877 3731 suam

278 3761 617 3826 conveniret,
653 3770 710 3816 et
741 3762 835 3817 ubi
865 3776 925 3818 se
959 3762 1129 3817 Deum
1169 3760 1461 3819 offendisse
1497 3766 1876 3835 cognoscebat,

283 3862 558 3909 maturato
586 3868 686 3924 per
726 3853 1093 3923 poenitentiae
1135 3852 1564 3909 satisfactionem
1608 3855 1881 3925 corrigere

283 3963 394 4003 non
441 3947 702 4003 differret.
750 3948 809 4005 In
854 3947 1051 4017 quibus
1097 3947 1264 4003 etiam
1307 3947 1553 4018 apicibus
1583 3947 1606 3979 ⁸
1640 3948 1882 4004 inserere

283 4037 440 4093 vobis
471 4038 698 4107 placuit,
745 4044 805 4092 ut
833 4037 880 4092 si
921 4037 1064 4093 Deus
1095 4052 1286 4107 pacem
1340 4037 1579 4106 undique
1611 4045 1668 4093 et
1709 4039 1881 4094 otium

286 4127 441 4183 vobis
473 4127 769 4193 tribueret,
805 4128 860 4183 in
901 4129 1004 4184 hoc
1046 4129 1306 4199 placitum
1347 4136 1588 4185 vestrum
1629 4130 1883 4201 generale

1981 2952 2081 3007 tuti
2124 2959 2251 3007 sunt
2282 2951 2526 3006 moribus
2556 2947 2969 3005 conversatione
3012 2954 3068 3002 et
3115 2947 3328 3002 actibus
3374 2934 3575 3014 inquiri

1976 3045 2152 3115 possit
2185 3043 2330 3113 quod
2379 3042 2595 3100 divinae
2631 3041 2852 3113 regulae
2899 3047 3064 3109 atque
3107 3036 3418 3093 auctoritati
3464 3051 3574 3092 non

1977 3135 2365 3200 concordaret;
2405 3132 2674 3203 simulque
2704 3132 3060 3193 inveniretur,
3095 3144 3234 3200 quae
3259 3126 3577 3184 occasiodes

1975 3227 2032 3282 in
2065 3233 2297 3295 utroque
2331 3223 2522 3280 ordine
2565 3222 2621 3278 id
2653 3222 2976 3286 ell'ecerunt,
3009 3228 3076 3278 nt
3111 3235 3143 3274 a
3176 3226 3328 3276 recto
3358 3216 3578 3272 tramite

1979 3316 2316 3382 deviassent;
2355 3322 2411 3371 et
2458 3313 2721 3384 quitquid
2765 3311 2833 3367 de
2889 3312 2977 3367 bis
3029 3311 3306 3366 inventum
3352 3307 3575 3369 fuisset,

1977 3413 2193 3463 vestrae
2231 3403 2537 3461 celsitudini
2567 3409 2756 3457 notum
2803 3399 3064 3457 facerent.
3096 3396 3283 3466 Quod,
3338 3404 3399 3451 ut
3432 3395 3579 3451 Deus

1978 3511 2137 3566 posse
2156 3495 2325 3562 dedit,
2354 3494 2535 3550 facere
2570 3491 2904 3557 curavimus,
2947 3497 3004 3546 et
3047 3489 3104 3545 in
3144 3486 3404 3546 subiectis
3430 3486 3581 3556 capi-

1978 3590 2108 3645 tulis
2140 3589 2540 3646 adnotavimus.
3332 3583 3337 3587 ’

2050 3679 2185 3750 Cap.
2210 3680 2261 3735 l.
2287 3678 2428 3746 Quid
2449 3677 2657 3750 proprie
2683 3674 2753 3731 ad
2777 3673 3080 3745 religionem
3102 3671 3443 3726 christianum
3463 3684 3579 3740 per-

1979 3772 2107 3825 tinet
2138 3781 2186 3824 °.
2217 3770 2461 3825 Primum
2494 3766 2905 3822 fundamentum
2937 3760 3267 3819 cbristianae
3296 3758 3579 3829 religionis

1983 3868 2068 3916 est
2096 3860 2231 3916 fides
2264 3859 2564 3924 catholica;
2593 3857 2698 3912 hoc
2722 3863 2809 3912 est
2827 3856 3050 3911 credere
3073 3852 3129 3907 in
3164 3850 3383 3905 Patrem
3406 3856 3462 3903 et
3489 3847 3582 3901 Fi-

1981 3950 2115 4005 lium
2149 3958 2205 4006 et
2247 3950 2507 4019 Spiritum
2545 3956 2816 4012 sanctum,
2850 3961 3021 4001 unum
3062 3951 3120 4002 et
3143 3956 3333 3998 verum
3365 3940 3535 3995 Deum
3559 3978 3578 4005 ,

1983 4042 2187 4096 trinum
2223 4040 2277 4096 in
2303 4038 2570 4110 personis,
2602 4045 2658 4094 et
2689 4052 2856 4093 unum
2895 4037 2952 4092 in
2983 4032 3317 4099 substantia;
3354 4031 3582 4087 credere

1983 4131 2150 4185 etiam
2183 4129 2328 4198 quod
2358 4127 2471 4183 sola
2491 4143 2722 4197 persona
2747 4126 2867 4181 Filii
2899 4140 3000 4196 pro
3033 4124 3205 4187 salute
3240 4129 3424 4178 nostra
3455 4136 3581 4177 ear-

286 4232 612 4274 cousumare
637 4218 961 4282 voluissetis,
999 4194 1067 4274 ut
1083 4220 1315 4289 primum
1350 4220 1607 4289 quicquid
1628 4194 1685 4274 in
1709 4222 1879 4287 vobis,
1908 4194 1956 4260 ο
1985 4237 2108 4277 nem
2135 4194 2510 4289 assumpserit;
2534 4218 2588 4273 in
2610 4233 2719 4288 qua
2741 4229 2791 4273 et
2820 4194 3015 4288 passus
3046 4224 3151 4275 est.
3180 4223 3234 4268 et
3255 4215 3579 4281 resurrexit,

290 4307 344 4364 id
370 4318 455 4365 est
476 4309 533 4364 in
566 4324 797 4379 persona
834 4322 890 4366 et
924 4311 1224 4367 ministerio
1260 4320 1470 4378 vestro,
1505 4312 1883 4384 corrigendum

286 4398 646 4465 inveniretur,
691 4398 917 4455 Domino
946 4400 1241 4456 auxiliante
1271 4401 1645 4473 corrigeretis,
1690 4400 1885 4459 deinde

288 4488 623 4558 quicumque
649 4489 705 4543 in
738 4489 989 4545 omnibus
1016 4489 1296 4546 ordinibus
1332 4491 1546 4561 imperii
1575 4490 1739 4547 vestri
1772 4491 1885 4547 Deo

289 4577 602 4649 displiceret
626 4578 991 4647 inquireretis,
1015 4587 1070 4634 et
1092 4579 1388 4635 secundum
1417 4580 1534 4634 eius
1554 4581 1884 4636 voluntatem

288 4683 417 4721 eum
452 4681 721 4722 consensu
756 4666 994 4723 ﬁdelium
1035 4676 1340 4723 vestrorum
1380 4670 1447 4724 ad
1483 4670 1761 4725 tramitem
1796 4685 1885 4726 re-

289 4758 576 4813 ctitudinis
619 4759 1126 4815 revocaretis..Sed
1174 4760 1300 4829 quia
1355 4768 1565 4830 tempus
1606 4769 1879 4830 optatum,

186 4908 203 4913 _
293 4849 657 4905 exterioribus
697 4850 1093 4907 incursionibus
1136 4851 1604 4921 praepedientibus
1627 4893 1643 4917 ,
1691 4868 1884 4908 secun-

1982 4319 2037 4368 et
2061 4312 2303 4367 ascendit
2326 4311 2381 4364 in
2402 4310 2583 4381 celos;
2610 4326 2732 4366 cum
2759 4326 2866 4380 qua
2892 4309 3058 4365 etiam
3080 4309 3151 4364 ad
3175 4307 3421 4364 iuditium
3448 4322 3580 4362 ven-

1982 4409 2167 4468 turus;
2201 4409 2256 4458 et
2282 4402 2503 4457 credere
2532 4402 2675 4471 quod
2705 4416 2801 4471 per
2830 4402 3090 4471 Spiritum
3114 4408 3361 4457 sanctum
3392 4400 3580 4456 remis-

1983 4493 2066 4548 sio
2108 4500 2457 4562 peccatorum
2492 4492 2547 4547 in
2581 4492 2907 4561 baptismate
2943 4490 3292 4555 conferatur,
3341 4498 3397 4543 et
3434 4490 3582 4560 quod

1983 4580 2231 4637 ﬁdelibus
2266 4581 2321 4635 in
2362 4581 2591 4636 ecclesia
2622 4580 2822 4636 Christi
2856 4580 3098 4636 eiusdem
3134 4579 3309 4635 sancti
3347 4578 3585 4649 Spiritus

1985 4674 2126 4731 dono
2158 4688 2258 4744 per
2289 4672 2649 4728 ministerium
2690 4671 3025 4728 sacerdotale
3067 4678 3124 4728 et
3162 4687 3260 4742 per
3302 4669 3583 4740 poeniten—

1985 4765 2116 4820 tiam
2144 4764 2393 4819 remissio
2436 4770 2780 4833 peccatorum
2819 4761 3187 4817 indubitanter
3219 4760 3605 4823 attrilmatur,.

1985 4865 2039 4913 et
2063 4856 2207 4926 quod
2235 4854 2504 4926 generalis
2522 4852 2763 4908 omnium
2790 4850 2846 4906 in
2871 4867 2998 4906 vera
3027 4866 3190 4906 carne
3211 4849 3265 4903 in
3288 4848 3580 4901 adventum

295 4938 423 4992 dum
449 4938 777 4994 desiderium
808 4948 1048 4995 vestrum
1079 4940 1225 4995 nacti
1268 4956 1374 4995 non
1412 4940 1569 5006 estis,
1612 4941 1768 4997 libuit
1799 4957 1886 4998 se-
1988 4946 2193 5003 Christi
2225 4943 2552 5001 resurrectio
2582 4942 2765 4998 futura
2799 4942 2898 5008 sit;
2935 4949 2991 4997 et
3018 4939 3163 5010 quod
3192 4950 3351 4993 nosse
3386 4950 3581 4989 unum-

295 5029 518 5083 renitati
546 5037 725 5085 vestre
759 5045 882 5085 cum
903 5030 1225 5100 quibusdam
1247 5030 1493 5086 ﬁdelibus
1515 5032 1710 5086 vestris
1730 5047 1886 5102 prae-
1992 5052 2261 5108 quemque
2296 5036 2506 5092 ﬁdelem
2532 5040 2803 5109 oporteat,
2850 5031 2975 5101 quia
3018 5031 3153 5086 haec
3196 5027 3330 5082 ﬁdes
3361 5039 3487 5079 vera
3525 5031 3584 5078 et

299 5124 458 5178 terita
491 5124 669 5180 hieme
700 5125 956 5196 placitum
981 5126 1201 5191 habere,
1239 5133 1294 5181 et
1325 5126 1392 5181 de
1429 5125 1515 5180 his
1550 5140 1691 5194 quae
1732 5141 1891 5195 prae-
1922 5119 1973 5179 D
1997 5129 2270 5185 fructuosa
2291 5143 2422 5184 esse
2452 5143 2558 5183 non
2581 5134 2776 5198 potest,
2806 5122 2908 5179 nisi
2940 5120 3099 5178 bonis
3133 5117 3389 5191 operibus
3420 5130 3582 5172 exor-

926 5284 933 5289 .
1542 5238 1936 5296 VARIANTES
1974 5243 2376 5299 LECTIO‘NES.

304 5337 322 5367 ¹
358 5337 651 5407 resciptum
685 5338 802 5393 cod.
888 5340 909 5372 ²
936 5345 1221 5394 attcrreret
1242 5334 1523 5391 elaudibus
1549 5352 1596 5389 ε.
1674 5335 1695 5365 ³
1726 5336 1990 5393 cdnnctos
2010 5355 2058 5392 c.
2136 5338 2159 5369 ⁵
2190 5337 2428 5408 apitibus
2452 5352 2501 5391 c.

1826 5440 2057 5499 ΝΟΤᾸΕ.

377 5553 400 5580 ι
431 5541 761 5608 Quibuscum
807 5537 1163 5593 cnnferendus
1186 5544 1270 5591 est
1291 5534 1427 5591 Vitae
1453 5530 1622 5588 Walae
1657 5532 1792 5587 liber
1822 5547 1885 5596 η,
1995 5550 2048 5605 p.
2088 5533 2246 5597 l655,
2272 5534 2362 5589 ubi
2388 5541 2564 5587 tamen
2595 5527 2838 5587 Lotharii
2870 5543 3064 5585 nomen
3093 5527 3330 5605 additur.

379 5627 545 5653 mum-
576 5610 756 5653 αρε-ιιι-
790 5611 913 5653 ςς--
944 5617 982 5653 ι-
1013 5607 1075 5653 ll-
2071 5616 2092 5644 ε
2122 5604 2205 5653 Cf.
2233 5604 2524 5653 Lnblicum.
2563 5601 2600 5653 l.
2633 5617 2706 5653 c..
2732 5599 2827 5653 lib.
2857 5616 2897 5653 ι.
2924 5615 2974 5653 e.
3008 5599 3057 5653 Ι.
3082 5614 3136 5653 n.
3170 5598 3325 5653 l599.

310 5598 546 5664 Ιισιιιιῖηι.
576 5610 758 5666 Germ.
790 5611 914 5672 $3.,
944 5617 982 5662 t.
1013 5607 1075 5662 ll.

383 5680 409 5720 ιο
432 5677 514 5737 Cf.
546 5682 739 5737 eoncil.
769 5679 1072 5736 I‘arisiense
1097 5693 1172 5744 vr,
1200 5674 1340 5747 apud
1368 5674 1661 5739 Labbeum,
1679 5672 1772 5727 lib.
1807 5680 1889 5737 In,

1997 5598 2011 5605 ’
2071 5616 2092 5644 ε
2122 5604 2205 5659 Cf.
2232 5604 2524 5668 Labbeum,
2563 5601 2600 5656 1.
2633 5617 2706 5668 c..
2732 5599 2827 5656 lib.
2857 5616 2897 5666 ι,
2924 5615 2974 5656 e.
3008 5599 3057 5667 i,
3082 5614 3136 5671 p.
3170 5598 3325 5659 l599.

1968 5762 2016 5782 μέ
