3974 6134
391 217 498 277 603
1120 265 1157 299 ._
1208 216 1274 272 Β.
1311 212 1561 273 CAROIJ
1600 209 1815 269 MAGNI
1850 209 2000 299 OPP.
2041 210 2221 267 PARS
2256 211 2296 267 ι.
2339 207 2581 269 SECTIO
2615 208 2849 267 PRIMA.
3556 219 3660 278 θω

387 338 567 395 netur,
603 328 658 385 id
676 335 762 385 est
782 340 896 399 spe,
922 321 1168 395 castitate,
1191 324 1515 388 humilitate,
1549 322 1817 385 castitate,
1843 337 1972 377 con-
2000 328 2046 386 Α
2075 321 2398 377 venerabilis
2445 323 2726 393 episcopus
2763 326 2831 380 ad
2878 323 3224 381 Anastasium
3277 328 3662 400 imperatorem

385 417 634 483 tinentia,
671 416 981 481 sobrietate,
1007 414 1378 480 unanimitate,
1405 412 1713 479 concordia,
1743 412 1968 476 iustitia,
2072 410 2146 464 ita
2202 412 2421 466 scribit:
2475 431 2495 464 ι
2549 414 2697 470 Duae
2740 425 2867 472 sunt
2898 416 3096 486 quippe
3147 418 3336 490 inquid
3365 422 3667 493 imperator

383 507 608 575 p'etate,
636 504 1020 571 misericordia,
1062 505 1387 571 innocentia,
1427 511 1482 560 et
1510 502 1871 574 simplicitate,
1916 512 1972 558 et
2072 511 2333 572 augustae
2356 504 2377 535 ⁸
2402 504 2598 576 quibus
2626 506 2997 577 principaliter
3030 511 3263 566 mundus
3299 512 3390 569 hic
3423 516 3666 586 regitur,

384 593 585 648 ceteris
621 591 704 646 his
732 591 1025 658 similibus;
1059 606 1200 661 quae
1232 590 1412 646 omnia
1460 590 1514 644 in
1548 590 1831 646 dilectione
1874 591 1970 645 Dei
2072 594 2368 649 auctoritas
2403 604 2618 651 sacrata
2640 597 2980 665 pontiﬁcum,
3006 605 3060 653 et
3086 600 3282 670 regalis
3316 612 3582 672 potestas.
3607 607 3664 663 lu

385 692 442 740 et
477 683 709 753 proximi
742 683 1062 739 consistunt.
1112 682 1240 738 Sine
1286 676 1373 738 his
1404 681 1548 738 enim
1594 696 1753 737 nemo
1793 689 1972 751 potest

384 775 600 846 placere
629 774 739 831 Deo
767 789 867 831 nec
887 775 1070 830 salvus
1096 789 1235 840 esse,
1259 775 1384 843 quia
1414 782 1551 829 teste
1573 774 1815 845 apostolo
1836 774 1970 830 ﬁdes

384 866 501 921 sine
523 864 775 936 operibus
803 873 1018 924 mortua
1055 874 1138 921 est
1173 865 1226 919 in
1258 866 1564 935 semetipsa.
1603 864 1835 921 Proinde
1875 882 1970 922 ne-

382 972 534 1013 cesse
557 966 660 1025 est,
690 968 752 1013 ut
775 958 1144 1028 unusquisque
1179 958 1511 1014 christianos
1538 958 1821 1028 diligenter
1842 973 1968 1028 per-

380 1049 601 1117 pendat,
630 1057 810 1104 utrum
832 1050 886 1104 in
920 1064 986 1105 eo
1020 1050 1155 1105 ﬁdes
1184 1050 1306 1104 viva
1331 1050 1421 1115 sit,
1451 1051 1592 1106 bona
1616 1064 1779 1120 opera
1805 1065 1970 1121 agen-

382 1137 469 1200 do,
514 1152 582 1190 an
613 1146 825 1191 mortua
856 1137 999 1193 bona
1033 1152 1195 1208 opera
1227 1137 1596 1210 neglegendo;
1650 1147 1705 1193 et
1737 1140 1782 1195 si
1819 1140 1967 1194 iuxta

382 1228 763 1284 documentum
797 1229 1023 1299 apostoli
1050 1230 1165 1300 ipsa
1191 1229 1326 1287 ﬁdes
1364 1231 1483 1287 sine
1525 1232 1778 1302 operibus
1812 1231 1970 1287 bonis

380 1328 594 1374 mortua
645 1328 758 1388 est,
794 1336 1032 1391 quanam
1066 1322 1086 1353 ³
1122 1322 1501 1392 dampnatione
1544 1322 1811 1393 plectendi
1844 1331 1971 1379 sunt

379 1410 476 1474 illi,
516 1410 609 1480 qui
644 1426 752 1466 non
775 1412 949 1467 solum
971 1412 1197 1468 eandem
1220 1413 1379 1468 ﬁdem
1406 1413 1563 1468 bonis
1582 1414 1836 1483 operibus
1860 1429 1968 1470 non

378 1507 665 1566 exornant,
698 1500 792 1555 sed
828 1501 993 1556 etiam
1034 1500 1261 1556 diversis
1288 1502 1310 1532 ⁹
1341 1500 1559 1573 flagitiis
1584 1518 1705 1558 eam
1731 1519 1971 1560 comma-

378 1591 584 1647 culant.
618 1590 765 1646 inter
791 1599 972 1648 cetera
1008 1592 1030 1625 ³
1055 1592 1253 1662 quippe
1294 1592 1436 1647 mala
1468 1608 1609 1666 quae
1643 1594 1870 1651 eandem
1903 1594 1968 1650 ti-

2072 683 2269 751 quibus
2291 692 2440 740 tanto
2464 686 2680 756 gravius
2711 688 2923 757 pondus
2957 696 3039 744 est
3067 692 3430 760 sacerdotum,
3457 707 3666 765 quanto

2072 771 2234 826 etiam
2258 786 2357 842 pro
2379 774 2509 845 ipsis
2534 776 2753 847 regibus
2784 778 3064 833 hominum
3099 779 3153 833 in
3184 780 3367 837 divino
3401 784 3667 842 reddituri

2069 871 2195 918 sunt
2218 866 2463 922 examine
2490 867 2774 927 rationem.
2810 890 2829 923 ›
2862 868 3180 941 Fulgentius
3198 886 3413 942 quoque
3441 875 3495 929 in
3526 876 3666 933 libro

2071 955 2137 1012 de
2170 957 2395 1015 veritate
2420 962 2893 1031 predestinationis
2937 965 2958 995 ⁷
2980 972 3036 1020 et
3073 965 3281 1036 gratiae
3321 967 3396 1023 ita
3430 971 3663 1026 scribit:

2075 1065 2096 1098 ι
2138 1047 2409 1116 Quantum
2438 1053 2673 1121 pertinet
2699 1055 2876 1123 inquit
2902 1056 2969 1111 ad
2991 1057 3154 1112 huius
3176 1060 3438 1128 temporis
3471 1061 3663 1129 vitam,

2070 1137 2125 1193 in
2164 1140 2423 1196 aecclesia
2459 1157 2618 1199 nemo
2646 1143 2899 1213 pontiﬁce
2931 1147 3111 1215 potior
3133 1156 3187 1204 et
3221 1148 3275 1203 in
3315 1151 3498 1207 saeclo
3522 1153 3668 1208 ebri-

2070 1228 2245 1285 stiano
2296 1247 2457 1288 nemo
2494 1233 2821 1304 imperatore
2873 1237 3070 1294 cels1or
3115 1239 3406 1296 invenitur.
3466 1263 3486 1295 ι
3528 1243 3664 1299 Cum

2071 1321 2207 1377 haec
2233 1323 2430 1392 quippe
2455 1324 2527 1379 ita
2563 1340 2623 1382 se
2663 1327 2920 1393 habeant,
2948 1329 3182 1398 primum
3209 1333 3277 1387 de
3318 1335 3663 1403 sacerdotali,

2068 1424 2191 1489 post
2212 1419 2278 1477 de
2302 1419 2470 1491 regali
2502 1435 2734 1491 persona
2770 1423 3058 1480 dicendum
3094 1426 3402 1483 statuimus.

2374 1553 2462 1610 DE
2499 1553 2818 1612 PERSONA
2858 1556 3363 1617 SACERDOTALI.

379 1681 503 1737 dem
531 1683 946 1749 commaculant,
972 1692 1230 1754 quattuor
1249 1685 1406 1741 nobis
1425 1685 1551 1740 vitia
1575 1686 1836 1756 spiritalia
1858 1701 1965 1742 me-
1996 1670 2041 1731 Β
2135 1683 2268 1754 Cap.
2296 1684 2347 1739 i.
2382 1683 2455 1739 De
2478 1696 2501 1724 ε
2526 1684 2774 1740 electione
2794 1695 2842 1740 et
2861 1689 3187 1758 promotione
3214 1690 3566 1745 sacerdotum.
3593 1692 3677 1748 De

379 1776 487 1832 rito
512 1776 884 1848 exaggeranda
909 1778 1194 1843 videntur,
1244 1793 1385 1848 quae
1419 1786 1624 1849 quanto
1669 1779 1965 1835 occultiora

377 1873 506 1919 sunt
528 1872 682 1920 tanto
709 1865 1121 1935 pernitiosiora;
1155 1867 1209 1922 id
1231 1876 1316 1923 est
1347 1868 1628 1939 superbia,
1665 1883 1763 1940 per
1803 1884 1966 1939 quam

376 1955 603 2026 angelus
628 1956 875 2011 diabolus
899 1955 1125 2013 ell‘ectus
1148 1965 1232 2013 est
1261 1965 1318 2013 et
1348 1957 1418 2014 de
1448 1958 1567 2014 celo
1606 1958 1841 2026 eiectus;
1884 1959 1969 2014 in-

376 2045 541 2111 vidia,
570 2060 667 2115 per
690 2060 854 2116 quam
881 2046 1022 2102 idem
1043 2046 1292 2104 diabolus
1316 2048 1591 2105 hominem
1612 2049 1679 2105 de
1698 2051 1966 2121 paradyso

377 2138 567 2205 eiecit;
602 2138 788 2195 odium
819 2147 873 2195 et
898 2140 1189 2206 discordia,
1218 2155 1357 2211 quae
1385 2140 1670 2196 caritatem
1690 2142 1833 2197 inter
1848 2156 1970 2212 pro-

377 2230 556 2286 ximos
581 2231 886 2302 extinguat,
927 2245 983 2288 et
1005 2232 1347 2288 dilectionem
1379 2241 1660 2298 evacuant,
1696 2241 1752 2289 et
1785 2233 1969 2289 omnia

376 2325 519 2379 bona
555 2331 886 2392 pervertunt,
935 2332 992 2379 et
1031 2339 1140 2379 non
1184 2324 1369 2380 sinunt
1388 2324 1664 2394 proximos
1701 2324 1754 2378 in
1781 2331 1967 2378 mutua

377 2416 665 2471 dilectione
707 2416 1005 2472 consistere
1029 2457 1045 2482 ,
1092 2431 1269 2487 neque
1316 2417 1480 2473 etiam
1526 2416 1870 2486 tranquillam
1910 2424 1972 2471 ut

377 2509 634 2564 decuerat
670 2507 997 2564 christianos
1032 2509 1199 2563 vitam
1231 2509 1496 2581 delegere.
1531 2509 1682 2577 Quae
1719 2509 1840 2565 ideo
1874 2524 1969 2579 pe-

377 2589 698 2654 riculosioi-a
733 2598 898 2654 immo
924 2598 1202 2655 mortifera
1233 2600 1488 2666 diximus,
1514 2600 1771 2669 quoniam
1793 2609 1970 2656 secta-

376 2696 528 2744 tores
556 2688 768 2743 illorum
802 2704 869 2745 ea
894 2697 988 2744 aut
1017 2704 1123 2744 non
1151 2688 1485 2760 intellegunt,
1525 2697 1619 2744 aut
1643 2697 1788 2745 certe
1813 2689 1973 2745 intel-

307 2757 314 2778 ’
376 2779 558 2851 legere
592 2780 969 2848 dedignantur,
1001 2788 1057 2836 ct
1089 2780 1213 2850 quia
1252 2795 1317 2836 ea
1340 2757 1822 2851 vpervipendenles,
1868 2796 1968 2852 pro

376 2873 464 2929 bis
484 2874 551 2928 ad
577 2871 973 2930 confessionem
1009 2888 1119 2929 non
1147 2874 1389 2940 veniunt,
1429 2873 1631 2930 idcirco
1658 2888 1760 2930 nec
1787 2889 1970 2931 corre—

375 2964 611 3020 ctionem
648 2972 942 3019 merentur.

2064 1772 2327 1829 electione
2373 1782 2429 1830 et
2475 1775 2815 1844 promotione
2848 1790 3038 1831 eorum
3088 1777 3181 1847 qui
3218 1778 3296 1833 ad
3332 1776 3567 1834 formam
3612 1789 3668 1837 et

2066 1866 2369 1936 exemplum
2400 1867 2521 1923 aliis
2552 1867 2897 1937 praeﬁciendi
2933 1869 2956 1901 ⁸
2977 1878 3104 1924 sunt
3128 1910 3144 1935 ,
3167 1870 3564 1940 providendum
3600 1887 3666 1927 ac

2067 1971 2353 2028 sumopere
2401 1958 2702 2015 cavendum
2729 1967 2834 2026 est,
2879 1967 2941 2014 ut
2981 1961 3038 2015 bi
3085 1975 3184 2030 per
3220 1976 3358 2031 quos
3387 1969 3443 2018 et
3474 1963 3672 2034 religio

2067 2047 2364 2103 christiana
2401 2056 2653 2105 constare
2690 2056 2747 2105 et
2789 2051 2990 2105 caeteri
3025 2052 3095 2105 ab
3124 2049 3436 2107 offensione
3467 2054 3670 2109 debent

2068 2138 2286 2204 salvari,
2320 2138 2459 2195 tales
2493 2148 2701 2197 remota
2735 2140 2988 2210 poenitus
3023 2141 3315 2197 simoniaca
3360 2152 3517 2212 peste
3571 2144 3673 2200 eli-

2070 2237 2286 2300 gantur,
2307 2231 2498 2301 quales
2514 2239 2572 2287 et
2592 2232 2920 2301 apostolicus
2944 2246 3124 2287 sermo
3144 2240 3201 2288 et
3216 2234 3516 2289 canonieus
3535 2237 3673 2290 ordo

2069 2334 2123 2379 et
2168 2324 2311 2380 beati
2360 2324 2611 2396 Gregorii
2659 2325 2947 2396 pastoralis
2989 2325 3178 2395 regula
3225 2326 3400 2381 docet.
3446 2325 3672 2383 Scilicet

2070 2415 2328 2484 quoniam
2354 2416 2401 2470 si
2425 2429 2525 2486 pro
2551 2414 2732 2485 aliquo
2760 2428 2983 2470 munere
3018 2416 3321 2484 praesentis
3346 2415 3673 2486 futuraeque

2071 2506 2443 2563 retributionis
2477 2506 2561 2562 vel
2585 2521 2685 2577 pro
2720 2506 2826 2560 alia
2863 2506 3105 2576 qualibet
3126 2521 3186 2561 re
3220 2521 3360 2576 quae
3389 2508 3670 2563 contraria

2069 2609 2190 2650 esse
2207 2596 2380 2666 possit
2398 2582 2612 2652 veritati
2645 2596 2968 2665 divinaeque
2997 2596 3308 2651 auctoritati
3334 2596 3576 2668 eligitur,
3605 2597 3671 2653 li-

2070 2697 2199 2759 quet
2233 2687 2496 2759 profecto,
2523 2689 2667 2759 quod
2696 2703 2765 2743 ex
2797 2694 2911 2743 toto
2953 2687 3114 2743 aliter
3156 2689 3336 2759 agitur
3380 2703 3550 2758 quam
3587 2688 3672 2744 di-

2069 2781 2193 2834 vina
2214 2780 2510 2836 auctoritas
2529 2786 2776 2845 testetur,
2806 2787 2862 2835 et
2887 2780 3030 2850 quod
3052 2780 3105 2835 in
3130 2780 3503 2836 huiuscemodi
3526 2781 3675 2837 facto

2068 2872 2212 2928 Deus
2231 2872 2553 2937 oll'endatur,
2585 2879 2641 2927 et
2672 2870 2854 2928 taliter
2877 2871 3052 2928 electo
3080 2880 3136 2928 et
3167 2872 3252 2927 his
3279 2873 3477 2942 quibus
3509 2888 3671 2943 prae-

2070 2963 2248 3019 ﬁcitur
2273 2962 2406 3033 quin
2448 2962 2762 3019 scandalum
2811 2970 3101 3032 generetur
3145 2964 3370 3019 dubium
3408 2978 3521 3018 non
3556 2971 3666 3019 est.

446 3052 503 3106 3.
534 3051 688 3119 Quod
710 3064 737 3094 ι
760 3050 1069 3107 universalis
1096 3063 1278 3107 sancta
1306 3052 1406 3109 Dei
1432 3053 1649 3110 ecclesia
1668 3071 1831 3109 unum
1849 3071 1969 3109 cor-
1991 3028 2042 3094 ο
2070 3028 2308 3110 Proinde
2323 3060 2555 3123 oportet,
2586 3062 2648 3108 ut
2673 3054 2728 3108 in
2758 3028 3023 3110 electione
3041 3061 3096 3110 et
3118 3055 3455 3110 ordinatione
3483 3068 3672 3110 sacer-

375 3138 496 3215 pus,
521 3144 737 3214 eiusque
758 3143 931 3214 capud
959 3142 1198 3199 Christus
1226 3145 1315 3200 sit.
1354 3144 1594 3201 Primum
1638 3147 1802 3218 igitur
1823 3146 1970 3217 quod

379 3234 702 3290 universalis
726 3242 912 3289 sancta
932 3234 1161 3290 ecclesia
1201 3236 1295 3291 Dei
1327 3252 1491 3291 unum
1513 3252 1711 3308 corpus
1742 3237 1971 3293 manife-

377 3336 464 3380 ste
495 3339 618 3382 esse
639 3328 895 3381 credatur
924 3327 1151 3396 eiusque
1172 3336 1334 3397 caput
1357 3326 1627 3395 Christus,
1660 3330 1970 3399 apostolicis

374 3415 612 3471 oraculis
645 3416 1037 3486 approbamus;
1072 3416 1215 3473 unde
1247 3417 1475 3475 Paulus:
1514 3417 1617 3475 Vos
1652 3429 1827 3476 autem
1846 3422 1971 3475 estis

378 3505 555 3574 inquit
580 3521 772 3577 corpus
793 3504 989 3561 Christi
1008 3517 1056 3560 et
1087 3507 1313 3562 membra
1340 3508 1407 3563 de
1432 3511 1968 3582 membro.lten1que:

381 3597 533 3654 Sicut
562 3600 699 3653 enim
740 3600 798 3652 in
840 3615 945 3653 uno
990 3616 1206 3671 corpore
1239 3600 1403 3656 multa
1438 3604 1669 3658 membra
1698 3603 1967 3671 habemus,

378 3688 557 3742 omnia
580 3699 755 3742 autem
782 3688 1015 3743 mutem
1040 3704 1143 3743 non
1168 3689 1389 3745 eundem
1409 3703 1584 3747 actum
1611 3693 1635 3726 ⁴
1662 3693 1868 3760 habent,
1895 3697 1971 3751 ita

373 3778 530 3832 multi
556 3794 715 3832 unum
746 3794 934 3850 corpus
952 3795 1134 3835 sumas
1158 3782 1212 3835 in
1243 3781 1470 3837 Christo.
1502 3784 1664 3841 Item:
1690 3784 1854 3842 Cuius
1879 3804 1971 3842 ca-

374 3882 466 3944 put
497 3871 737 3928 Christus
764 3883 872 3939 est,
913 3889 979 3928 ea:
1003 3889 1106 3945 quo
1146 3884 1312 3930 totum
1352 3893 1541 3948 corpus
1580 3893 1674 3950 per
1701 3895 1890 3934 nexum
1922 3889 1970 3935 et

375 3964 794 4018 coniunctionem
821 3964 1248 4021 administratum
1287 3970 1470 4023 crescit
1495 3969 1551 4024 in
1578 3967 1826 4041 templum
1854 3987 1977 4026 san-

376 4065 517 4109 ctum
542 4057 598 4110 in
625 4055 872 4111 Domino.
902 4056 1042 4113 Sunt
1068 4070 1123 4114 et
1150 4059 1252 4114 alia
1279 4059 1560 4116 innumera
1598 4061 1969 4119 huiuscemodi

374 4148 640 4219 exempla,
675 4164 815 4219 quae
850 4134 940 4206 hic
975 4152 1045 4207 ob
1086 4152 1452 4222 prolixitatem
1497 4154 1773 4211 vitandam
1814 4170 1972 4225 prae-

376 4239 771 4295 termittuntur.
816 4241 1073 4312 Quisquis
1109 4257 1239 4315 ergo
1285 4258 1383 4314 per
1427 4245 1607 4314 aliqua
1661 4244 1866 4301 inlicita
1901 4260 1969 4300 ex

2070 3145 2211 3201 dotis
2252 3143 2409 3200 valde
2448 3144 2519 3199 sit
2567 3144 2867 3200 execranda
2905 3144 3201 3200 simoniaca
3252 3144 3479 3208 heresis,
3527 3158 3673 3216 quae

2062 3233 2289 3306 propter
2312 3236 2654 3304 quorundam
2679 3234 2958 3290 avaritiam
2981 3242 3036 3289 et
3076 3235 3426 3290 ambitionem
3450 3237 3672 3292 moder-

2069 3326 2157 3381 nis
2179 3325 2509 3394 temporibus
2531 3325 2848 3396 dignitatem
2869 3325 3256 3381 sacerdotalem
3281 3324 3502 3382 fuscare
3525 3342 3674 3382 c0111—

2068 3416 2348 3485 probatur.
2378 3414 2495 3470 Non
2523 3414 2689 3471 nichil
2723 3415 3023 3471 detestandi
3044 3415 3182 3470 iuris
3212 3422 3360 3470 tanta
3398 3418 3670 3486 cupiditas

2071 3505 2264 3571 habet,
2310 3519 2450 3575 quae
2483 3505 2541 3560 in
2585 3505 2884 3576 primordio
2923 3514 3143 3562 sanctae
3195 3506 3293 3562 Dei
3336 3506 3604 3563 ecclesiae
3635 3521 3669 3561 a

2069 3598 2230 3654 beato
2259 3597 2423 3654 Petro
2445 3598 2690 3669 principe
2726 3599 3092 3669 apostolorum
3132 3615 3257 3655 cum
3304 3610 3535 3655 auctore
3566 3614 3669 3657 suo

2072 3689 2325 3746 damnata
2358 3698 2460 3746 est.
2487 3689 2625 3746 Nam
2647 3690 2677 3731 ἀ
2713 3699 2769 3747 et
2804 3692 2860 3746 in
2884 3691 3115 3748 concilio
3153 3691 3532 3748 Calcidonensi
3575 3706 3667 3748 ca—

2069 3780 2239 3851 pitulo
2284 3782 2522 3838 secundo
2567 3782 2852 3837 scribitur:
2900 3800 2923 3833 (
2979 3780 3036 3838 Si
3077 3782 3199 3852 quis
3238 3782 3528 3853 episcopus
3570 3798 3671 3854 per

2068 3874 2355 3945 pecuniam
2380 3873 2569 3931 fecerit
2604 3874 3017 3939 ordinationem,
3054 3875 3154 3929 sub
3182 3874 3367 3944 precio
3393 3873 3669 3945 redegerit

2072 3964 2299 4034 gratiam
2341 3979 2482 4034 quae
2509 3979 2616 4020 non
2656 3970 2836 4034 potest
2861 3964 3039 4029 vendi,
3085 3964 3529 4033 ordinaveritque
3571 3977 3668 4033 per

2069 4054 2352 4124 pecuniam
2377 4055 2688 4125 episcopum
2723 4060 2818 4108 aut
2847 4054 3207 4123 presbiterum
3245 4061 3341 4108 aut
3375 4053 3665 4108 diaconum

2070 4142 2154 4197 vel
2179 4143 2474 4213 quemlibet
2492 4158 2560 4200 ex
2585 4143 2671 4199 his
2693 4143 2786 4212 qui
2810 4149 3269 4198 connumerantur
3296 4142 3350 4196 in
3377 4142 3549 4208 clero,
3573 4149 3667 4197 aut

2066 4234 2400 4305 promoverit
2430 4249 2527 4305 per
2549 4234 2834 4304 pecuniam
2872 4233 3298 4303 dispensatorem
3341 4240 3439 4288 aut
3480 4234 3668 4290 defen-

376 4329 624 4385 mcmbro
652 4328 856 4385 Christi
895 4344 956 4385 se
997 4330 1127 4386 fecit
1170 4333 1472 4388 membrum
1516 4334 1749 4399 diaboli,
1794 4348 1825 4389 a
1859 4348 1968 4403 quo
1994 4376 2043 4403 η
2071 4340 2248 4381 sorem
2277 4323 2362 4381 vel
2386 4339 2713 4395 quemquam
2750 4324 2842 4394 qui
2887 4323 3160 4380 subiectas
3197 4331 3283 4379 est
3315 4324 3539 4395 regulae
3567 4340 3669 4395 pro

376 4423 500 4471 astu
527 4416 796 4473 diabolico
818 4427 1103 4488 superatus
1124 4419 1146 4452 '
1170 4429 1274 4487 est,
1319 4436 1378 4476 se
1418 4422 1797 4478 incunctanter
1836 4423 1966 4478 dum
1994 4416 2043 4437 ⁵⁷
2071 4436 2171 4477 suo
2212 4421 2508 4491 turpissimi
2553 4421 2687 4477 lucri
2721 4421 3038 4486 commodo,
3086 4421 3134 4475 is
3184 4421 3271 4476 cui
3324 4423 3430 4478 hoc
3470 4431 3669 4478 attem-

381 4513 595 4576 tempus
635 4509 970 4577 penitentiae
1013 4509 1068 4565 in
1092 4519 1310 4582 promtu
1357 4512 1626 4580 habetur,
1677 4514 1968 4572 restituere
2066 4512 2251 4581 plaudi
2283 4510 2307 4543 ’
2338 4512 2691 4581 approbatum
2734 4509 2914 4576 fuerit,
2947 4511 3152 4583 proprii
3196 4511 3395 4583 gradus
3422 4513 3673 4582 periculo

380 4612 489 4657 non
515 4598 779 4671 neglegat.
2069 4604 2371 4661 subiacebit
2395 4620 2411 4671 ;
2444 4611 2501 4659 et
2532 4603 2625 4674 qui
2652 4604 2934 4659 ordinatus
2967 4614 3070 4669 est,
3099 4604 3264 4660 nichil
3290 4621 3357 4660 ex
3386 4605 3493 4660 bac
3520 4606 3669 4660 ordi-

450 4690 505 4744 5.
525 4689 720 4756 Quodb
741 4690 974 4746 eiusdem
997 4693 1279 4750 aecclesiae
1303 4710 1491 4767 corpus
1512 4696 1566 4752 in
1588 4697 1794 4753 duabus
1819 4699 1971 4770 prin-
2068 4695 2289 4751 natione
2320 4701 2413 4749 aut
2443 4694 2782 4764 promotione
2802 4709 2901 4766 per
2926 4695 3353 4766 negotiacionem
3376 4695 3521 4751 facta
3543 4710 3666 4767 pro-

374 4779 618 4850 ἀμιξίαν
641 4781 909 4838 dividatur
933 4784 1138 4840 eximiis
1174 4787 1427 4857 personis.
1465 4787 1841 4859 Principaliter
1861 4791 1968 4846 ita-
2074 4787 2240 4853 ﬁciat,
2272 4787 2365 4842 sed
2394 4786 2464 4840 sit
2499 4785 2707 4841 alienus
2747 4801 2810 4841 ea
2861 4786 3123 4858 dignitate
3168 4787 3254 4842 vel
3299 4787 3667 4845 sollicitudine

381 4885 488 4939 que
518 4871 686 4928 totius
719 4882 943 4930 sanctae
966 4876 1061 4932 Dei
1093 4878 1353 4936 ecclesiae
1375 4893 1573 4951 corpus
1603 4881 1658 4936 in
1683 4882 1818 4938 duas
1850 4884 1969 4939 exi-
2074 4895 2236 4954 quam
2260 4877 2505 4950 pecuniis
2529 4878 2839 4948 adquisivit.
2868 4878 2925 4934 Si
2949 4879 3072 4949 quis
3094 4894 3225 4935 vero
3250 4879 3519 4936 mediator
3551 4888 3665 4935 tam

380 4961 516 5017 mias
536 4976 812 5032 personas,
844 4965 897 5020 in
924 4970 1312 5028 sacerdotalem
1339 4972 1590 5030 videlicet
1625 4982 1679 5030 ct
1710 4975 1964 5046 regalem,
2075 4973 2320 5043 turpibus
2343 4982 2399 5025 et
2432 4969 2678 5026 nefandis
2723 4970 2861 5026 datis
2897 4978 2982 5027 vel
3023 4971 3259 5039 acceptis
3294 4971 3559 5035 extiterit,
3594 4970 3668 5025 si-

378 5051 572 5107 sicuta
605 5055 807 5111 sanctis
836 5058 1081 5127 patribus
1103 5061 1359 5116 traditum
1383 5064 1711 5133 accepimus,
1734 5065 1969 5122 divisum
2074 5065 2292 5137 quidem
2340 5061 2568 5118 clericus
2619 5060 2819 5127 fuerit,
2861 5062 3083 5131 proprio
3122 5062 3290 5132 gradu
3325 5060 3578 5126 decidat;
3617 5058 3664 5114 si

377 5156 500 5201 esse
532 5145 813 5215 novimus;
860 5148 932 5205 de
960 5166 1066 5220 qua
1107 5166 1173 5209 re
1208 5152 1456 5211 Gelasius
1502 5155 1776 5213 Romanae
1819 5161 1964 5217 sedis
2069 5173 2200 5215 vero
2232 5156 2403 5213 laicus
2433 5162 2527 5210 aut
2552 5154 2866 5219 monachus,
2894 5155 3404 5210 anathematisetur.
3442 5170 3463 5206 ι

2904 5264 2910 5269 .
2955 5244 2966 5270 ο

1630 5270 2019 5329 VARIANTES
2054 5266 2457 5328 LECTIONES.

457 5347 735 5436 '__quadam
757 5371 805 5410 c.
882 5356 917 5436 ξ
934 5351 1146 5436 ducrsis
1165 5375 1213 5436 4_:_.
1288 5359 1311 5393 ⁸
1335 5360 1498 5436 tertia
1516 5376 1564 5414 c.
1641 5360 1665 5393 ⁸
1686 5369 1810 5436 actu
1837 5368 1885 5417 ἐ.
1962 5363 1985 5396 ⁸
2004 5370 2286 5434 separatus
2318 5373 2457 5412 corr.
2483 5364 2770 5426 snperatus
2787 5373 2836 5412 c.
2911 5357 2934 5390 ⁶
2972 5350 3422 5426 ἱιιιρειὴιήθοετ.
3497 5358 3520 5391 ⁷
3538 5370 3665 5428 pro-

384 5425 747 5482 testinationis
770 5441 818 5479 c.
894 5427 918 5459 ⁸
954 5428 1205 5499 plieiendi
1239 5447 1287 5485 c.
1362 5430 1384 5462 ’
1410 5432 1743 5502 atemptandi
1777 5449 1825 5487 c.

461 5578 577 5657 31,.
608 5595 764 5657 c.,_p.
790 5582 1067 5657 1599,1311.
1093 5603 1133 5657 ι,
1166 5603 1218 5645 c.
1246 5587 1301 5644 ε.
1778 5620 1787 5637 .
2136 5602 2159 5632 e
2190 5591 2394 5654 L.1,c.
2431 5589 2516 5656 ll,
2543 5605 2597 5657 p.
2635 5589 2789 5647 l605.
3666 5559 3677 5608 ⁸

2236 5606 2315 5654 .1,
2344 5605 2394 5645 c.
2431 5589 2516 5656 ll,
2543 5605 2597 5656 p.
2635 5589 2789 5647 l605.

462 5605 577 5688 ἰν.
608 5605 683 5647 c.,
709 5605 764 5650 ιι.
790 5605 946 5671 1on3,
975 5605 1067 5641 nn.
1093 5605 1133 5657 1,
1166 5605 1218 5645 e.
1246 5605 1301 5644 τ.
1778 5620 1787 5637 ι
2136 5605 2159 5632 ε
2192 5605 2315 5654 1..1,
2344 5605 2394 5645 c.
2431 5605 2578 5716 ιη)

521 5646 586 5703 ιι.
620 5662 661 5714 1,
686 5650 741 5717 3,
767 5666 821 5719 p.
852 5652 1006 5709 iam.
2123 5660 2153 5702 ἀ
2184 5661 2247 5719 Ρ.
2280 5659 2436 5730 1606,
2459 5660 2498 5715 ι.
2572 5671 2578 5714 1

2482 5698 2498 5714 .
2535 5660 2617 5716 ll.
