3974 6134
209 310 320 366 σθδ

538 306 767 364 ΟΟΒΕΧ
803 304 1402 363 DlPLOMATlCUS.-—
1437 305 1757 363 LUDOVlCl
1797 303 1814 359 l

1923 305 1941 359 Γ
1980 303 2305 360 ιοτιιλκιι
2343 302 3003 360 CAPITULARIA.—AN.
3044 301 3171 359 829.

3388 302 3495 359 608

274 427 337 479 2.
366 423 522 491 Quod
545 434 831 490 sumopere
856 419 1178 474 studendum
1204 427 1307 485 est,
1341 428 1401 474 ut
1439 427 1549 474 tam
1586 421 1729 475 docti
1759 425 1814 474 et
1842 420 1892 478 Δ
1918 418 2090 488 magis
2114 418 2391 489 magisque
2416 417 2720 473 increscere
2743 417 2797 471 in
2833 415 3159 479 hominibus,
3189 424 3245 471 et
3264 415 3503 471 maxime

206 516 349 569 tales
374 514 443 567 ad
465 510 829 566 sacerdotium
849 508 1234 578 provehantur,
1256 508 1444 578 quales
1464 510 1657 563 beatus
1674 507 1811 561 Gre-

206 607 399 674 gorius
432 604 488 657 in
512 601 654 656 libro
677 600 967 670 pastoralis
991 599 1267 663 describit,
1307 600 1401 654 ubi
1429 600 1572 654 inter
1597 607 1811 654 caetera

207 696 289 750 sic
334 695 443 749 ait:
488 691 642 746 Nulla
688 704 779 745 ars
822 691 1003 745 doceri
1041 691 1410 760 praesumitur
1451 691 1556 746 nisi
1603 691 1811 745 intenta

207 787 367 858 prius
403 783 757 839 meditatione
794 782 1065 842 discatur;
1113 782 1182 836 ab
1227 781 1493 851 imperitis
1537 796 1669 852 ergo
1705 794 1813 849 qua

207 876 526 932 temeritate
550 872 824 944 pastorale
842 872 1218 943 magisterium
1247 873 1558 942 suscipitur,
1597 873 1815 942 quando

207 985 300 1024 ars
324 975 413 1023 est
443 968 662 1031 artium,
687 966 929 1036 regimen
958 967 1281 1021 animarum.
1321 966 1456 1021 Nam
1488 979 1514 1008 ι
1554 975 1609 1023 et
1633 967 1816 1023 Domi-

206 1075 316 1113 nus
342 1073 449 1128 per
477 1059 750 1128 Aggerem
776 1056 1097 1126 prophetam
1131 1058 1198 1112 de
1228 1059 1537 1126 pastoribus
1577 1059 1653 1112 ait
1674 1072 1695 1115 :
1720 1057 1816 1112 In-

207 1160 426 1221 terroga
459 1148 756 1203 sacerdotes
791 1147 994 1218 legem;
1033 1149 1176 1216 quod
1213 1149 1403 1205 beatus
1455 1148 1815 1220 Hieronymus

206 1240 286 1295 ita
316 1239 569 1310 exponit:
611 1256 631 1290 ι
668 1238 966 1295 Considera
1001 1240 1341 1295 sacerdotum
1372 1255 1493 1296 esse
1529 1241 1707 1310 inquit
1734 1239 1816 1296 of-

207 1328 325 1385 ﬁcii
350 1329 419 1384 de
446 1328 562 1399 lege
593 1329 953 1399 interrogatos
975 1329 1320 1398 respondere.
1355 1328 1413 1384 Si
1438 1331 1691 1386 sacerdos
1708 1337 1812 1395 est,

208 1421 353 1476 sciat
376 1420 551 1491 legem
579 1420 815 1485 Domini,
840 1420 887 1475 si
921 1420 1137 1491 ignorat
1173 1420 1376 1491 legem,
1406 1420 1521 1490 ipse
1546 1436 1606 1477 se
1639 1423 1817 1493 arguit

208 1528 326 1567 non
360 1527 483 1567 este
521 1511 737 1567 Domini
781 1512 1139 1567 sacerdotem.
1188 1511 1500 1567 Sacerdotis
1545 1512 1689 1568 enim
1733 1522 1818 1569 est

210 1602 362 1657 scire
412 1601 588 1672 legem
635 1608 692 1656 et
741 1601 810 1656 ad
858 1601 1337 1673 interrogationem
1370 1606 1696 1674 respondere
1750 1606 1818 1661 de

208 1691 356 1762 lege.
397 1711 418 1744 ι
458 1691 720 1748 Omnibus
751 1692 779 1732 ιι
808 1692 973 1747 etiam
1004 1694 1374 1750 sacerdotibus
1396 1695 1483 1750 illa
1512 1696 1819 1766 specialiter

1911 512 1966 565 in
1995 510 2081 565 his
2114 510 2206 580 qui
2240 510 2295 564 in
2327 509 2687 579 potestatibus
2714 517 2871 563 erant
2896 506 3196 573 constituti,
3236 507 3312 562 ita
3338 515 3399 560 ut
3421 507 3504 560 in-

3555 335 3605 394 τι

1910 601 2243 657 terveniendi
2274 600 2352 655 illi
2393 600 2535 669 apud
2582 599 2704 655 illos
2745 599 3097 671 gravissimus
3129 596 3285 653 labor
3313 607 3500 664 esset,
3594 652 3607 663 κ

1911 692 2005 761 qui
2037 692 2218 747 omnia
2248 691 2431 761 precio
2466 691 2860 746 distrahebant.
2893 689 3045 756 Quae
3078 704 3166 744 res
3202 704 3363 743 omne
3390 704 3503 741 ma-

1912 781 2022 836 lum
2049 782 2296 851 proximo
2325 781 2530 835 invexit
2561 779 2774 845 italiae,
2825 787 2880 835 et
2919 780 3113 833 eximie
3154 778 3336 832 omnia
3380 791 3503 833 ver-

1913 881 2114 943 guntur
2148 873 2203 926 in
2232 872 2407 942 peius.
2437 870 2508 925 Et
2532 871 2662 940 quid
2686 871 2863 926 dicam
2895 870 2943 925 si
2966 870 3020 923 in
3046 868 3353 924 huiusmodi
3380 882 3506 938 per-

1913 963 2063 1017 sonis
2101 963 2175 1016 ita
2203 962 2409 1017 rabiem
2435 976 2591 1016 suam
2617 968 2894 1024 exercent,
2920 961 3011 1030 qui
3043 961 3222 1015 solent
3251 966 3345 1013 aut
3368 958 3507 1013 ﬁlio—

1914 1068 2034 1108 rum
2058 1060 2153 1107 aut
2185 1053 2611 1122 propinquorum
2646 1065 2840 1106 causas
2873 1051 3193 1120 protendere
3238 1050 3304 1103 ad
3344 1062 3511 1103 exeu-

1915 1142 2115 1197 sandas
2142 1141 2519 1197 excusationes
2552 1140 2606 1193 in
2642 1138 2900 1209 peccatis,
2936 1135 3366 1207 quandoquidem
3395 1136 3512 1205 ple-

1915 1247 2113 1301 rosque
2140 1233 2380 1302 coeperit
2412 1232 2576 1287 etiam
2606 1246 2769 1285 caeca
2802 1230 2951 1285 labes
2983 1229 3293 1284 sacerdotes
3315 1227 3399 1282 vel
3434 1227 3512 1281 le-

1914 1322 2074 1388 vitas,
2099 1324 2298 1393 quibus
2325 1322 2505 1392 portio
2538 1321 2683 1376 Deus
2704 1329 2806 1383 est,
2837 1329 2897 1374 ut
2928 1319 3073 1374 illam
3103 1320 3266 1374 etiam
3291 1318 3392 1388 ipsi
3415 1332 3513 1387 ap-

1914 1420 2120 1482 petant.
2148 1412 2216 1467 Et
2241 1427 2308 1466 ve
2336 1411 2467 1466 mihi
2492 1410 2709 1473 misero,
2749 1410 2872 1479 quia
2900 1424 3001 1464 nec
3024 1408 3133 1463 line
3165 1408 3353 1463 mundi
3384 1420 3516 1476 pro-

1916 1517 2202 1565 vocamur,
2229 1509 2291 1555 ut
2324 1509 2434 1556 tam
2466 1500 2615 1572 gravi
2650 1500 2777 1572 iugo
2810 1499 3085 1555 servitutis
3126 1499 3346 1554 liberari
3380 1498 3516 1553 veli-

1917 1607 2059 1647 mus.
2086 1592 2229 1661 quod
2252 1591 2519 1661 demergit
2546 1605 2720 1659 usque
2751 1590 2819 1645 ad
2842 1588 3168 1658 profundum
3205 1584 3423 1653 inferni,
3451 1597 3514 1642 ut

1918 1682 2183 1739 faciamus
2217 1684 2375 1739 nobis
2407 1683 2614 1738 amicos
2643 1683 2709 1738 de
2734 1696 3040 1736 mammona
3066 1680 3391 1749 iniquitatis,
3420 1679 3515 1749 qui

210 1783 489 1839 sententia
517 1783 661 1838 beati
691 1782 940 1854 Gregorii
962 1790 1090 1839 ante
1119 1784 1305 1840 oculos
1332 1788 1708 1843 constituenda
1732 1796 1816 1844 est
1846 1777 1892 1838 Β
1917 1791 2020 1832 nos
2048 1776 2318 1846 recipiant
2340 1775 2393 1829 in
2416 1781 2638 1831 aeterna
2666 1773 3036 1829 tabernacula.
3072 1790 3097 1826 ›

211 1875 267 1929 in
296 1890 408 1945 qua
431 1875 583 1930 inter
603 1880 850 1929 caetera:
884 1893 904 1925 ι
946 1873 1082 1929 Cum
1114 1890 1297 1931 rerum
1318 1876 1493 1946 inquit
1522 1879 1817 1934 necessitas

210 1965 863 2034 exposcit,-pensandum
908 1964 1183 2020 valde‘est
1231 1966 1300 2021 ad
1331 1966 1545 2023 culmen
1589 1968 1818 2037 quisque

212 2055 506 2127 regiminis
555 2054 790 2124 qualiter
824 2054 1043 2120 veniat,
1090 2057 1157 2111 ad
1204 2057 1309 2111 hoc
1350 2057 1456 2112 rite
1497 2058 1819 2127 perveniens

211 2153 458 2223 qualiter
481 2151 647 2218 vivat,
678 2157 733 2206 et
763 2151 902 2207 bene
937 2151 1128 2207 vivens
1161 2151 1396 2221 qualiter
1423 2153 1613 2208 doceat
1642 2160 1697 2209 et
1733 2167 1821 2208 re-

210 2252 303 2299 cte
332 2244 540 2302 docens
573 2242 614 2294 ³.
658 2261 678 2294 ι

281 2336 347 2389 3.
386 2330 527 2401 Quia
552 2344 575 2372 ο
604 2347 735 2389 vero
758 2330 1047 2387 nonnullos
1067 2332 1277 2388 ordinis
1302 2333 1476 2387 nostri
1498 2333 1666 2390 sotios
1695 2349 1825 2389 ava-

211 2426 405 2481 ritiam
434 2425 665 2496 turpiter
688 2425 887 2481 sectari
918 2432 973 2480 et
999 2425 1195 2480 merito
1217 2440 1247 2479 a
1271 2425 1454 2480 multis
1476 2426 1817 2497 reprehendi,

212 2526 270 2573 et
294 2517 372 2572 ob
410 2516 466 2571 id
507 2516 756 2573 innoxios
789 2530 912 2571 cum
948 2515 1133 2570 noxiis
1151 2531 1217 2571 ex
1240 2516 1344 2571 hac
1374 2517 1659 2573 occasione
1683 2516 1823 2571 infa-

212 2610 359 2665 mari
384 2609 753 2678 conperimus,
775 2609 845 2664 ab
878 2609 1007 2665 hinc
1037 2610 1092 2663 in
1121 2624 1413 2665 commune
1436 2625 1536 2666 nos
1571 2619 1627 2665 et
1651 2611 1821 2666 sotios

214 2710 443 2757 nostros
467 2707 655 2755 mutua
681 2699 1058 2755 exhortatione
1087 2701 1435 2771 corrigendos
1471 2715 1593 2756 esse
1618 2702 1823 2757 iudica-

213 2793 420 2857 vimus,
450 2792 524 2845 ita
559 2789 812 2845 videlicet
833 2797 894 2843 ut
923 2804 1025 2845 nec
1052 2806 1152 2846 nos
1179 2792 1235 2845 in
1264 2791 1634 2847 huiuscemodi
1668 2800 1822 2862 peste

214 2880 486 2937 avaritiae
515 2895 699 2935 coram
732 2879 845 2935 Deo
877 2894 1247 2949 peecaremus,
1289 2896 1389 2937 nec
1426 2881 1546 2937 aliis
1585 2898 1686 2953 per
1723 2898 1822 2938 no-

213 2984 396 3030 strum
430 2971 632 3026 malum
659 2971 963 3041 exemplum
991 2971 1307 3028 detrahendi
1343 2982 1397 3028 et
1431 2974 1486 3028 in
1516 2975 1672 3030 nobis
1693 2989 1822 3045 pec-

214 3065 380 3122 candi
406 3064 587 3120 locum
620 3065 892 3119 daremus.
918 3063 1118 3118 Verum
1143 3078 1264 3118 cum
1293 3064 1471 3119 nullus
1490 3065 1821 3122 christianos

1986 1886 2040 1942 4.
2074 1886 2210 1955 Quia
2239 1886 2260 1926 τ
2281 1900 2411 1957 ergo
2435 1895 2658 1957 propter
2678 1899 3017 1941 communem
3049 1900 3115 1940 ac
3136 1882 3505 1940 necessariam

1917 1979 2308 2034 correctionem
2338 1978 2542 2047 pariter
2569 1977 2963 2048 diligenterque
3031 1975 3429 2046 inquisivimus,
3459 1980 3515 2029 et

1919 2085 1984 2124 ex
2016 2068 2253 2123 oraculis
2280 2067 2477 2123 divinis
2496 2074 2551 2123 et
2577 2073 2889 2122 sanctorum
2912 2075 3126 2137 patrum
3157 2067 3315 2122 dictis
3338 2066 3513 2121 mani-

1919 2157 2116 2213 festum
2156 2156 2403 2221 fecimus,
2459 2158 2694 2227 qualiter
2722 2158 2789 2213 ad
2819 2156 3091 2227 pastorale
3138 2156 3514 2227 magisterium

1918 2250 2266 2314 veniendum,
2292 2248 2531 2319 qualiter
2555 2249 2608 2304 in
2636 2263 2701 2304 eo
2722 2248 3029 2312 vivendum,
3062 2247 3297 2318 qualiter
3323 2247 3516 2302 docen-

1918 2340 2049 2395 dum
2077 2340 2168 2405 sit,
2191 2347 2246 2394 et
2267 2339 2501 2409 qualiter
2524 2338 2837 2395 sacerdotes
2865 2338 3079 2394 Domini
3102 2336 3389 2393 avaritiam
3420 2337 3515 2408 qui

1920 2430 2044 2484 aliis
2064 2428 2238 2485 forma
2265 2437 2321 2484 et
2346 2429 2655 2500 exemplum
2681 2444 2802 2485 esse
2824 2429 3021 2484 debent
3044 2443 3239 2484 cavere
3258 2428 3512 2492 debeant,

1920 2533 2083 2590 opere
2110 2519 2353 2589 precium
2384 2519 2655 2582 duximus,
2692 2533 2791 2572 nos
2819 2518 3119 2573 exortaudo
3150 2517 3442 2572 admonere
3460 2522 3517 2570 et

1921 2610 2261 2667 admonendo
2280 2610 2588 2675 exhortari,
2640 2616 2699 2663 ut
2749 2608 3174 2678 hospitalitatem
3224 2607 3516 2677 praecipue

1921 2703 2234 2759 sacerdotes
2260 2701 2476 2756 Domini
2497 2700 2696 2755 sectari
2722 2700 3088 2763 meminerint,
3107 2699 3365 2769 quoniam
3384 2700 3518 2753 hac-

1923 2803 2080 2850 tenus
2106 2809 2139 2847 a
2167 2791 2491 2863 quibusdam
2522 2790 2730 2845 ordinis
2755 2790 2925 2844 nostri
2963 2789 3118 2844 soliis
3145 2789 3325 2843 minus
3371 2788 3516 2842 iusto

1921 2886 1976 2941 in
2001 2900 2068 2941 eo
2095 2892 2275 2940 actum
2300 2890 2405 2950 est,
2437 2891 2491 2939 et
2513 2884 2634 2938 ideo
2661 2898 2691 2936 a
2716 2882 2901 2937 multis
2929 2897 3036 2937 non
3067 2882 3241 2936 solum
3286 2882 3389 2950 ipsi
3420 2896 3516 2935 ne-

1922 2978 2217 3049 glegentes,
2248 2989 2439 3030 verum
2484 2974 2648 3029 etiam
2694 2972 3066 3042 hospitalitate
3094 2973 3375 3027 studentes
3422 2970 3522 3024 tali

1926 3068 2350 3140 reprehensione
2369 3073 2497 3123 sunt
2522 3066 2782 3122 denotati.
2815 3064 2988 3120 Perro
3016 3064 3062 3119 si
3089 3063 3434 3135 hospitalitas
3463 3061 3524 3117 in

1848 3120 1901 3185 ϐ

216 3159 510 3214 thesauros
564 3158 621 3213 in
677 3165 855 3220 terra,
893 3157 988 3212 sed
1021 3157 1203 3226 potius
1255 3158 1551 3212 secundum
1604 3157 1819 3213 Domini
1846 3157 1901 3185 ν
1926 3159 2195 3217 tremendi
2223 3158 2489 3215 examinis
2509 3158 2596 3213 die
2625 3158 2695 3212 ab
2715 3166 2935 3213 aeterno
2957 3157 3132 3213 iudice
3151 3165 3235 3212 est
3265 3170 3523 3211 remune-

216 3248 555 3304 sententiam
598 3249 658 3303 in
703 3247 854 3303 caelo
898 3248 1195 3304 recondere
1243 3249 1440 3304 debeat
1464 3289 1479 3314 ,
1525 3251 1824 3305 cavendum
1926 3256 2115 3317 randa,
2143 3253 2236 3323 qui
2263 3251 2506 3307 dicturus
2533 3257 2651 3305 est:
2677 3247 2881 3320 Hospes
2903 3248 3002 3319 fui,
3026 3258 3073 3303 et
3094 3247 3376 3319 collegistt's
3413 3262 3525 3313 me,

215 3354 510 3409 ωωορθτθ
564 3338 939 3395 sacerdotibus
971 3349 1088 3404 est.
1136 3348 1198 3394 ιιι
1246 3341 1315 3403 ab
1363 3340 1625 3395 avaritiae
1670 3348 1825 3410 peste
1925 3354 1982 3403 et
2006 3347 2079 3403 ob
2107 3344 2165 3401 id
2210 3344 2279 3400 ab
2306 3343 2560 3400 omnibus
2610 3341 2922 3397 ehristianis
2969 3355 3257 3411 sumopere
3293 3349 3377 3395 est
3403 3354 3522 3395 sec-

216 3446 364 3502 quae
394 3431 553 3487 radix
577 3430 820 3485 omnium
847 3430 1114 3486 malorum
1152 3440 1235 3486 est
1258 3446 1492 3500 suosque
1527 3439 1824 3489 sectatores
1927 3437 2112 3503 tanda,
2142 3436 2314 3492 multo
2337 3437 2516 3509 magis
2542 3443 2723 3492 tamen
2746 3436 3169 3508 vigilantiusque
3214 3435 3283 3490 ab
3317 3434 3405 3490 his
3426 3432 3526 3504 qui

217 3539 249 3578 a
276 3538 454 3593 regno
477 3521 682 3577 Christi
719 3521 978 3587 excludit,
1008 3538 1068 3579 se
1107 3523 1427 3591 cohibeant;
1458 3524 1714 3596 quoniam
1745 3527 1826 3582 di-

218 3626 334 3682 gne
374 3627 488 3667 non
528 3619 756 3682 possunt
799 3612 1030 3668 subditis
1070 3615 1417 3683 praedicare,
1462 3625 1524 3671 ut
1547 3616 1617 3671 ab
1646 3616 1732 3672 his
1765 3630 1829 3672 se

219 3704 558 3766 abstineant,
595 3718 719 3758 cum
751 3703 853 3773 ipsi
900 3705 986 3759 his
1020 3706 1164 3775 quod
1192 3706 1351 3762 valde
1394 3707 1628 3764 dedecus
1657 3707 1825 3763 immo

215 3795 592 3867 periculosum
634 3805 720 3853 est
769 3813 830 3854 se
873 3798 1319 3868 mancipaverint.
1360 3798 1592 3855 Gravius
1627 3800 1826 3870 quippe

220 3890 567 3959 auctiusque
600 3888 702 3945 hae
727 3888 1020 3959 pestiferae
1050 3889 1167 3945 lues
1207 3890 1262 3947 in
1300 3888 1407 3946 illis
1440 3891 1820 3961 dampnantur,

221 3996 393 4049 quam
428 3980 485 4034 in
517 3979 603 4035 bis
647 3979 741 4049 qui
786 3995 974 4036 eorum
1014 3980 1179 4035 dictis
1206 3988 1265 4035 et
1310 3980 1574 4049 exemplis
1622 3981 1692 4036 ab
1739 3982 1825 4037 his

220 4069 507 4125 coherceri
542 4069 827 4127 debuerint
868 4069 911 4123 ⁸.
965 4068 1155 4126 Solent
1194 4085 1430 4140 namque
1476 4088 1508 4125 a
1551 4071 1826 4128 nonnullis

223 4160 559 4217 multifariae
591 4162 904 4218 occasiones
933 4162 1154 4218 obtendi
1180 4178 1320 4234 quae
1356 4164 1699 4219 necessitatis
1726 4180 1823 4220 no-

222 4255 373 4310 mine
402 4254 751 4311 blandiantur
783 4254 826 4319 ⁸,
863 4264 919 4310 et
943 4271 1131 4312 revera
1154 4257 1281 4312 dum
1318 4258 1557 4313 exterius
1591 4260 1826 4315 necessi-

226 4354 315 4400 tas
340 4346 702 4415 preteuditur,
741 4345 972 4401 interius
1000 4347 1069 4403 ab
1103 4348 1330 4402 avaritia
1353 4348 1575 4419 tegitur,
1601 4350 1741 4405 unde
1768 4358 1826 4406 et

226 4436 420 4492 beatus
451 4434 685 4506 Prosper
707 4436 813 4491 ait:
857 4455 878 4488 ‹
920 4436 1038 4492 Non
1066 4437 1093 4477 δ
1131 4445 1312 4508 potest
1353 4439 1533 4495 dicere
1570 4441 1822 4497 sacerdos

1854 4480 1907 4542 D

1924 3528 2085 3584 dictis
2108 3536 2163 3584 et
2185 3528 2447 3599 exemplis
2477 3527 2545 3584 ad
2567 3528 2735 3583 vitam
2759 3536 3039 3583 aeternam
3087 3526 3210 3582 aliis
3253 3525 3524 3582 ducatum

1922 3621 2204 3692 praebent,
2228 3619 2534 3691 postposita
2561 3619 2824 3674 avaritiae
2847 3627 2999 3689 peste
3026 3626 3081 3675 et
3126 3617 3232 3673 alia
3282 3617 3528 3687 qualibet

1924 3712 2242 3776 occasione,
2295 3726 2522 3781 prorsus
2583 3719 2668 3766 est
2720 3709 3057 3780 exetmenda.
3120 3707 3204 3764 Ab
3268 3707 3526 3777 apostolo

1925 3808 2125 3878 quippe
2153 3806 2175 3839 ⁸
2200 3807 2344 3861 inter
2384 3812 2564 3860 cetera
2598 3804 2858 3858 virtutum
2891 3803 3205 3872 praeconia,
3236 3817 3376 3872 quae
3404 3801 3525 3870 epi-

1924 3910 2089 3965 scopo
2112 3896 2289 3949 inesse
2308 3893 2526 3957 debent,
2541 3891 2884 3961 hospitalitas
2908 3891 3074 3946 etiam
3093 3889 3347 3945 habenda
3365 3904 3521 3958 prae-

1924 3988 2157 4044 dicatur.
2188 3989 2438 4059 Episcopi
2469 4004 2704 4058 namquc
2726 3989 2937 4053 domus,
2970 3996 3027 4042 ut
3052 3988 3247 4042 beatus
3271 3984 3523 4038 Hieroni-

1924 4095 2047 4135 mus
2075 4080 2284 4146 scribit,
2308 4080 2549 4135 omnium
2572 4094 2857 4135 commune
2878 4079 3037 4134 debet
3060 4093 3179 4133 esse
3198 4075 3524 4145 hospitium;

1925 4178 1981 4226 et
2010 4171 2183 4227 laicus
2211 4172 2257 4227 si
2287 4187 2458 4226 unum
2494 4179 2589 4225 aut
2619 4171 2755 4227 duos
2782 4178 2877 4225 aut
2901 4185 3108 4239 paucos
3146 4168 3390 4237 recipiat,
3426 4165 3529 4220 im-

1928 4260 2043 4331 plet
2071 4260 2463 4332 hospitalitatis
2489 4259 2761 4327 olilcium;
2793 4268 2849 4316 et
2872 4260 3157 4331 episcopus
3186 4258 3290 4313 nisi
3336 4270 3533 4314 omnes

1924 4352 2172 4422 recipiat,
2198 4351 2527 4407 inhumanus
2557 4352 2626 4408 ab
2648 4366 2714 4408 eo
2741 4351 3020 4408 scribitur.

1997 4442 2053 4497 5.
2082 4443 2153 4499 Ut
2173 4442 2392 4514 quando
2411 4443 2649 4514 episcopi
2664 4443 2989 4514 parrochias
3009 4457 3138 4498 suas
3160 4442 3534 4508 circumeunt,

227 4529 698 4597 contentptoribus
734 4527 757 4560 ’⁵
792 4529 1179 4586 admonitionis
1209 4546 1339 4587 suae
1390 4530 1632 4587 futurum
1676 4534 1823 4605 cegi-
1856 4527 1899 4542 ”
1930 4535 2035 4591 hoc
2061 4549 2354 4605 sumopere
2398 4535 2682 4600 studeant,
2715 4549 2785 4590 ne
2810 4534 2897 4590 his
2924 4533 3123 4605 quibus
3149 4534 3409 4604 prodesse
3434 4535 3536 4589 de-

227 4627 347 4674 tare
372 4618 644 4683 iuditium,
678 4619 825 4688 quod
852 4619 967 4689 ipse
990 4618 1133 4675 forte
1163 4637 1272 4676 non
1291 4623 1526 4692 cogitat;
1564 4625 1824 4680 amatori-

227 4709 331 4765 bus
362 4709 553 4767 mundi
594 4708 774 4766 Nolite
809 4710 1026 4781 diligere
1057 4711 1313 4766 mundum
1331 4754 1346 4777 ,
1380 4714 1427 4769 si
1484 4729 1609 4770 eum
1670 4731 1826 4771 amor

228 4800 417 4855 mundi
462 4799 741 4867 oblectat;
792 4800 1095 4857 ambitiosis
1137 4802 1470 4861 «Ambitioni
1508 4806 1614 4861 iam
1660 4806 1825 4862 ﬁnem

1928 4628 2162 4684 buerant
2184 4627 2339 4684 oneri
2355 4627 2485 4682 sint.
2503 4626 2802 4682 Didicimus
2821 4640 2952 4682 sane
2972 4625 3311 4696 quorundam
3330 4623 3537 4687 relatu,

1929 4719 2219 4776 nonnullos
2272 4718 2651 4788 episcoporum
2698 4727 3016 4774 nostrorum
3066 4717 3122 4772 in
3168 4713 3534 4788 peragi-audis

1928 4814 2238 4885 parrochiis
2279 4813 2395 4869 suis
2446 4830 2555 4870 non
2584 4813 2758 4870 solum
2802 4812 3306 4875 consacerdotibus,
3335 4821 3535 4863 verum
3622 4826 3625 4827 ν

229 4892 494 4962 imponite
522 4913 569 4958 ι,
596 4893 644 4948 si
675 4908 800 4950 eum
821 4894 1047 4951 ambitio
1077 4895 1295 4952 ruinosa
1324 4899 1627 4969 precipitat.
1665 4921 1683 4952 ι
1719 4901 1775 4955 in
1801 4910 1825 4940 ο
1928 4905 2095 4962 etiam
2123 4902 2448 4975 quibusdam
2498 4903 2619 4959 aliis
2671 4903 2922 4959 ﬁdelibus
2969 4902 3167 4972 quibus
3218 4895 3533 4955 consultum

227 4982 342 5038 Vita
365 4998 585 5054 Quoque
616 4986 764 5043 beati
800 4987 1074 5051 Ambrosii
1109 4989 1331 5062 legitur:
1370 5011 1391 5043 α
1435 4994 1831 5066 ingemiscebat
1931 4996 2075 5053 ferre
2104 4997 2423 5060 debuerant,
2453 5011 2619 5052 onere
2639 4996 2892 5060 existere,
2925 5003 2981 5049 et
3008 4995 3077 5048 ob
3124 4993 3267 5046 hanc
3295 5002 3531 5044 causam.

227 5073 375 5128 enim
396 5075 767 5142 vehementer,
792 5093 915 5133 cum
938 5080 1148 5137 videret
1170 5082 1408 5138 radicem
1434 5085 1676 5140 omnium
1704 5101 1831 5141 ava-
1933 5092 2136 5149 mullos
2157 5091 2209 5146 in
2235 5091 2318 5146 sui
2350 5089 2741 5153 detractionem
2772 5087 3291 5153 detestationemque
3316 5087 3545 5155 pertra“

230 5163 436 5233 ﬂii-1m.
477 5183 619 5239 quae
648 5184 825 5239 neque
850 5172 1005 5241 copia
1031 5187 1207 5244 neque
1227 5174 1408 5245 inopia
1435 5176 1605 5231 minui
1629 5188 1830 5248 potest,
1934 5186 2086 5241 here.
2118 5184 2323 5240 Idcirco
2344 5183 2400 5238 in
2425 5197 2715 5240 commune
2761 5180 3073 5246 statuimus,
3129 5192 3199 5233 ne
3240 5174 3469 5232 ulterius
3492 5188 3528 5227 a

1461 5308 1857 5370 VARIANTES
1893 5315 2298 5375 LbCTIONES.

318 5414 430 5467 ‘Iu’c
454 5416 624 5485 primo
646 5416 853 5485 aliquae
881 5437 1027 5502 uoces
1055 5422 1331 5488 subiectae,
1355 5425 1419 5478 ab
1444 5425 1556 5496 ipso
1580 5429 1832 5500 scriptore
1849 5429 2047 5486 deletae
2070 5439 2213 5485 sunt.
2292 5430 2312 5459 ’
2340 5428 2585 5484 debuerit
2604 5446 2652 5483 c.
2727 5428 2750 5459 ⁸
2772 5426 3064 5484 balliantur
3083 5441 3223 5483 corr.
3245 5422 3531 5482 Nasidian—

237 5490 336 5535 Illl'
359 5499 403 5535 ε.
477 5486 1007 5535 ‘mntemnnmlihns
1028 5510 1074 5535 ιτ-
1152 5492 1175 5524 ⁸
1204 5494 1293 5535 ηιιί
1325 5509 1424 5535 nm-
1451 5513 1478 5535 ι·

266 5497 336 5536 ur
359 5499 403 5537 ε.
477 5489 1007 5557 δοοηιεωρθτειῐίὺυδ
1028 5510 1074 5546 c.
1152 5492 1175 5524 ⁸
1204 5494 1294 5563 qui
1325 5509 1424 5565 per
1451 5489 1498 5550 ὲ.
1686 5489 1699 5500 ⁷
1756 5569 1965 5627 ΝΟΤΕ

2006 5660 2031 5699 ἀ
2062 5658 2426 5731 lbid.,_inl‘ra,_
2446 5660 2482 5731 l.
2510 5657 2564 5722 5,
2590 5671 2622 5713 a
2648 5656 2754 5714 fine
2780 5658 3012 5731 paginat.

2011 5743 2032 5769 ε
2059 5730 2118 5784 Ρ.
2154 5728 2304 5784 1609.
2335 5728 2372 5780 l.
2406 5728 2490 5783 18.

2013 5801 2029 5840 ί
2067 5801 2125 5856 L.
2160 5799 2389 5870 ι,1‹ι,ρ.
2431 5797 2589 5855 ισοξ).

322 5653 349 5682 ³
373 5642 431 5697 Ρ.
457 5645 613 5700 1607.

323 5710 352 5751 ιι
374 5713 430 5788 ε..
457 5733 495 5781 ι,
528 5717 613 5782 l2,
640 5733 694 5788 p.
726 5717 938 5782 1608.1.
976 5723 1058 5779 ιδ.

326 5789 351 5822 ε
376 5781 436 5841 ι..
462 5802 500 5853 ι,
530 5781 614 5857 l5,
640 5781 695 5862 ί).
736 5789 888 5847 1608.
