3974 6134
434 292 538 346 601

1219 281 1282 339 B.
1319 282 1572 340 CAROLI
1609 282 1826 341 MAGNI
1863 283 2015 341 OPP.
2056 283 2238 341 PARS
2271 284 2313 338 Ι.
2355 282 2598 340 SECTlO
2640 281 2895 357 PRMIA._

433 416 709 477 quoquam
740 412 996 470 episcopo
1025 395 1132 451 tale
1174 395 1305 467 quid
1336 396 1459 462 ﬁat;
1493 395 1787 453 statuimus
1832 396 2023 463 etiam,
2049 408 2100 469 Α
2127 395 2389 452 avaritiae
2412 395 2693 452 ministros
2716 397 2770 452 in
2797 392 3085 467 parrochia
3118 409 3219 450 sua
3242 393 3627 461 constituent,
3665 404 3721 451 et

433 505 496 550 ut
514 508 754 565 congruo
781 502 1023 561 tempore
1074 503 1444 560 unusquisque
1491 487 1839 559 parrochiam
1866 501 2024 543 suam

435 586 734 641 circumeat
751 598 767 648 ;
798 589 854 637 et
869 594 1201 651 quamquam
1215 578 1515 634 auctoritas
1527 579 1790 635 canonica
1811 580 2023 642 doceat,

434 685 497 730 ut
522 682 717 745 quarta
741 688 871 743 pars
890 671 1223 727 decimarum
1250 678 1307 726 et
1326 670 1601 725 redituum
1627 685 1697 726 ex
1737 669 2029 726 oblationi-

434 768 539 822 bus
565 763 806 820 hdelium
833 763 889 817 in
918 778 1050 818 usus
1075 763 1454 847 episcoporum
1479 761 1669 827 cedat,
1698 761 2028 832 ubicumque

438 866 623 911 tamen
648 853 934 924 episcopus
976 868 1075 909 sua
1105 852 1289 919 habet,
1316 852 1430 908 suis
1460 860 1747 909 contentus
1784 852 1885 919 sit;
1933 851 2028 908 ubi

437 954 621 1001 autem
650 945 784 1001 nihil
805 959 990 1000 rerum
1010 943 1310 999 aecclesiae
1337 958 1469 998 suae
1494 943 1678 1009 habet,
1701 943 1934 1013 accipiat
1961 943 2029 999 de

436 1042 740 1092 memorata
780 1043 937 1105 parte
980 1035 1085 1090 sibi
1117 1034 1338 1103 suisque
1364 1074 1381 1100 ,
1431 1050 1539 1090 non
1595 1035 1743 1105 quod
1796 1035 2029 1091 avaritia

438 1127 584 1198 quod
606 1127 749 1183 absit
770 1126 1005 1183 suaserit
1048 1126 1144 1182 sed
1173 1126 1355 1196 potius
1381 1125 1529 1196 quod
1560 1126 1857 1183 necessitas
1880 1142 2029 1182 com-

437 1218 660 1290 pulerit.
674 1217 928 1274 Ceterum
950 1218 996 1285 si
1022 1216 1319 1287 accipiendi
1346 1217 1494 1273 nulla
1507 1217 1806 1274 necessitas
1832 1232 2030 1290 urgue-

438 1310 537 1374 rit,
570 1309 706 1365 nihil
754 1308 824 1365 de
853 1316 1153 1365 memorata
1197 1317 1396 1379 quarta
1437 1304 1619 1380 parte
1648 1306 1900 1380 accipiat,
1931 1311 2029 1366 sed

434 1401 627 1459 usibus
652 1398 1009 1459 ecclesiarum
1030 1406 1086 1454 et
1116 1400 1445 1469 pauperibus
1472 1398 1674 1455 Christi
1720 1400 2032 1470 impertien-

434 1493 566 1548 dum
585 1489 883 1550 secundum
904 1505 1059 1546 suam
1083 1489 1493 1559 dispositionem
1520 1488 1833 1560 relinquat.-

505 1584 559 1638 6.
598 1582 669 1638 Ut
698 1595 726 1624 ι
757 1583 1114 1653 chorepiscopi
1140 1581 1354 1635 modum
1382 1598 1662 1636 mensurae
1682 1598 1831 1648 suae,
1861 1581 2032 1653 quiin

433 1676 601 1732 sacris
621 1675 889 1730 canonicis
917 1673 1149 1745 preﬁxus
1172 1682 1269 1740 est,
1294 1690 1399 1728 non
1423 1674 1698 1730 excedant.
1723 1675 2028 1732 Emersisse

2126 498 2316 541 eorum
2358 486 2631 556 cognitam
2689 486 3015 554 pravitatem
3074 485 3406 543 auctoritate
3459 486 3726 556 pastorali

2128 577 2329 631 acriter
2351 574 2520 632 ferire
2543 574 2951 641 detrectaverit,
2988 575 3297 644 exemplum
3331 575 3672 646 neglegentis
3698 576 3723 608 ³

2127 665 2247 721 Heli
2272 664 2570 723 sacerdotis
2608 664 2811 721 imitari
2835 678 2896 721 se
2916 672 3232 735 cognoscat,
3261 672 3319 720 et
3341 664 3577 721 sinodali
3599 680 3724 722 cor-

2127 758 2368 814 rectione
2420 757 2600 814 modis
2648 757 2902 813 omnibus
2934 754 3344 812 subiawodum.
3392 755 3533 811 Nam
3564 764 3624 812 et
3661 757 3718 813 in
3781 799 3792 809 κ

2126 847 2401 905 communi
2424 861 2694 904 consensu
2715 847 3035 913 statuimus,
3078 854 3140 902 ut
3162 848 3538 918 unusquisque
3598 851 3718 919 cpio

2127 953 2416 1009 scopon
2444 952 2607 1010 super
2628 937 3073 995 archidiaconum
3095 954 3256 994 suum
3280 938 3540 1010 deinceps
3573 941 3718 1013 vigi-

2128 1028 2416 1086 lantiorem
2471 1046 2662 1087 curam
2718 1031 3007 1098 adhibeat;
3068 1031 3197 1103 quia
3245 1040 3473 1103 propter
3519 1048 3717 1090 eorum

2128 1122 2411 1180 avaritiam
2436 1130 2492 1177 et
2518 1137 2733 1179 morum
2755 1119 3141 1192 inprobitatem
3165 1122 3323 1179 multi
3343 1124 3720 1181 scandaliza-

2132 1221 2221 1268 tur
2245 1211 2299 1279 ⁸,
2329 1221 2386 1268 et
2418 1213 2781 1269 ministerium
2804 1212 3147 1270 sacerdotale
3186 1213 3546 1284 vituperatur,
3581 1223 3641 1269 et
3666 1216 3722 1270 in

2130 1305 2376 1362 ecclesiis
2416 1321 2449 1361 a
2494 1306 2872 1363 sacerdotibus
2925 1306 3097 1361 multa
3132 1313 3357 1378 propter
3412 1319 3508 1364 eos
3545 1307 3726 1379 negle-

2131 1409 2353 1472 gunzur.

2201 1491 2257 1546 8.
2295 1490 2372 1544 De
2396 1489 2716 1560 prcsbiteris
2745 1497 2802 1546 et
2825 1503 3017 1546 eorum
3065 1489 3332 1557 ecclesiis,
3374 1490 3518 1546 unde
3550 1491 3723 1548 multa

2130 1581 2488 1652 negleguntur
2532 1589 2589 1635 et
2633 1580 2885 1638 scandala
2933 1589 3282 1652 generantur,
3315 1581 3370 1635 in
3392 1588 3584 1637 nostra
3610 1580 3717 1637 dis.

2130 1672 2383 1728 cussione
2400 1680 2658 1742 quattuor
2688 1671 2846 1727 nobis
2861 1670 3105 1741 pericula
3123 1680 3509 1740 apparuerunt.
3536 1670 3723 1727 Primo

439 1763 921 1837 reprehensibilem
932 1772 987 1820 et
1010 1764 1168 1820 valde
1186 1764 1435 1820 inclitum
1456 1781 1615 1822 usum
1641 1768 2027 1838 comperimus,
2050 1754 2107 1815 Β
2133 1764 2259 1835 quia
2288 1763 2533 1819 nonnulli
2560 1777 2628 1818 ex
2655 1763 2787 1832 ipsis
2810 1761 3188 1818 sacerdotibus
3211 1762 3444 1832 quadam
3479 1764 3726 1819 saecuri-

433 1873 501 1915 eo
522 1858 668 1928 quod
682 1856 901 1927 quidam
923 1855 1297 1926 chorepiscopi
1319 1857 1461 1911 ultra
1484 1858 1704 1913 modum
1726 1874 1885 1914 suum
1908 1874 2032 1930 pro-

433 1947 763 2021 gredientes,
785 1953 840 2003 et
854 1947 1054 2003 mtuum
1075 1948 1249 2003 sancti
1276 1947 1509 2019 Spiritus
1528 1965 1628 2020 per
1644 1950 2030 2020 inpositionem

436 2053 695 2094 manuum
728 2037 965 2102 tradant,
993 2045 1049 2092 et
1076 2037 1184 2091 alia
1206 2052 1454 2107 quaeque
1474 2055 1614 2109 quae
1641 2041 1773 2096 solis
1811 2041 2030 2111 pontiﬁ-

435 2131 592 2187 cibus
613 2127 897 2195 debentur,
921 2135 1113 2185 contra
1138 2126 1223 2184 fas
1242 2138 1526 2201 peragant,
1555 2133 1878 2201 praesertim
1903 2148 2030 2189 cum

436 2222 646 2278 nullum
671 2237 739 2277 ex
764 2222 1108 2294 septuaginta
1149 2223 1457 2296 discipulis,
1507 2224 1742 2296 quorum
1788 2228 2026 2299 speciem

435 2311 490 2366 in
523 2311 752 2367 aeclesia
778 2319 974 2384 gerunt
1012 2313 1052 2377 ⁸,
1086 2312 1296 2385 legatur
1340 2316 1516 2371 sancti
1561 2316 1795 2387 Spiritus
1822 2319 2025 2377 donum

434 2418 534 2473 per
571 2417 829 2457 manuum
875 2402 1256 2472 inpositionem
1301 2406 1618 2475 tradidisse;
1658 2409 1804 2479 quod
1844 2417 2026 2467 autem

430 2496 565 2552 solis
588 2495 850 2566 apostolis
862 2509 1163 2566 eorumque
1186 2499 1594 2556 successoribus
1615 2502 1820 2571 proprii
1846 2503 1919 2558 sit
1942 2501 2031 2558 of-

433 2587 543 2643 ﬁcii
570 2587 786 2643 tradere
804 2587 1068 2658 Spiritum
1095 2595 1365 2656 sanctum,
1385 2590 1525 2669 liber
1542 2591 1778 2648 Actuum
1799 2602 2025 2665 aposto-

432 2680 609 2737 lorum
632 2679 815 2738 docet.
841 2681 901 2736 ln
924 2683 1158 2739 concilio
1177 2698 1308 2741 vero
1329 2683 1639 2742 Cesariensi
1661 2688 1740 2743 ita
1766 2689 1832 2747 de
1856 2691 2022 2748 chor-

432 2771 703 2842 episcopis
729 2772 959 2830 habetur
975 2774 1240 2845 scriptum
1267 2790 1284 2831 :
1316 2794 1336 2829 t
1368 2775 1755 2849 Cborepiscopi
1807 2796 2024 2852 quoque

429 2861 499 2917 ad
524 2862 832 2933 exemplum
866 2863 1085 2935 quidem
1121 2873 1178 2921 et
1204 2865 1437 2923 formam
1462 2870 1803 2941 septuaginta
1829 2873 2023 2930 viden-

429 2962 521 3008 tur
542 2967 684 3021 esse,
702 2962 763 3009 ut
780 2956 1145 3013 comministri
1156 2965 1338 3014 autem
1363 2971 1585 3031 propter
1609 2962 1851 3019 studium
1876 2965 2022 3036 quod

425 3060 554 3119 erga
574 3062 842 3119 pauperes
862 3051 1123 3108 exhibent
1147 3053 1503 3111 honorantur.
1535 3077 1554 3110 ο
1594 3060 1728 3115 Item
1754 3060 1816 3116 in
1843 3063 2023 3118 conci-

426 3131 502 3187 lio
534 3132 874 3204 Antiocheno
899 3151 1021 3207 cap.
1060 3138 1128 3194 10
1156 3152 1173 3193 :
1206 3158 1225 3192 ι
1261 3139 1363 3208 Qui
1390 3142 1446 3198 in
1469 3143 1605 3201 vicis
1637 3154 1693 3200 et
1721 3149 2022 3217 possessio-

427 3222 590 3279 nibus
615 3225 987 3297 chorcpiscopi
1015 3230 1387 3299 nominantur,
1410 3236 1660 3304 quamvis
1699 3253 1893 3296 manus
1918 3241 2023 3297 im-

426 3315 753 3384 positionem
780 3320 1158 3391 episcoporum
1180 3327 1550 3396 perceperint,
1600 3338 1657 3386 et
1688 3338 1749 3387 ut
1783 3333 2021 3406 episcopi

426 3409 733 3465 consecrati
762 3410 891 3475 sint,
922 3419 1105 3468 tamen
1150 3423 1374 3473 sanctae
1430 3420 1638 3490 synodo
1684 3422 1909 3493 placuit,
1961 3434 2023 3482 ut

429 3495 650 3552 modum
674 3501 954 3570 proprium
976 3515 1391 3575 recognoscant,
1412 3517 1468 3564 et
1484 3512 1789 3581 gubernem
1809 3516 2022 3573 subiec-

427 3594 513 3642 tas
562 3588 666 3643 sibi
709 3590 989 3657 ecclesias,
1033 3608 1333 3667 eorumque
1369 3600 1742 3658 moderamine
1784 3619 2023 3677 curaque

425 3681 670 3735 contenti
697 3682 809 3737 sint
837 3690 898 3738 ut
932 3686 1192 3757 episcopi.
1221 3708 1241 3742 ι

2134 1864 2246 1913 tate
2297 1864 2540 1927 accepta,
2580 1871 2682 1911 nec
2705 1870 2771 1910 ea
2811 1870 2952 1925 quae
2978 1854 3046 1911 ad
3081 1856 3287 1912 cultum
3323 1857 3604 1926 pertinent
3649 1857 3727 1913 fa-

2132 1949 2303 2014 ciunt,
2344 1963 2521 2017 neque
2546 1948 2601 2002 in
2632 1947 3030 2003 restauratione
3060 1954 3116 2001 et
3162 1947 3524 2004 luminaribus
3556 1949 3727 2021 cccle-

2131 2039 2246 2096 siae
2261 2038 2501 2095 studium
2524 2039 2747 2105 habent,
2786 2052 2887 2094 nec
2917 2038 3083 2093 etiam
3103 2038 3411 2094 senioribus
3436 2039 3555 2095 suis
3574 2040 3724 2096 dehi-

2131 2140 2242 2185 tam
2274 2129 2636 2186 reverentiam
2671 2127 2950 2194 exhibent,
2975 2135 3033 2183 et
3057 2127 3279 2199 insuper
3299 2129 3567 2185 ecclesias
3591 2146 3724 2188 suas

2127 2220 2422 2291 cxpoliant,
2458 2228 2514 2276 et
2551 2220 2606 2275 in
2631 2217 2874 2290 prediola
2925 2235 3026 2275 sua
3068 2221 3289 2291 propria
3348 2220 3725 2289 transferunt;

2127 2328 2268 2383 quae
2284 2312 2467 2367 omnia
2492 2311 2559 2367 ad
2603 2311 2994 2384 neglegentiam
3023 2314 3401 2383 episcoporum
3440 2316 3722 2385 pertinere

2127 2403 2602 2474 deprehendimus.
2629 2393 2711 2461 0b
2758 2402 2814 2459 id
2848 2418 2979 2460 vero
3011 2403 3246 2474 quadam
3290 2405 3586 2463 occasione
3630 2423 3723 2464 ac-

2126 2502 2302 2566 cepta,
2325 2495 2567 2552 seniores
2589 2509 2779 2552 eorum
2802 2494 3082 2551 audaciter
3105 2507 3488 2568 prorumpunt,
3516 2507 3579 2554 ut
3626 2516 3727 2557 eos

2124 2590 2290 2645 etiam
2326 2588 2539 2650 inlicite,
2556 2596 2613 2644 et
2648 2588 2935 2644 inhoneste
2973 2595 3139 2659 atque
3164 2589 3541 2645 inreverenter
3580 2599 3723 2649 trac-

2124 2688 2247 2736 tare
2269 2686 2605 2751 presumant.
2637 2677 2794 2735 Unde
2813 2692 3102 2749 sumopere
3139 2680 3395 2737 omnibus
3420 2681 3585 2737 nobis
3627 2683 3725 2735 ah-

2125 2771 2254 2828 hinc
2279 2771 2673 2842 providendum
2699 2769 3079 2836 indicavimus,
3119 2779 3182 2826 ut
3203 2786 3270 2827 ea
3296 2786 3439 2842 quae
3467 2789 3501 2829 a
3520 2773 3722 2829 dctnno

2124 2863 2454 2934 imperatore
2476 2879 2602 2918 cum
2621 2878 2890 2919 consensu
2923 2862 3303 2934 episcopon
3349 2865 3421 2921 ob
3454 2865 3721 2922 honorem

2121 2963 2179 3012 et
2209 2971 2451 3012 amorem
2488 2956 2585 3012 Dei
2614 2956 2862 3012 ecclesiis
2916 2971 3240 3015 concessum
3289 2966 3374 3014 est
3407 2959 3453 3024 ⁵,
3505 2974 3619 3015 non
3666 2961 3722 3015 in

2124 3048 2411 3105 avaritiam
2444 3048 2902 3120 presbiterorum,
2947 3058 3043 3105 aut
3093 3051 3148 3107 in
3182 3052 3547 3121 rapacitatem
3609 3055 3721 3125 epi-

2121 3139 2421 3210 scopalium
2457 3139 2831 3197 ministrorum
2889 3141 3112 3209 cedant,
3176 3142 3272 3199 sed
3328 3142 3386 3199 in
3433 3143 3722 3199 utilitatem

2124 3232 2388 3290 ecclesiae
2443 3241 2499 3289 et
2535 3234 2591 3289 in
2647 3249 2781 3290 usus
2825 3234 3150 3291 clericorum
3182 3244 3240 3293 et
3290 3252 3595 3309 pauperum
3628 3238 3721 3294 de-

2123 3323 2363 3379 veniant.

2194 3415 2249 3471 9.
2284 3414 2419 3471 lllud
2457 3430 2674 3487 quoque
2707 3432 2815 3474 non
2857 3418 3039 3474 minus
3069 3419 3441 3489 periculosum
3473 3436 3600 3478 esse
3636 3422 3718 3477 di-

2122 3506 2373 3574 dicinus,
2394 3507 2539 3578 quod
2560 3509 2614 3563 in
2631 3510 2973 3579 quorundam
2987 3511 3363 3581 episcopon
3384 3513 3722 3583 parroechiis

2123 3597 2391 3669 quosdam
2451 3599 2789 3669 presbiteros
2840 3610 3031 3656 contra
3067 3601 3355 3658 interdicta
3402 3612 3719 3660 sanctorum

2124 3704 2396 3746 canonum
2430 3689 2664 3746 feminas
2699 3691 2755 3746 in
2778 3690 3030 3748 domibus
3050 3692 3166 3749 suis
3200 3708 3309 3749 non
3345 3693 3525 3750 solum
3562 3696 3718 3751 habi—

321 5024 325 5027 η
422 4959 799 5033 sacriﬁcioque
831 4960 1046 5021 Domini
1080 4965 1335 5023 iniuriam
1368 4968 1706 5042 inrogantes,
1743 4974 1870 5044 quia
1897 4987 2020 5029 ver-

501 3769 554 3824 7.
586 3768 657 3825 Ut
686 3772 713 3812 δ
738 3774 970 3847 episcopi
1008 3778 1278 3836 ministros
1325 3781 1558 3839 odientes
1596 3787 1877 3843 avaritiam
1927 3806 2023 3862 per

2130 3785 2261 3847 tare,
2297 3779 2392 3836 sed
2423 3779 2590 3835 etiam
2624 3780 2731 3836 sibi
2765 3780 3080 3840 ministrare
3112 3781 3353 3849 faciunt;
3389 3799 3534 3853 quas
3554 3794 3615 3840 et
3645 3786 3717 3840 la-

423 3862 731 3932 parrocltias
750 3881 875 3921 suas
899 3869 1219 3926 constituant
1235 3872 1278 3926 ί.
1294 3871 1672 3946 Comperimus
1681 3881 2022 3949 quorundam

2130 3886 2323 3942 qucum
2356 3871 2730 3929 sacerdotibus
2767 3888 2994 3945 persepe
3012 3874 3282 3940 extitisse,
3305 3886 3364 3931 et
3390 3876 3600 3933 multos
3623 3878 3724 3934 hae

423 3953 804 4025 episcoporum
830 3957 1132 4030 ministros,
1181 3962 1236 4020 id
1260 3971 1346 4021 est
1369 3965 1789 4041 chorepiscopos
1837 3973 2021 4031 archi-
2119 3965 2407 4022 occasione
2441 3966 2496 4022 in
2534 3965 2853 4023 scandalum
2874 3975 2930 4023 et
2949 3967 3008 4022 in
3028 3966 3425 4024 detractionem
3445 3968 3723 4025 corruisse

422 4047 760 4115 presbiteros
793 4058 850 4105 et
873 4052 1310 4124 archidiaconos,
1336 4072 1446 4114 non
1475 4060 1649 4116 solum
1676 4063 1731 4117 in
1754 4065 2024 4135 presbite-
2121 4058 2494 4129 cognovimus.
2532 4057 2650 4126 Que
2683 4059 3045 4131 transgressio
3078 4068 3136 4116 et
3167 4060 3412 4131 tempore
3459 4059 3723 4131 genitoris

426 4139 503 4194 ris
532 4141 628 4197 sed
654 4142 820 4199 etiam
856 4144 912 4200 in
937 4145 1187 4216 plebibus
1211 4152 1536 4219 parrochiae
1569 4170 1701 4211 suae
1733 4158 2020 4214 avaritiam
2120 4152 2289 4208 vestri
2316 4162 2375 4209 et
2394 4161 2580 4211 vestro
2600 4154 2655 4209 in
2690 4154 3046 4211 conventibus
3068 4154 3090 4187 ⁸
3111 4154 3494 4225 episcoporum
3519 4171 3721 4211 secun-

425 4228 612 4297 po'tius
644 4245 903 4291 exemere
937 4251 1099 4306 quam
1136 4239 1360 4296 utilitati
1405 4243 1809 4302 ecclesiasticae
1850 4248 2023 4320 digui-
2119 4242 2251 4299 dum
2283 4244 2667 4301 auctoritatem
2697 4244 3018 4302 canonicam
3045 4245 3342 4316 prohibita,
3365 4245 3464 4301 sed
3487 4246 3720 4302 necdum

425 4319 557 4375 tatis
592 4320 856 4380 inservire
911 4328 1205 4400 populique
1250 4332 1414 4388 saluti
1472 4336 1789 4403 consulere;
1854 4319 2020 4409 quam
2122 4337 2191 4392 ad
2210 4334 2597 4406 perfectionem
2623 4337 2785 4407 plene
2828 4345 2914 4394 est
2955 4338 3238 4407 perducta.
3280 4337 3436 4394 Unde
3469 4338 3527 4393 in
3563 4354 3715 4394 com-

424 4409 821 4525 neglegentiam
858 4416 1024 4473 immo
1059 4422 1364 4523 execrabile
1405 4438 1471 4480 ac
1495 4425 1839 4496 dampnabile
1862 4420 2016 4499 cupi-
2043 4464 2096 4525 υ
2120 4442 2283 4484 mune
2337 4428 2677 4494 censuimus,
2732 4438 2795 4484 ut
2819 4428 2875 4484 hi
2904 4429 2999 4499 qui
3034 4437 3217 4485 tantae
3263 4430 3720 4500 transgressionis

421 4499 610 4557 ditatis
651 4505 840 4561 vitium
862 4547 879 4574 ,
919 4523 1109 4565 omnes
1134 4511 1191 4565 in
1217 4528 1508 4571 commune
1537 4516 1796 4588 deinceps
1841 4521 2015 4576 vitan-
2043 4499 2096 4525 υ
2121 4517 2518 4575 incorrectores
2549 4519 2815 4576 hactenus
2869 4521 3185 4587 extiterunt,
3222 4522 3267 4577 si
3320 4499 3524 4578 abhinc
3558 4524 3719 4579 huius

422 4592 553 4648 dum
578 4596 886 4655 statuimus.
924 4599 1362 4661 Pertimescenda
1412 4621 1579 4677 porro
1624 4617 1682 4664 et
1728 4611 2015 4682 vigilanter
2122 4611 2202 4667 rei
2252 4621 2591 4668 correctores
2652 4625 2775 4668 esse
2833 4614 3202 4685 neglexerint.
3273 4615 3425 4671 ίιιιῑθ
3482 4618 3714 4687 ²Ρο⁶ιη¹ί

421 4687 666 4744 cavenda
711 4701 797 4745 est
829 4693 1207 4753 sacerdotibus
1260 4698 1505 4767 Domini,
1545 4701 1668 4757 Heli
1714 4703 2018 4761 sacerdotis
2120 4704 2448 4760 sententiam
2500 4704 2658 4774 quasi
2724 4706 3128 4763 consentientes
3190 4706 3461 4763 malorum
3515 4709 3709 4765 coher-

422 4776 603 4845 ruina,
627 4777 722 4851 qui
744 4779 885 4838 ﬁlios
910 4798 1039 4840 suos
1083 4785 1302 4857 indigne
1349 4796 1575 4859 agentes
1619 4792 2018 4865 Dominamque
2123 4803 2373 4850 reantur.

422 4866 483 4922 in
508 4867 622 4962 suis
642 4871 854 4962 Aprav‘isi
889 4873 1103 4932 actibus
1137 4875 1206 4931 ad
1257 4876 1599 4936 iracundiam
1633 4891 2015 4952 provocantes,
2198 4887 2285 4942 10.
2326 4887 2590 4944 Similiter
2614 4899 2638 4929 ε
2677 4888 2746 4946 de
2779 4889 2886 4945 illis
2922 4890 3241 4961 prcsbiteris
3263 4891 3357 4962 qui
3384 4899 3580 4947 contra
3606 4901 3715 4947 sta-

2124 4986 2239 5032 tuta
2288 4993 2560 5034 canonum
2594 4978 2742 5035 vilici
2790 4979 2958 5045 ﬁunt,
3011 4980 3269 5036 tabernas
3316 4980 3713 5052 ingrediuntur,

421 5048 508 5105 bis
533 5057 747 5107 tantum
777 5060 833 5108 et
883 5071 991 5110 non
1029 5057 1347 5117 verberibus
1406 5063 1706 5133 corripuit,
1775 5082 1900 5121 cum
1937 5066 2019 5123 eis
2121 5066 2301 5137 turpia
2334 5067 2487 5123 lucra
2523 5077 2826 5136 sectantur,
2851 5076 2907 5123 et
2928 5068 3315 5126 diversissimis
3336 5048 3515 5125 modis
3540 5071 3715 5126 usuris

422 5141 604 5200 divina
631 5145 884 5219 iustaque
916 5149 1125 5207 ultione
1160 5155 1446 5212 ruentibus
1498 5158 1626 5213 ruit.
1679 5156 1747 5215 At
1780 5158 1828 5214 si
1876 5159 2018 5214 forte
2124 5156 2453 5226 inserviunt,
2484 5168 2542 5216 et
2570 5160 2800 5216 aliorum
2833 5159 3026 5217 domos
3047 5161 3334 5218 inhoneste
3367 5178 3433 5217 ac
3467 5164 3717 5234 inpudice

422 5234 566 5303 quod
599 5237 743 5293 absit
794 5239 936 5298 ullus
981 5242 1359 5315 episcOporum
1407 5245 1667 5319 deinceps
1719 5258 2019 5306 sectatores
2119 5246 2489 5319 frequentant,
2504 5250 3062 5308 etcomessationibus
3079 5260 3137 5308 et
3152 5252 3514 5310 ebrietatibus
3533 5254 3714 5310 descr-

1653 5364 2045 5421 VARIANTES
2082 5364 2487 5424 LECTIONES.

503 5438 521 5471 ⁸
538 5441 678 5510 gerit
699 5458 841 5499 corr.
865 5458 1062 5517 gerunt
1082 5450 1265 5506 codex.
1343 5453 1364 5485 ³
1381 5469 1431 5509 c.
1452 5453 1593 5510 deest
1619 5456 1675 5511 tn
1698 5472 1746 5510 c.
1823 5455 1846 5489 ³
1874 5456 2282 5528 neglegentibus
2302 5474 2351 5512 c.
2427 5460 2449 5490 ‘
2472 5460 2906 5516 scandalizentur
2922 5477 2970 5517 c.
3030 5461 3054 5496 '
3075 5461 3151 5518 sic
3172 5478 3221 5519 c.
3295 5462 3318 5496 ⁸
3335 5474 3641 5522 conuentus
3658 5478 3709 5520 ε.

1951 5565 2185 5625 NOTAE.

2205 5692 2225 5719 ε
2271 5680 2353 5737 cr.
2386 5698 2423 5749 ι,
2451 5682 2543 5749 es,
2575 5698 2631 5754 p.
2666 5683 2819 5741 H518.
