  <div class='ocr_page' id='page_1' title='image "/cluster/home/n/w/nwhite01/storage/ocr_20150623/97/hvd.32044054759667/312.png"; bbox 0 0 3974 6134; ppageno 0'>
   <div class='ocr_carea' id='block_1_1' title="bbox 195 277 288 333">
    <p class='ocr_par' dir='ltr' id='par_1_1' title="bbox 195 277 288 333">
     <span class='ocr_line' id='line_1_1' title="bbox 195 277 288 333; baseline 0.065 -7"><span class='ocrx_word' id='word_1_1' title='bbox 195 277 288 333; x_wconf 62' lang='lat'><strong>629</strong></span> 
     </span>
    </p>
   </div>
   <div class='ocr_carea' id='block_1_2' title="bbox 507 271 3113 356">
    <p class='ocr_par' dir='ltr' id='par_1_2' title="bbox 507 271 3113 356">
     <span class='ocr_line' id='line_1_2' title="bbox 507 271 3113 356; baseline 0.008 -23"><span class='ocrx_word' id='word_1_2' title='bbox 507 275 734 333; x_wconf 73' lang='lat' dir='ltr'><strong>CODEX</strong></span> <span class='ocrx_word' id='word_1_3' title='bbox 771 271 1366 336; x_wconf 58' lang='lat' dir='ltr'><strong>DTPLOMATICUS.—</strong></span> <span class='ocrx_word' id='word_1_4' title='bbox 1397 281 1716 340; x_wconf 73' lang='lat' dir='ltr'><strong>LUDOVICI</strong></span> <span class='ocrx_word' id='word_1_5' title='bbox 1751 283 1769 340; x_wconf 91' lang='grc' dir='ltr'><strong>Ι</strong></span> <span class='ocrx_word' id='word_1_6' title='bbox 1809 283 1898 340; x_wconf 82' lang='lat' dir='ltr'><strong>ET</strong></span> <span class='ocrx_word' id='word_1_7' title='bbox 1931 285 2256 348; x_wconf 67' lang='lat' dir='ltr'><strong>LOTHARH</strong></span> <span class='ocrx_word' id='word_1_8' title='bbox 2293 293 2948 354; x_wconf 68' lang='lat' dir='ltr'><strong>CAPITULARIA.—As.</strong></span> <span class='ocrx_word' id='word_1_9' title='bbox 2985 299 3113 356; x_wconf 63' lang='lat'><strong>8‘19.</strong></span> 
     </span>
    </p>
   </div>
   <div class='ocr_carea' id='block_1_3' title="bbox 3329 305 3440 361">
    <p class='ocr_par' dir='ltr' id='par_1_3' title="bbox 3329 305 3440 361">
     <span class='ocr_line' id='line_1_3' title="bbox 3329 305 3440 361; baseline 0 0"><span class='ocrx_word' id='word_1_10' title='bbox 3329 305 3440 361; x_wconf 64' lang='lat'><strong>610</strong></span> 
     </span>
    </p>
   </div>
   <div class='ocr_carea' id='block_1_4' title="bbox 195 391 3444 480">
    <p class='ocr_par' dir='ltr' id='par_1_4' title="bbox 195 391 3444 480">
     <span class='ocr_line' id='line_1_4' title="bbox 195 391 3444 480; baseline 0.009 -38"><span class='ocrx_word' id='word_1_11' title='bbox 195 391 298 446; x_wconf 83' lang='lat' dir='ltr'><strong>vire</strong></span> <span class='ocrx_word' id='word_1_12' title='bbox 317 406 422 446; x_wconf 90' lang='lat' dir='ltr'><strong>non</strong></span> <span class='ocrx_word' id='word_1_13' title='bbox 447 393 795 456; x_wconf 86' lang='lat' dir='ltr'><strong>erubescunt,</strong></span> <span class='ocrx_word' id='word_1_14' title='bbox 831 401 886 446; x_wconf 90' lang='lat' dir='ltr'><strong>et</strong></span> <span class='ocrx_word' id='word_1_15' title='bbox 909 407 1006 462; x_wconf 87' lang='lat' dir='ltr'><strong>per</strong></span> <span class='ocrx_word' id='word_1_16' title='bbox 1025 394 1268 449; x_wconf 79' lang='lat' dir='ltr'><strong>diversos</strong></span> <span class='ocrx_word' id='word_1_17' title='bbox 1297 405 1562 450; x_wconf 90' lang='lat' dir='ltr'><strong>mcrcatos</strong></span> <span class='ocrx_word' id='word_1_18' title='bbox 1585 395 1750 450; x_wconf 79' lang='lat' dir='ltr'><strong>indis-</strong></span> <span class='ocrx_word' id='word_1_19' title='bbox 1779 399 1824 454; x_wconf 78' lang='grc' dir='ltr'><strong>Α</strong></span> <span class='ocrx_word' id='word_1_20' title='bbox 1854 399 1919 452; x_wconf 91' lang='lat' dir='ltr'><strong>de</strong></span> <span class='ocrx_word' id='word_1_21' title='bbox 1940 401 2290 458; x_wconf 89' lang='lat' dir='ltr'><strong>aeclesiarnm</strong></span> <span class='ocrx_word' id='word_1_22' title='bbox 2315 407 2475 462; x_wconf 82' lang='lat' dir='ltr'><strong>rebus</strong></span> <span class='ocrx_word' id='word_1_23' title='bbox 2493 408 2690 476; x_wconf 83' lang='lat' dir='ltr'><strong>quibus</strong></span> <span class='ocrx_word' id='word_1_24' title='bbox 2709 419 2972 478; x_wconf 86' lang='lat' dir='ltr'><strong>praesunt</strong></span> <span class='ocrx_word' id='word_1_25' title='bbox 2991 411 3212 480; x_wconf 88' lang='lat' dir='ltr'><strong>praedia</strong></span> <span class='ocrx_word' id='word_1_26' title='bbox 3235 427 3302 470; x_wconf 90' lang='lat' dir='ltr'><strong>eo</strong></span> <span class='ocrx_word' id='word_1_27' title='bbox 3329 433 3444 472; x_wconf 85' lang='lat' dir='ltr'><strong>mo-</strong></span> 
     </span>
    </p>
   </div>
   <div class='ocr_carea' id='block_1_5' title="bbox 195 479 1754 552">
    <p class='ocr_par' dir='ltr' id='par_1_5' title="bbox 195 479 1754 552">
     <span class='ocr_line' id='line_1_5' title="bbox 195 479 1754 552; baseline 0.003 -14"><span class='ocrx_word' id='word_1_28' title='bbox 195 490 330 538; x_wconf 83' lang='lat' dir='ltr'><strong>crete</strong></span> <span class='ocrx_word' id='word_1_29' title='bbox 351 479 681 546; x_wconf 90' lang='lat' dir='ltr'><strong>discurrunt,</strong></span> <span class='ocrx_word' id='word_1_30' title='bbox 713 482 1106 538; x_wconf 87' lang='lat' dir='ltr'><strong>observandum</strong></span> <span class='ocrx_word' id='word_1_31' title='bbox 1161 485 1534 552; x_wconf 87' lang='lat' dir='ltr'><strong>indicavimus,</strong></span> <span class='ocrx_word' id='word_1_32' title='bbox 1595 495 1654 540; x_wconf 91' lang='lat' dir='ltr'><strong>ut</strong></span> <span class='ocrx_word' id='word_1_33' title='bbox 1685 488 1754 542; x_wconf 89' lang='lat' dir='ltr'><strong>ab</strong></span> 
     </span>
    </p>
   </div>
   <div class='ocr_carea' id='block_1_6' title="bbox 195 569 1756 650">
    <p class='ocr_par' dir='ltr' id='par_1_6' title="bbox 195 569 1756 650">
     <span class='ocr_line' id='line_1_6' title="bbox 195 569 1756 650; baseline 0.006 -24"><span class='ocrx_word' id='word_1_34' title='bbox 195 573 306 626; x_wconf 87' lang='lat' dir='ltr'><strong>hinc</strong></span> <span class='ocrx_word' id='word_1_35' title='bbox 339 569 581 628; x_wconf 87' lang='lat' dir='ltr'><strong>districte</strong></span> <span class='ocrx_word' id='word_1_36' title='bbox 629 569 994 646; x_wconf 83' lang='lat' dir='ltr'><strong>severiterqne</strong></span> <span class='ocrx_word' id='word_1_37' title='bbox 1047 577 1059 607; x_wconf 90' lang='grc'>¹</span> <span class='ocrx_word' id='word_1_38' title='bbox 1105 579 1512 644; x_wconf 88' lang='lat' dir='ltr'><strong>coherceantur,</strong></span> <span class='ocrx_word' id='word_1_39' title='bbox 1550 595 1617 634; x_wconf 90' lang='lat' dir='ltr'><strong>ne</strong></span> <span class='ocrx_word' id='word_1_40' title='bbox 1658 597 1756 650; x_wconf 87' lang='lat' dir='ltr'><strong>per</strong></span> 
     </span>
    </p>
   </div>
   <div class='ocr_carea' id='block_1_7' title="bbox 191 665 1755 736">
    <p class='ocr_par' dir='ltr' id='par_1_7' title="bbox 191 665 1755 736">
     <span class='ocr_line' id='line_1_7' title="bbox 191 665 1755 736; baseline 0.006 -18"><span class='ocrx_word' id='word_1_41' title='bbox 191 678 364 720; x_wconf 89' lang='lat' dir='ltr'><strong>eorum</strong></span> <span class='ocrx_word' id='word_1_42' title='bbox 387 665 648 720; x_wconf 77' lang='lat' dir='ltr'><strong>inlicitam</strong></span> <span class='ocrx_word' id='word_1_43' title='bbox 671 675 726 722; x_wconf 90' lang='lat' dir='ltr'><strong>et</strong></span> <span class='ocrx_word' id='word_1_44' title='bbox 747 667 1083 724; x_wconf 88' lang='lat' dir='ltr'><strong>indecentem</strong></span> <span class='ocrx_word' id='word_1_45' title='bbox 1109 668 1398 736; x_wconf 88' lang='lat' dir='ltr'><strong>actionem,</strong></span> <span class='ocrx_word' id='word_1_46' title='bbox 1425 680 1482 726; x_wconf 92' lang='lat' dir='ltr'><strong>et</strong></span> <span class='ocrx_word' id='word_1_47' title='bbox 1511 672 1755 726; x_wconf 90' lang='lat' dir='ltr'><strong>ministe-</strong></span> 
     </span>
    </p>
   </div>
   <div class='ocr_carea' id='block_1_8' title="bbox 194 755 1754 829">
    <p class='ocr_par' dir='ltr' id='par_1_8' title="bbox 194 755 1754 829">
     <span class='ocr_line' id='line_1_8' title="bbox 194 755 1754 829; baseline 0.004 -20"><span class='ocrx_word' id='word_1_48' title='bbox 194 755 320 809; x_wconf 81' lang='lat' dir='ltr'><strong>rium</strong></span> <span class='ocrx_word' id='word_1_49' title='bbox 354 756 689 812; x_wconf 79' lang='lat' dir='ltr'><strong>sacerdotale</strong></span> <span class='ocrx_word' id='word_1_50' title='bbox 731 757 1082 828; x_wconf 74' lang='lat' dir='ltr'><strong>vituperetur,</strong></span> <span class='ocrx_word' id='word_1_51' title='bbox 1138 768 1194 814; x_wconf 91' lang='lat' dir='ltr'><strong>et</strong></span> <span class='ocrx_word' id='word_1_52' title='bbox 1224 761 1419 829; x_wconf 87' lang='lat' dir='ltr'><strong>quibus</strong></span> <span class='ocrx_word' id='word_1_53' title='bbox 1448 760 1754 818; x_wconf 89' lang='lat' dir='ltr'><strong>debuerant</strong></span> 
     </span>
    </p>
   </div>
   <div class='ocr_carea' id='block_1_9' title="bbox 192 849 1354 918">
    <p class='ocr_par' dir='ltr' id='par_1_9' title="bbox 192 849 1354 918">
     <span class='ocr_line' id='line_1_9' title="bbox 192 849 1354 918; baseline 0.003 -14"><span class='ocrx_word' id='word_1_54' title='bbox 192 861 299 904; x_wconf 85' lang='lat' dir='ltr'><strong>esse</strong></span> <span class='ocrx_word' id='word_1_55' title='bbox 331 849 386 904; x_wconf 90' lang='lat' dir='ltr'><strong>in</strong></span> <span class='ocrx_word' id='word_1_56' title='bbox 409 849 732 918; x_wconf 79' lang='lat' dir='ltr'><strong>exemplum,</strong></span> <span class='ocrx_word' id='word_1_57' title='bbox 767 849 900 906; x_wconf 90' lang='lat' dir='ltr'><strong>ﬁant</strong></span> <span class='ocrx_word' id='word_1_58' title='bbox 929 851 984 908; x_wconf 88' lang='lat' dir='ltr'><strong>in</strong></span> <span class='ocrx_word' id='word_1_59' title='bbox 1017 851 1354 908; x_wconf 84' lang='lat' dir='ltr'><strong>scandalum.</strong></span> 
     </span>
    </p>
   </div>
   <div class='ocr_carea' id='block_1_10' title="bbox 253 942 1752 1008">
    <p class='ocr_par' dir='ltr' id='par_1_10' title="bbox 253 942 1752 1008">
     <span class='ocr_line' id='line_1_10' title="bbox 253 942 1752 1008; baseline 0.001 -10"><span class='ocrx_word' id='word_1_60' title='bbox 253 943 334 998; x_wconf 91' lang='grc'><strong>11.</strong></span> <span class='ocrx_word' id='word_1_61' title='bbox 385 942 540 1008; x_wconf 82' lang='lat' dir='ltr'><strong>Quod</strong></span> <span class='ocrx_word' id='word_1_62' title='bbox 592 955 620 982; x_wconf 77' lang='grc' dir='ltr'>ι</span> <span class='ocrx_word' id='word_1_63' title='bbox 661 945 980 1000; x_wconf 80' lang='lat' dir='ltr'><strong>conuersatio</strong></span> <span class='ocrx_word' id='word_1_64' title='bbox 1037 945 1376 1000; x_wconf 76' lang='lat' dir='ltr'><strong>sacerdotalis</strong></span> <span class='ocrx_word' id='word_1_65' title='bbox 1421 953 1571 1000; x_wconf 75' lang='lat' dir='ltr'><strong>testes</strong></span> <span class='ocrx_word' id='word_1_66' title='bbox 1618 946 1752 1000; x_wconf 77' lang='lat' dir='ltr'><strong>vitae</strong></span> 
     </span>
    </p>
   </div>
   <div class='ocr_carea' id='block_1_11' title="bbox 187 1034 1746 1106">
    <p class='ocr_par' dir='ltr' id='par_1_11' title="bbox 187 1034 1746 1106">
     <span class='ocr_line' id='line_1_11' title="bbox 187 1034 1746 1106; baseline 0.003 -18"><span class='ocrx_word' id='word_1_67' title='bbox 187 1036 464 1103; x_wconf 75' lang='lat' dir='ltr'><strong>probabiles</strong></span> <span class='ocrx_word' id='word_1_68' title='bbox 487 1036 694 1090; x_wconf 76' lang='lat' dir='ltr'><strong>habeat.</strong></span> <span class='ocrx_word' id='word_1_69' title='bbox 745 1034 870 1092; x_wconf 88' lang='lat' dir='ltr'><strong>Pari</strong></span> <span class='ocrx_word' id='word_1_70' title='bbox 897 1050 1026 1106; x_wconf 79' lang='lat' dir='ltr'><strong>ergo</strong></span> <span class='ocrx_word' id='word_1_71' title='bbox 1067 1051 1334 1092; x_wconf 82' lang='lat' dir='ltr'><strong>consensu</strong></span> <span class='ocrx_word' id='word_1_72' title='bbox 1368 1038 1524 1092; x_wconf 87' lang='lat' dir='ltr'><strong>nobis</strong></span> <span class='ocrx_word' id='word_1_73' title='bbox 1569 1037 1746 1092; x_wconf 89' lang='lat' dir='ltr'><strong>visum</strong></span> 
     </span>
    </p>
   </div>
   <div class='ocr_carea' id='block_1_12' title="bbox 186 1126 1748 1206">
    <p class='ocr_par' dir='ltr' id='par_1_12' title="bbox 186 1126 1748 1206">
     <span class='ocr_line' id='line_1_12' title="bbox 186 1126 1748 1206; baseline 0 -24"><span class='ocrx_word' id='word_1_74' title='bbox 186 1139 288 1192; x_wconf 88' lang='lat' dir='ltr'><strong>est,</strong></span> <span class='ocrx_word' id='word_1_75' title='bbox 344 1138 405 1182; x_wconf 91' lang='lat' dir='ltr'><strong>ut</strong></span> <span class='ocrx_word' id='word_1_76' title='bbox 433 1126 717 1196; x_wconf 88' lang='lat' dir='ltr'><strong>pontiﬁces</strong></span> <span class='ocrx_word' id='word_1_77' title='bbox 750 1134 1062 1206; x_wconf 87' lang='lat' dir='ltr'><strong>sanctorum</strong></span> <span class='ocrx_word' id='word_1_78' title='bbox 1119 1127 1491 1182; x_wconf 88' lang='lat' dir='ltr'><strong>decedentinm</strong></span> <span class='ocrx_word' id='word_1_79' title='bbox 1531 1135 1748 1196; x_wconf 84' lang='lat' dir='ltr'><strong>patrum</strong></span> 
     </span>
    </p>
   </div>
   <div class='ocr_carea' id='block_1_13' title="bbox 186 1216 1750 1288">
    <p class='ocr_par' dir='ltr' id='par_1_13' title="bbox 186 1216 1750 1288">
     <span class='ocr_line' id='line_1_13' title="bbox 186 1216 1750 1288; baseline -0.001 -14"><span class='ocrx_word' id='word_1_80' title='bbox 186 1219 418 1288; x_wconf 75' lang='lat' dir='ltr'><strong>exempla</strong></span> <span class='ocrx_word' id='word_1_81' title='bbox 451 1225 770 1286; x_wconf 79' lang='lat' dir='ltr'><strong>sequentes,</strong></span> <span class='ocrx_word' id='word_1_82' title='bbox 826 1216 1104 1287; x_wconf 78' lang='lat' dir='ltr'><strong>religiosos</strong></span> <span class='ocrx_word' id='word_1_83' title='bbox 1157 1217 1580 1272; x_wconf 75' lang='lat' dir='ltr'><strong>conversationis</strong></span> <span class='ocrx_word' id='word_1_84' title='bbox 1618 1231 1750 1272; x_wconf 89' lang='lat' dir='ltr'><strong>suae</strong></span> 
     </span>
    </p>
   </div>
   <div class='ocr_carea' id='block_1_14' title="bbox 185 1307 1744 1378">
    <p class='ocr_par' dir='ltr' id='par_1_14' title="bbox 185 1307 1744 1378">
     <span class='ocr_line' id='line_1_14' title="bbox 185 1307 1744 1378; baseline -0.001 -14"><span class='ocrx_word' id='word_1_85' title='bbox 185 1320 340 1365; x_wconf 91' lang='lat' dir='ltr'><strong>testes</strong></span> <span class='ocrx_word' id='word_1_86' title='bbox 367 1309 628 1370; x_wconf 82' lang='lat' dir='ltr'><strong>habeant,</strong></span> <span class='ocrx_word' id='word_1_87' title='bbox 653 1307 908 1378; x_wconf 85' lang='lat' dir='ltr'><strong>quatinus</strong></span> <span class='ocrx_word' id='word_1_88' title='bbox 932 1308 1214 1362; x_wconf 83' lang='lat' dir='ltr'><strong>detrahere</strong></span> <span class='ocrx_word' id='word_1_89' title='bbox 1239 1307 1544 1362; x_wconf 83' lang='lat' dir='ltr'><strong>volentibus</strong></span> <span class='ocrx_word' id='word_1_90' title='bbox 1567 1308 1744 1362; x_wconf 88' lang='lat' dir='ltr'><strong>locum</strong></span> 
     </span>
    </p>
   </div>
   <div class='ocr_carea' id='block_1_15' title="bbox 183 1397 1748 1468">
    <p class='ocr_par' dir='ltr' id='par_1_15' title="bbox 183 1397 1748 1468">
     <span class='ocr_line' id='line_1_15' title="bbox 183 1397 1748 1468; baseline 0 -14"><span class='ocrx_word' id='word_1_91' title='bbox 183 1400 394 1456; x_wconf 84' lang='lat' dir='ltr'><strong>minime</strong></span> <span class='ocrx_word' id='word_1_92' title='bbox 429 1400 706 1468; x_wconf 86' lang='lat' dir='ltr'><strong>prebeant.</strong></span> <span class='ocrx_word' id='word_1_93' title='bbox 747 1397 816 1453; x_wconf 88' lang='lat' dir='ltr'><strong>Ut</strong></span> <span class='ocrx_word' id='word_1_94' title='bbox 858 1412 988 1466; x_wconf 74' lang='lat' dir='ltr'><strong>ergo</strong></span> <span class='ocrx_word' id='word_1_95' title='bbox 1043 1397 1292 1452; x_wconf 85' lang='lat' dir='ltr'><strong>sacerdos</strong></span> <span class='ocrx_word' id='word_1_96' title='bbox 1326 1397 1604 1467; x_wconf 87' lang='lat' dir='ltr'><strong>discipulis</strong></span> <span class='ocrx_word' id='word_1_97' title='bbox 1635 1399 1748 1454; x_wconf 87' lang='lat' dir='ltr'><strong>suis</strong></span> 
     </span>
    </p>
   </div>
   <div class='ocr_carea' id='block_1_16' title="bbox 184 1489 1748 1560">
    <p class='ocr_par' dir='ltr' id='par_1_16' title="bbox 184 1489 1748 1560">
     <span class='ocr_line' id='line_1_16' title="bbox 184 1489 1748 1560; baseline -0.001 -16"><span class='ocrx_word' id='word_1_98' title='bbox 184 1491 244 1544; x_wconf 91' lang='lat' dir='ltr'><strong>de</strong></span> <span class='ocrx_word' id='word_1_99' title='bbox 276 1505 332 1544; x_wconf 89' lang='lat' dir='ltr'><strong>se</strong></span> <span class='ocrx_word' id='word_1_100' title='bbox 353 1489 472 1557; x_wconf 90' lang='lat' dir='ltr'><strong>ipso</strong></span> <span class='ocrx_word' id='word_1_101' title='bbox 493 1489 796 1558; x_wconf 73' lang='lat' dir='ltr'><strong>exemplum</strong></span> <span class='ocrx_word' id='word_1_102' title='bbox 829 1489 1028 1544; x_wconf 89' lang='lat' dir='ltr'><strong>bonum</strong></span> <span class='ocrx_word' id='word_1_103' title='bbox 1072 1489 1262 1544; x_wconf 86' lang='lat' dir='ltr'><strong>debeat</strong></span> <span class='ocrx_word' id='word_1_104' title='bbox 1287 1492 1564 1558; x_wconf 89' lang='lat' dir='ltr'><strong>praebere,</strong></span> <span class='ocrx_word' id='word_1_105' title='bbox 1601 1489 1748 1560; x_wconf 86' lang='lat' dir='ltr'><strong>Apo-</strong></span> 
     </span>
    </p>
   </div>
   <div class='ocr_carea' id='block_1_17' title="bbox 182 1577 1745 1650">
    <p class='ocr_par' dir='ltr' id='par_1_17' title="bbox 182 1577 1745 1650">
     <span class='ocr_line' id='line_1_17' title="bbox 182 1577 1745 1650; baseline 0.001 -18"><span class='ocrx_word' id='word_1_106' title='bbox 182 1578 344 1634; x_wconf 89' lang='lat' dir='ltr'><strong>stolus</strong></span> <span class='ocrx_word' id='word_1_107' title='bbox 365 1579 434 1634; x_wconf 90' lang='lat' dir='ltr'><strong>ad</strong></span> <span class='ocrx_word' id='word_1_108' title='bbox 455 1577 636 1633; x_wconf 84' lang='lat' dir='ltr'><strong>Titum</strong></span> <span class='ocrx_word' id='word_1_109' title='bbox 667 1577 822 1633; x_wconf 89' lang='lat' dir='ltr'><strong>docet</strong></span> <span class='ocrx_word' id='word_1_110' title='bbox 846 1578 1068 1634; x_wconf 87' lang='lat' dir='ltr'><strong>dicens:</strong></span> <span class='ocrx_word' id='word_1_111' title='bbox 1115 1577 1184 1632; x_wconf 84' lang='lat' dir='ltr'><strong>In</strong></span> <span class='ocrx_word' id='word_1_112' title='bbox 1207 1579 1444 1633; x_wconf 81' lang='lat' dir='ltr'><strong>omnibus</strong></span> <span class='ocrx_word' id='word_1_113' title='bbox 1490 1589 1539 1634; x_wconf 87' lang='lat' dir='ltr'><strong>te</strong></span> <span class='ocrx_word' id='word_1_114' title='bbox 1575 1581 1745 1650; x_wconf 76' lang='lat' dir='ltr'><strong>ipsum</strong></span> 
     </span>
    </p>
   </div>
   <div class='ocr_carea' id='block_1_18' title="bbox 179 1667 1744 1740">
    <p class='ocr_par' dir='ltr' id='par_1_18' title="bbox 179 1667 1744 1740">
     <span class='ocr_line' id='line_1_18' title="bbox 179 1667 1744 1740; baseline 0.003 -18"><span class='ocrx_word' id='word_1_115' title='bbox 179 1669 359 1738; x_wconf 78' lang='lat' dir='ltr'><strong>praebe</strong></span> <span class='ocrx_word' id='word_1_116' title='bbox 381 1667 671 1738; x_wconf 66' lang='lat' dir='ltr'><strong>exemplum</strong></span> <span class='ocrx_word' id='word_1_117' title='bbox 709 1669 730 1698; x_wconf 83' lang='lat'>&#39;</span> <span class='ocrx_word' id='word_1_118' title='bbox 758 1668 1008 1722; x_wconf 80' lang='lat' dir='ltr'><strong>bonorum</strong></span> <span class='ocrx_word' id='word_1_119' title='bbox 1047 1685 1288 1740; x_wconf 80' lang='lat' dir='ltr'><strong>operum,</strong></span> <span class='ocrx_word' id='word_1_120' title='bbox 1328 1671 1386 1724; x_wconf 79' lang='lat' dir='ltr'><strong>in</strong></span> <span class='ocrx_word' id='word_1_121' title='bbox 1411 1670 1652 1726; x_wconf 81' lang='lat' dir='ltr'><strong>doctrina</strong></span> <span class='ocrx_word' id='word_1_122' title='bbox 1689 1673 1744 1726; x_wconf 84' lang='lat' dir='ltr'><strong>in</strong></span> 
     </span>
    </p>
   </div>
   <div class='ocr_carea' id='block_1_19' title="bbox 1855 487 3442 571">
    <p class='ocr_par' dir='ltr' id='par_1_19' title="bbox 1855 487 3442 571">
     <span class='ocr_line' id='line_1_19' title="bbox 1855 487 3442 571; baseline 0.015 -29"><span class='ocrx_word' id='word_1_123' title='bbox 1855 487 1926 544; x_wconf 93' lang='lat' dir='ltr'><strong>do</strong></span> <span class='ocrx_word' id='word_1_124' title='bbox 1949 501 2162 560; x_wconf 89' lang='lat' dir='ltr'><strong>emunt,</strong></span> <span class='ocrx_word' id='word_1_125' title='bbox 2219 495 2520 552; x_wconf 88' lang='lat' dir='ltr'><strong>faciendum</strong></span> <span class='ocrx_word' id='word_1_126' title='bbox 2559 501 2878 566; x_wconf 87' lang='lat' dir='ltr'><strong>statuimus;</strong></span> <span class='ocrx_word' id='word_1_127' title='bbox 2941 505 3196 571; x_wconf 87' lang='lat' dir='ltr'><strong>quoniam</strong></span> <span class='ocrx_word' id='word_1_128' title='bbox 3240 507 3442 565; x_wconf 85' lang='lat' dir='ltr'><strong>multos</strong></span> 
     </span>
    </p>
   </div>
   <div class='ocr_carea' id='block_1_20' title="bbox 1853 581 3438 659">
    <p class='ocr_par' dir='ltr' id='par_1_20' title="bbox 1853 581 3438 659">
     <span class='ocr_line' id='line_1_20' title="bbox 1853 581 3438 659; baseline 0.014 -28"><span class='ocrx_word' id='word_1_129' title='bbox 1853 581 2274 647; x_wconf 80' lang='lat' dir='ltr'><strong>presbiterornm</strong></span> <span class='ocrx_word' id='word_1_130' title='bbox 2313 587 2597 641; x_wconf 66' lang='lat' dir='ltr'><strong>omasione</strong></span> <span class='ocrx_word' id='word_1_131' title='bbox 2649 588 2830 642; x_wconf 89' lang='lat' dir='ltr'><strong>taliter</strong></span> <span class='ocrx_word' id='word_1_132' title='bbox 2887 599 3192 659; x_wconf 88' lang='lat' dir='ltr'><strong>emptarum</strong></span> <span class='ocrx_word' id='word_1_133' title='bbox 3251 610 3438 652; x_wconf 85' lang='lat' dir='ltr'><strong>rerum</strong></span> 
     </span>
    </p>
   </div>
   <div class='ocr_carea' id='block_1_21' title="bbox 1854 669 3440 746">
    <p class='ocr_par' dir='ltr' id='par_1_21' title="bbox 1854 669 3440 746">
     <span class='ocr_line' id='line_1_21' title="bbox 1854 669 3440 746; baseline 0.013 -25"><span class='ocrx_word' id='word_1_134' title='bbox 1854 669 2110 726; x_wconf 89' lang='lat' dir='ltr'><strong>ecclesias</strong></span> <span class='ocrx_word' id='word_1_135' title='bbox 2167 672 2364 742; x_wconf 90' lang='lat' dir='ltr'><strong>quibus</strong></span> <span class='ocrx_word' id='word_1_136' title='bbox 2423 684 2684 743; x_wconf 85' lang='lat' dir='ltr'><strong>praesunt</strong></span> <span class='ocrx_word' id='word_1_137' title='bbox 2739 677 3106 746; x_wconf 81' lang='lat' dir='ltr'><strong>exspoliasse,</strong></span> <span class='ocrx_word' id='word_1_138' title='bbox 3169 689 3225 736; x_wconf 88' lang='lat' dir='ltr'><strong>et</strong></span> <span class='ocrx_word' id='word_1_139' title='bbox 3261 698 3292 737; x_wconf 90' lang='lat' dir='ltr'><strong>a</strong></span> <span class='ocrx_word' id='word_1_140' title='bbox 3337 700 3440 740; x_wconf 92' lang='lat' dir='ltr'><strong>suo</strong></span> 
     </span>
    </p>
   </div>
   <div class='ocr_carea' id='block_1_22' title="bbox 1853 759 3440 834">
    <p class='ocr_par' dir='ltr' id='par_1_22' title="bbox 1853 759 3440 834">
     <span class='ocr_line' id='line_1_22' title="bbox 1853 759 3440 834; baseline 0.013 -23"><span class='ocrx_word' id='word_1_141' title='bbox 1853 759 2157 818; x_wconf 89' lang='lat' dir='ltr'><strong>ministerio</strong></span> <span class='ocrx_word' id='word_1_142' title='bbox 2216 763 2400 819; x_wconf 90' lang='lat' dir='ltr'><strong>multis</strong></span> <span class='ocrx_word' id='word_1_143' title='bbox 2458 767 2634 820; x_wconf 89' lang='lat' dir='ltr'><strong>modis</strong></span> <span class='ocrx_word' id='word_1_144' title='bbox 2658 769 3011 834; x_wconf 73' lang='lat' dir='ltr'><strong>exorbitasse,</strong></span> <span class='ocrx_word' id='word_1_145' title='bbox 3042 779 3097 825; x_wconf 88' lang='lat' dir='ltr'><strong>et</strong></span> <span class='ocrx_word' id='word_1_146' title='bbox 3124 786 3184 826; x_wconf 88' lang='lat' dir='ltr'><strong>se</strong></span> <span class='ocrx_word' id='word_1_147' title='bbox 3225 773 3440 831; x_wconf 85' lang='lat' dir='ltr'><strong>diabolo</strong></span> 
     </span>
    </p>
   </div>
   <div class='ocr_carea' id='block_1_23' title="bbox 1853 851 3440 920">
    <p class='ocr_par' dir='ltr' id='par_1_23' title="bbox 1853 851 3440 920">
     <span class='ocr_line' id='line_1_23' title="bbox 1853 851 3440 920; baseline 0.01 -17"><span class='ocrx_word' id='word_1_148' title='bbox 1853 851 2211 920; x_wconf 90' lang='lat' dir='ltr'><strong>mancipasse,</strong></span> <span class='ocrx_word' id='word_1_149' title='bbox 2251 863 2306 908; x_wconf 91' lang='lat' dir='ltr'><strong>et</strong></span> <span class='ocrx_word' id='word_1_150' title='bbox 2357 855 2468 910; x_wconf 85' lang='lat' dir='ltr'><strong>hac</strong></span> <span class='ocrx_word' id='word_1_151' title='bbox 2513 857 2802 912; x_wconf 88' lang='lat' dir='ltr'><strong>occasione</strong></span> <span class='ocrx_word' id='word_1_152' title='bbox 2839 859 3035 915; x_wconf 85' lang='lat' dir='ltr'><strong>multos</strong></span> <span class='ocrx_word' id='word_1_153' title='bbox 3081 861 3342 918; x_wconf 88' lang='lat' dir='ltr'><strong>laicorum</strong></span> <span class='ocrx_word' id='word_1_154' title='bbox 3383 866 3440 918; x_wconf 81' lang='lat' dir='ltr'><strong>in</strong></span> 
     </span>
    </p>
   </div>
   <div class='ocr_carea' id='block_1_24' title="bbox 1853 943 3442 1022">
    <p class='ocr_par' dir='ltr' id='par_1_24' title="bbox 1853 943 3442 1022">
     <span class='ocr_line' id='line_1_24' title="bbox 1853 943 3442 1022; baseline 0.009 -26"><span class='ocrx_word' id='word_1_155' title='bbox 1853 943 2162 998; x_wconf 88' lang='lat' dir='ltr'><strong>scandalum</strong></span> <span class='ocrx_word' id='word_1_156' title='bbox 2237 945 2600 1002; x_wconf 84' lang='lat' dir='ltr'><strong>damnationis</strong></span> <span class='ocrx_word' id='word_1_157' title='bbox 2663 957 2722 1003; x_wconf 92' lang='lat' dir='ltr'><strong>et</strong></span> <span class='ocrx_word' id='word_1_158' title='bbox 2780 949 3104 1018; x_wconf 83' lang='lat' dir='ltr'><strong>perditionis</strong></span> <span class='ocrx_word' id='word_1_159' title='bbox 3158 955 3442 1022; x_wconf 80' lang='lat' dir='ltr'><strong>proruisse</strong></span> 
     </span>
    </p>
   </div>
   <div class='ocr_carea' id='block_1_25' title="bbox 1851 1037 2234 1106">
    <p class='ocr_par' dir='ltr' id='par_1_25' title="bbox 1851 1037 2234 1106">
     <span class='ocr_line' id='line_1_25' title="bbox 1851 1037 2234 1106; baseline 0.008 -16"><span class='ocrx_word' id='word_1_160' title='bbox 1851 1037 2234 1106; x_wconf 87' lang='lat' dir='ltr'><strong>comperimus.</strong></span> 
     </span>
    </p>
   </div>
   <div class='ocr_carea' id='block_1_26' title="bbox 1927 1128 3438 1204">
    <p class='ocr_par' dir='ltr' id='par_1_26' title="bbox 1927 1128 3438 1204">
     <span class='ocr_line' id='line_1_26' title="bbox 1927 1128 3438 1204; baseline 0.008 -24"><span class='ocrx_word' id='word_1_161' title='bbox 1927 1129 2016 1182; x_wconf 81' lang='grc'><strong>15.</strong></span> <span class='ocrx_word' id='word_1_162' title='bbox 2063 1128 2361 1184; x_wconf 87' lang='lat' dir='ltr'><strong>Didicimus</strong></span> <span class='ocrx_word' id='word_1_163' title='bbox 2384 1145 2513 1185; x_wconf 86' lang='lat' dir='ltr'><strong>sane</strong></span> <span class='ocrx_word' id='word_1_164' title='bbox 2544 1131 2831 1187; x_wconf 90' lang='lat' dir='ltr'><strong>nonnullos</strong></span> <span class='ocrx_word' id='word_1_165' title='bbox 2855 1134 3139 1203; x_wconf 76' lang='lat' dir='ltr'><strong>episcopos</strong></span> <span class='ocrx_word' id='word_1_166' title='bbox 3161 1135 3216 1190; x_wconf 87' lang='lat' dir='ltr'><strong>in</strong></span> <span class='ocrx_word' id='word_1_167' title='bbox 3239 1137 3438 1204; x_wconf 83' lang='lat' dir='ltr'><strong>guber-</strong></span> 
     </span>
    </p>
   </div>
   <div class='ocr_carea' id='block_1_27' title="bbox 1851 1217 3440 1288">
    <p class='ocr_par' dir='ltr' id='par_1_27' title="bbox 1851 1217 3440 1288">
     <span class='ocr_line' id='line_1_27' title="bbox 1851 1217 3440 1288; baseline 0.008 -18"><span class='ocrx_word' id='word_1_168' title='bbox 1851 1217 2043 1272; x_wconf 89' lang='lat' dir='ltr'><strong>nandis</strong></span> <span class='ocrx_word' id='word_1_169' title='bbox 2105 1220 2614 1288; x_wconf 79' lang='lat' dir='ltr'><strong>congregationibus</strong></span> <span class='ocrx_word' id='word_1_170' title='bbox 2662 1221 2766 1276; x_wconf 91' lang='lat' dir='ltr'><strong>sibi</strong></span> <span class='ocrx_word' id='word_1_171' title='bbox 2828 1224 3118 1288; x_wconf 88' lang='lat' dir='ltr'><strong>subiectis,</strong></span> <span class='ocrx_word' id='word_1_172' title='bbox 3159 1227 3370 1280; x_wconf 68' lang='lat' dir='ltr'><strong>canonit</strong></span> <span class='ocrx_word' id='word_1_173' title='bbox 3391 1227 3440 1282; x_wconf 91' lang='lat' dir='ltr'><strong>is</strong></span> 
     </span>
    </p>
   </div>
   <div class='ocr_carea' id='block_1_28' title="bbox 1849 1310 3438 1377">
    <p class='ocr_par' dir='ltr' id='par_1_28' title="bbox 1849 1310 3438 1377">
     <span class='ocr_line' id='line_1_28' title="bbox 1849 1310 3438 1377; baseline 0.005 -15"><span class='ocrx_word' id='word_1_174' title='bbox 1849 1310 2098 1364; x_wconf 89' lang='lat' dir='ltr'><strong>videlicet</strong></span> <span class='ocrx_word' id='word_1_175' title='bbox 2143 1311 2423 1366; x_wconf 86' lang='lat' dir='ltr'><strong>monachis</strong></span> <span class='ocrx_word' id='word_1_176' title='bbox 2475 1319 2531 1364; x_wconf 92' lang='lat' dir='ltr'><strong>et</strong></span> <span class='ocrx_word' id='word_1_177' title='bbox 2591 1312 3114 1377; x_wconf 90' lang='lat' dir='ltr'><strong>sanctimonialibus,</strong></span> <span class='ocrx_word' id='word_1_178' title='bbox 3173 1314 3438 1370; x_wconf 86' lang='lat' dir='ltr'><strong>hactenus</strong></span> 
     </span>
    </p>
   </div>
   <div class='ocr_carea' id='block_1_29' title="bbox 1848 1401 3428 1472">
    <p class='ocr_par' dir='ltr' id='par_1_29' title="bbox 1848 1401 3428 1472">
     <span class='ocr_line' id='line_1_29' title="bbox 1848 1401 3428 1472; baseline 0.007 -22"><span class='ocrx_word' id='word_1_179' title='bbox 1848 1401 2002 1456; x_wconf 79' lang='lat' dir='ltr'><strong>valde</strong></span> <span class='ocrx_word' id='word_1_180' title='bbox 2025 1401 2368 1472; x_wconf 81' lang='lat' dir='ltr'><strong>neglegentes</strong></span> <span class='ocrx_word' id='word_1_181' title='bbox 2397 1403 2694 1468; x_wconf 77' lang='lat' dir='ltr'><strong>exstitisse,</strong></span> <span class='ocrx_word' id='word_1_182' title='bbox 2722 1413 2777 1458; x_wconf 90' lang='lat' dir='ltr'><strong>et</strong></span> <span class='ocrx_word' id='word_1_183' title='bbox 2801 1406 2872 1460; x_wconf 91' lang='lat' dir='ltr'><strong>ob</strong></span> <span class='ocrx_word' id='word_1_184' title='bbox 2899 1405 2952 1460; x_wconf 88' lang='lat' dir='ltr'><strong>id</strong></span> <span class='ocrx_word' id='word_1_185' title='bbox 3001 1406 3200 1460; x_wconf 91' lang='lat' dir='ltr'><strong>multos</strong></span> <span class='ocrx_word' id='word_1_186' title='bbox 3238 1407 3292 1461; x_wconf 88' lang='lat' dir='ltr'><strong>in</strong></span> <span class='ocrx_word' id='word_1_187' title='bbox 3342 1408 3428 1461; x_wconf 91' lang='lat' dir='ltr'><strong>sui</strong></span> 
     </span>
    </p>
   </div>
   <div class='ocr_carea' id='block_1_30' title="bbox 1849 1491 3438 1564">
    <p class='ocr_par' dir='ltr' id='par_1_30' title="bbox 1849 1491 3438 1564">
     <span class='ocr_line' id='line_1_30' title="bbox 1849 1491 3438 1564; baseline 0.003 -20"><span class='ocrx_word' id='word_1_188' title='bbox 1849 1491 2242 1545; x_wconf 86' lang='lat' dir='ltr'><strong>detractionem</strong></span> <span class='ocrx_word' id='word_1_189' title='bbox 2277 1500 2332 1545; x_wconf 90' lang='lat' dir='ltr'><strong>et</strong></span> <span class='ocrx_word' id='word_1_190' title='bbox 2353 1499 2722 1560; x_wconf 90' lang='lat' dir='ltr'><strong>contemptum</strong></span> <span class='ocrx_word' id='word_1_191' title='bbox 2744 1509 3090 1564; x_wconf 84' lang='lat' dir='ltr'><strong>provocasse,</strong></span> <span class='ocrx_word' id='word_1_192' title='bbox 3117 1494 3190 1548; x_wconf 91' lang='lat' dir='ltr'><strong>ita</strong></span> <span class='ocrx_word' id='word_1_193' title='bbox 3215 1503 3276 1548; x_wconf 91' lang='lat' dir='ltr'><strong>ut</strong></span> <span class='ocrx_word' id='word_1_194' title='bbox 3301 1511 3438 1549; x_wconf 88' lang='lat' dir='ltr'><strong>non-</strong></span> 
     </span>
    </p>
   </div>
   <div class='ocr_carea' id='block_1_31' title="bbox 1848 1579 3429 1651">
    <p class='ocr_par' dir='ltr' id='par_1_31' title="bbox 1848 1579 3429 1651">
     <span class='ocr_line' id='line_1_31' title="bbox 1848 1579 3429 1651; baseline 0.003 -19"><span class='ocrx_word' id='word_1_195' title='bbox 1848 1579 1978 1634; x_wconf 87' lang='lat' dir='ltr'><strong>nulli</strong></span> <span class='ocrx_word' id='word_1_196' title='bbox 2014 1579 2104 1633; x_wconf 89' lang='lat' dir='ltr'><strong>a&#39;lii</strong></span> <span class='ocrx_word' id='word_1_197' title='bbox 2143 1580 2370 1649; x_wconf 85' lang='lat' dir='ltr'><strong>praelati</strong></span> <span class='ocrx_word' id='word_1_198' title='bbox 2427 1581 2481 1634; x_wconf 93' lang='lat' dir='ltr'><strong>in</strong></span> <span class='ocrx_word' id='word_1_199' title='bbox 2531 1597 2720 1637; x_wconf 90' lang='lat' dir='ltr'><strong>eorum</strong></span> <span class='ocrx_word' id='word_1_200' title='bbox 2775 1583 3078 1651; x_wconf 89' lang='lat' dir='ltr'><strong>parrochiis</strong></span> <span class='ocrx_word' id='word_1_201' title='bbox 3125 1583 3429 1644; x_wconf 87' lang='lat' dir='ltr'><strong>constituti.</strong></span> 
     </span>
    </p>
   </div>
   <div class='ocr_carea' id='block_1_32' title="bbox 1849 1672 3438 1742">
    <p class='ocr_par' dir='ltr' id='par_1_32' title="bbox 1849 1672 3438 1742">
     <span class='ocr_line' id='line_1_32' title="bbox 1849 1672 3438 1742; baseline 0 -16"><span class='ocrx_word' id='word_1_202' title='bbox 1849 1684 2036 1726; x_wconf 89' lang='lat' dir='ltr'><strong>eorum</strong></span> <span class='ocrx_word' id='word_1_203' title='bbox 2058 1685 2222 1742; x_wconf 90' lang='lat' dir='ltr'><strong>prava</strong></span> <span class='ocrx_word' id='word_1_204' title='bbox 2248 1672 2490 1741; x_wconf 78' lang='lat' dir='ltr'><strong>exempla</strong></span> <span class='ocrx_word' id='word_1_205' title='bbox 2517 1673 2690 1727; x_wconf 89' lang='lat' dir='ltr'><strong>secuti</strong></span> <span class='ocrx_word' id='word_1_206' title='bbox 2713 1687 2839 1726; x_wconf 90' lang='lat' dir='ltr'><strong>suas</strong></span> <span class='ocrx_word' id='word_1_207' title='bbox 2873 1673 3125 1727; x_wconf 86' lang='lat' dir='ltr'><strong>similiter</strong></span> <span class='ocrx_word' id='word_1_208' title='bbox 3149 1687 3438 1742; x_wconf 79' lang='lat' dir='ltr'><strong>congrega-</strong></span> 
     </span>
    </p>
   </div>
   <div class='ocr_carea' id='block_1_33' title="bbox 177 1737 3437 1834">
    <p class='ocr_par' dir='ltr' id='par_1_33' title="bbox 177 1737 3437 1834">
     <span class='ocr_line' id='line_1_33' title="bbox 177 1737 3437 1834; baseline 0 -20"><span class='ocrx_word' id='word_1_209' title='bbox 177 1737 465 1832; x_wconf 72' lang='lat' dir='ltr'><strong>integritate</strong></span> <span class='ocrx_word' id='word_1_210' title='bbox 482 1737 539 1815; x_wconf 69' lang='lat' dir='ltr'><strong>in</strong></span> <span class='ocrx_word' id='word_1_211' title='bbox 563 1763 802 1816; x_wconf 73' lang='lat' dir='ltr'><strong>castitate</strong></span> <span class='ocrx_word' id='word_1_212' title='bbox 820 1769 876 1816; x_wconf 92' lang='lat' dir='ltr'><strong>et</strong></span> <span class='ocrx_word' id='word_1_213' title='bbox 904 1737 1132 1831; x_wconf 83' lang='lat' dir='ltr'><strong>reliqua.</strong></span> <span class='ocrx_word' id='word_1_214' title='bbox 1161 1763 1360 1818; x_wconf 88' lang='lat' dir='ltr'><strong>Beatus</strong></span> <span class='ocrx_word' id='word_1_215' title='bbox 1379 1779 1594 1834; x_wconf 90' lang='lat' dir='ltr'><strong>quoque</strong></span> <span class='ocrx_word' id='word_1_216' title='bbox 1613 1762 1750 1818; x_wconf 85' lang='lat' dir='ltr'><strong>Gre-</strong></span> <span class='ocrx_word' id='word_1_217' title='bbox 1782 1737 1828 1800; x_wconf 66' lang='lat' dir='ltr'><strong>B</strong></span> <span class='ocrx_word' id='word_1_218' title='bbox 1857 1761 2035 1814; x_wconf 89' lang='lat' dir='ltr'><strong>tiones</strong></span> <span class='ocrx_word' id='word_1_219' title='bbox 2053 1737 2423 1830; x_wconf 46' lang='lat' dir='ltr'><strong>neglexerint;—</strong></span> <span class='ocrx_word' id='word_1_220' title='bbox 2458 1775 2594 1829; x_wconf 90' lang='lat' dir='ltr'><strong>quos</strong></span> <span class='ocrx_word' id='word_1_221' title='bbox 2615 1769 2670 1814; x_wconf 91' lang='lat' dir='ltr'><strong>et</strong></span> <span class='ocrx_word' id='word_1_222' title='bbox 2691 1759 2933 1814; x_wconf 84' lang='lat' dir='ltr'><strong>fraterno</strong></span> <span class='ocrx_word' id='word_1_223' title='bbox 2967 1767 3022 1814; x_wconf 91' lang='lat' dir='ltr'><strong>et</strong></span> <span class='ocrx_word' id='word_1_224' title='bbox 3055 1737 3282 1815; x_wconf 81' lang='lat' dir='ltr'><strong>sinodali</strong></span> <span class='ocrx_word' id='word_1_225' title='bbox 3305 1737 3437 1816; x_wconf 71' lang='lat' dir='ltr'><strong>con-</strong></span> 
     </span>
    </p>
   </div>
   <div class='ocr_carea' id='block_1_34' title="bbox 177 1849 3436 1921">
    <p class='ocr_par' dir='ltr' id='par_1_34' title="bbox 177 1849 3436 1921">
     <span class='ocr_line' id='line_1_34' title="bbox 177 1849 3436 1921; baseline 0.002 -22"><span class='ocrx_word' id='word_1_226' title='bbox 177 1853 356 1921; x_wconf 76' lang='lat' dir='ltr'><strong>gorius</strong></span> <span class='ocrx_word' id='word_1_227' title='bbox 393 1853 450 1906; x_wconf 80' lang='lat' dir='ltr'><strong>in</strong></span> <span class='ocrx_word' id='word_1_228' title='bbox 479 1851 712 1908; x_wconf 72' lang='lat' dir='ltr'><strong>decretis</strong></span> <span class='ocrx_word' id='word_1_229' title='bbox 754 1855 868 1910; x_wconf 82' lang='lat' dir='ltr'><strong>suis</strong></span> <span class='ocrx_word' id='word_1_230' title='bbox 893 1854 968 1910; x_wconf 74' lang='lat' dir='ltr'><strong>ita</strong></span> <span class='ocrx_word' id='word_1_231' title='bbox 1011 1854 1088 1910; x_wconf 74' lang='lat' dir='ltr'><strong>ait</strong></span> <span class='ocrx_word' id='word_1_232' title='bbox 1127 1872 1144 1910; x_wconf 71' lang='grc' dir='ltr'>ς</span> <span class='ocrx_word' id='word_1_233' title='bbox 1189 1873 1210 1906; x_wconf 78' lang='grc' dir='ltr'>ι</span> <span class='ocrx_word' id='word_1_234' title='bbox 1239 1856 1588 1912; x_wconf 80' lang='lat' dir='ltr'><strong>verecundus</strong></span> <span class='ocrx_word' id='word_1_235' title='bbox 1635 1865 1770 1912; x_wconf 83' lang='lat' dir='ltr'><strong>mos&#39;</strong></span> <span class='ocrx_word' id='word_1_236' title='bbox 1852 1859 2016 1904; x_wconf 88' lang='lat' dir='ltr'><strong>ventu</strong></span> <span class='ocrx_word' id='word_1_237' title='bbox 2042 1849 2406 1904; x_wconf 87' lang='lat' dir='ltr'><strong>admonendos</strong></span> <span class='ocrx_word' id='word_1_238' title='bbox 2435 1865 2556 1905; x_wconf 90' lang='lat' dir='ltr'><strong>esse</strong></span> <span class='ocrx_word' id='word_1_239' title='bbox 2585 1849 2894 1906; x_wconf 89' lang='lat' dir='ltr'><strong>necessario</strong></span> <span class='ocrx_word' id='word_1_240' title='bbox 2929 1850 3203 1915; x_wconf 79' lang='lat' dir='ltr'><strong>duximus,</strong></span> <span class='ocrx_word' id='word_1_241' title='bbox 3231 1859 3292 1904; x_wconf 91' lang='lat' dir='ltr'><strong>ut</strong></span> <span class='ocrx_word' id='word_1_242' title='bbox 3331 1852 3436 1906; x_wconf 89' lang='lat' dir='ltr'><strong>hac</strong></span> 
     </span>
    </p>
   </div>
   <div class='ocr_carea' id='block_1_35' title="bbox 179 1941 1752 2014">
    <p class='ocr_par' dir='ltr' id='par_1_35' title="bbox 179 1941 1752 2014">
     <span class='ocr_line' id='line_1_35' title="bbox 179 1941 1752 2014; baseline 0.004 -18"><span class='ocrx_word' id='word_1_243' title='bbox 179 1941 416 2008; x_wconf 87' lang='lat' dir='ltr'><strong>inolevit,</strong></span> <span class='ocrx_word' id='word_1_244' title='bbox 435 1951 495 1998; x_wconf 92' lang='lat' dir='ltr'><strong>ut</strong></span> <span class='ocrx_word' id='word_1_245' title='bbox 517 1943 678 1998; x_wconf 83' lang='lat' dir='ltr'><strong>huius</strong></span> <span class='ocrx_word' id='word_1_246' title='bbox 698 1943 842 2000; x_wconf 87' lang='lat' dir='ltr'><strong>sedis</strong></span> <span class='ocrx_word' id='word_1_247' title='bbox 864 1945 1210 2014; x_wconf 86' lang='lat' dir='ltr'><strong>pontiﬁcibus</strong></span> <span class='ocrx_word' id='word_1_248' title='bbox 1254 1947 1320 2000; x_wconf 90' lang='lat' dir='ltr'><strong>ad</strong></span> <span class='ocrx_word' id='word_1_249' title='bbox 1346 1956 1554 2003; x_wconf 87' lang='lat' dir='ltr'><strong>secreta</strong></span> <span class='ocrx_word' id='word_1_250' title='bbox 1599 1949 1752 2004; x_wconf 81' lang='lat' dir='ltr'><strong>cubi-</strong></span> 
     </span>
    </p>
   </div>
   <div class='ocr_carea' id='block_1_36' title="bbox 175 2031 1750 2108">
    <p class='ocr_par' dir='ltr' id='par_1_36' title="bbox 175 2031 1750 2108">
     <span class='ocr_line' id='line_1_36' title="bbox 175 2031 1750 2108; baseline 0.005 -22"><span class='ocrx_word' id='word_1_251' title='bbox 175 2031 278 2086; x_wconf 86' lang='lat' dir='ltr'><strong>culi</strong></span> <span class='ocrx_word' id='word_1_252' title='bbox 313 2031 398 2086; x_wconf 89' lang='lat' dir='ltr'><strong>sui</strong></span> <span class='ocrx_word' id='word_1_253' title='bbox 439 2033 658 2088; x_wconf 87' lang='lat' dir='ltr'><strong>servitia</strong></span> <span class='ocrx_word' id='word_1_254' title='bbox 689 2033 810 2088; x_wconf 88' lang='lat' dir='ltr'><strong>laici</strong></span> <span class='ocrx_word' id='word_1_255' title='bbox 831 2036 988 2104; x_wconf 91' lang='lat' dir='ltr'><strong>pueri</strong></span> <span class='ocrx_word' id='word_1_256' title='bbox 1017 2036 1098 2091; x_wconf 90' lang='lat' dir='ltr'><strong>eis</strong></span> <span class='ocrx_word' id='word_1_257' title='bbox 1135 2036 1407 2092; x_wconf 88' lang='lat' dir='ltr'><strong>seculares</strong></span> <span class='ocrx_word' id='word_1_258' title='bbox 1441 2039 1750 2108; x_wconf 68' lang='lat' dir='ltr'><strong>obsequam-</strong></span> 
     </span>
    </p>
   </div>
   <div class='ocr_carea' id='block_1_37' title="bbox 175 2122 1750 2196">
    <p class='ocr_par' dir='ltr' id='par_1_37' title="bbox 175 2122 1750 2196">
     <span class='ocr_line' id='line_1_37' title="bbox 175 2122 1750 2196; baseline 0.006 -23"><span class='ocrx_word' id='word_1_259' title='bbox 175 2129 278 2184; x_wconf 86' lang='lat' dir='ltr'><strong>tur,</strong></span> <span class='ocrx_word' id='word_1_260' title='bbox 303 2127 356 2174; x_wconf 91' lang='lat' dir='ltr'><strong>et</strong></span> <span class='ocrx_word' id='word_1_261' title='bbox 379 2135 503 2175; x_wconf 88' lang='lat' dir='ltr'><strong>cum</strong></span> <span class='ocrx_word' id='word_1_262' title='bbox 525 2122 758 2190; x_wconf 89' lang='lat' dir='ltr'><strong>pastoris</strong></span> <span class='ocrx_word' id='word_1_263' title='bbox 785 2123 893 2177; x_wconf 89' lang='lat' dir='ltr'><strong>vita</strong></span> <span class='ocrx_word' id='word_1_264' title='bbox 921 2139 1042 2180; x_wconf 89' lang='lat' dir='ltr'><strong>esse</strong></span> <span class='ocrx_word' id='word_1_265' title='bbox 1083 2125 1358 2194; x_wconf 88' lang='lat' dir='ltr'><strong>discipulis</strong></span> <span class='ocrx_word' id='word_1_266' title='bbox 1401 2141 1612 2196; x_wconf 89' lang='lat' dir='ltr'><strong>semper</strong></span> <span class='ocrx_word' id='word_1_267' title='bbox 1655 2128 1750 2182; x_wconf 86' lang='lat' dir='ltr'><strong>de-</strong></span> 
     </span>
    </p>
   </div>
   <div class='ocr_carea' id='block_1_38' title="bbox 172 2210 1746 2286">
    <p class='ocr_par' dir='ltr' id='par_1_38' title="bbox 172 2210 1746 2286">
     <span class='ocr_line' id='line_1_38' title="bbox 172 2210 1746 2286; baseline 0.006 -22"><span class='ocrx_word' id='word_1_268' title='bbox 172 2210 292 2264; x_wconf 84' lang='lat' dir='ltr'><strong>beat</strong></span> <span class='ocrx_word' id='word_1_269' title='bbox 317 2211 371 2265; x_wconf 89' lang='lat' dir='ltr'><strong>in</strong></span> <span class='ocrx_word' id='word_1_270' title='bbox 395 2212 726 2282; x_wconf 81' lang='lat' dir='ltr'><strong>exemplum,</strong></span> <span class='ocrx_word' id='word_1_271' title='bbox 774 2213 1090 2284; x_wconf 87' lang='lat' dir='ltr'><strong>plerumque</strong></span> <span class='ocrx_word' id='word_1_272' title='bbox 1124 2215 1306 2272; x_wconf 88' lang='lat' dir='ltr'><strong>clerici</strong></span> <span class='ocrx_word' id='word_1_273' title='bbox 1353 2216 1528 2286; x_wconf 88' lang='lat' dir='ltr'><strong>qualis</strong></span> <span class='ocrx_word' id='word_1_274' title='bbox 1565 2218 1618 2271; x_wconf 90' lang='lat' dir='ltr'><strong>in</strong></span> <span class='ocrx_word' id='word_1_275' title='bbox 1658 2233 1746 2274; x_wconf 89' lang='lat' dir='ltr'><strong>se-</strong></span> 
     </span>
    </p>
   </div>
   <div class='ocr_carea' id='block_1_39' title="bbox 169 2302 1748 2372">
    <p class='ocr_par' dir='ltr' id='par_1_39' title="bbox 169 2302 1748 2372">
     <span class='ocr_line' id='line_1_39' title="bbox 169 2302 1748 2372; baseline 0.006 -17"><span class='ocrx_word' id='word_1_276' title='bbox 169 2311 318 2356; x_wconf 89' lang='lat' dir='ltr'><strong>creto</strong></span> <span class='ocrx_word' id='word_1_277' title='bbox 339 2302 414 2356; x_wconf 90' lang='lat' dir='ltr'><strong>sit</strong></span> <span class='ocrx_word' id='word_1_278' title='bbox 435 2303 546 2356; x_wconf 88' lang='lat' dir='ltr'><strong>vita</strong></span> <span class='ocrx_word' id='word_1_279' title='bbox 583 2303 854 2372; x_wconf 85' lang='lat' dir='ltr'><strong>pontiﬁcis</strong></span> <span class='ocrx_word' id='word_1_280' title='bbox 877 2306 963 2361; x_wconf 87' lang='lat' dir='ltr'><strong>sui</strong></span> <span class='ocrx_word' id='word_1_281' title='bbox 985 2307 1252 2372; x_wconf 87' lang='lat' dir='ltr'><strong>nesciunt,</strong></span> <span class='ocrx_word' id='word_1_282' title='bbox 1277 2316 1332 2362; x_wconf 91' lang='lat' dir='ltr'><strong>et</strong></span> <span class='ocrx_word' id='word_1_283' title='bbox 1357 2317 1416 2362; x_wconf 91' lang='lat' dir='ltr'><strong>ut</strong></span> <span class='ocrx_word' id='word_1_284' title='bbox 1441 2309 1644 2364; x_wconf 89' lang='lat' dir='ltr'><strong>dictum</strong></span> <span class='ocrx_word' id='word_1_285' title='bbox 1675 2311 1748 2364; x_wconf 86' lang='lat' dir='ltr'><strong>sit</strong></span> 
     </span>
    </p>
   </div>
   <div class='ocr_carea' id='block_1_40' title="bbox 167 2396 1746 2472">
    <p class='ocr_par' dir='ltr' id='par_1_40' title="bbox 167 2396 1746 2472">
     <span class='ocr_line' id='line_1_40' title="bbox 167 2396 1746 2472; baseline 0.004 -20"><span class='ocrx_word' id='word_1_286' title='bbox 167 2396 442 2452; x_wconf 85' lang='lat' dir='ltr'><strong>seculares</strong></span> <span class='ocrx_word' id='word_1_287' title='bbox 479 2398 632 2467; x_wconf 88' lang='lat' dir='ltr'><strong>pueri</strong></span> <span class='ocrx_word' id='word_1_288' title='bbox 655 2398 854 2454; x_wconf 87' lang='lat' dir='ltr'><strong>sciunt.</strong></span> <span class='ocrx_word' id='word_1_289' title='bbox 911 2397 990 2455; x_wconf 84' lang='lat' dir='ltr'><strong>De</strong></span> <span class='ocrx_word' id='word_1_290' title='bbox 1015 2416 1122 2470; x_wconf 89' lang='lat' dir='ltr'><strong>qua</strong></span> <span class='ocrx_word' id='word_1_291' title='bbox 1165 2417 1226 2456; x_wconf 89' lang='lat' dir='ltr'><strong>re</strong></span> <span class='ocrx_word' id='word_1_292' title='bbox 1263 2403 1502 2472; x_wconf 87' lang='lat' dir='ltr'><strong>presenti</strong></span> <span class='ocrx_word' id='word_1_293' title='bbox 1523 2403 1746 2458; x_wconf 90' lang='lat' dir='ltr'><strong>decreto</strong></span> 
     </span>
    </p>
   </div>
   <div class='ocr_carea' id='block_1_41' title="bbox 166 2489 1748 2560">
    <p class='ocr_par' dir='ltr' id='par_1_41' title="bbox 166 2489 1748 2560">
     <span class='ocr_line' id='line_1_41' title="bbox 166 2489 1748 2560; baseline 0.004 -16"><span class='ocrx_word' id='word_1_294' title='bbox 166 2489 441 2544; x_wconf 86' lang='lat' dir='ltr'><strong>constituo</strong></span> <span class='ocrx_word' id='word_1_295' title='bbox 464 2531 480 2554; x_wconf 90' lang='lat'><strong>,</strong></span> <span class='ocrx_word' id='word_1_296' title='bbox 519 2498 578 2544; x_wconf 91' lang='lat' dir='ltr'><strong>ut</strong></span> <span class='ocrx_word' id='word_1_297' title='bbox 616 2491 835 2560; x_wconf 87' lang='lat' dir='ltr'><strong>quidam</strong></span> <span class='ocrx_word' id='word_1_298' title='bbox 873 2507 939 2547; x_wconf 82' lang='lat' dir='ltr'><strong>ex</strong></span> <span class='ocrx_word' id='word_1_299' title='bbox 977 2492 1192 2548; x_wconf 83' lang='lat' dir='ltr'><strong>clericis</strong></span> <span class='ocrx_word' id='word_1_300' title='bbox 1215 2493 1296 2548; x_wconf 88' lang='lat' dir='ltr'><strong>vel</strong></span> <span class='ocrx_word' id='word_1_301' title='bbox 1319 2495 1482 2548; x_wconf 87' lang='lat' dir='ltr'><strong>etiam</strong></span> <span class='ocrx_word' id='word_1_302' title='bbox 1519 2510 1588 2550; x_wconf 83' lang='lat' dir='ltr'><strong>ex</strong></span> <span class='ocrx_word' id='word_1_303' title='bbox 1629 2510 1748 2550; x_wconf 83' lang='lat' dir='ltr'><strong>mo-</strong></span> 
     </span>
    </p>
   </div>
   <div class='ocr_carea' id='block_1_42' title="bbox 165 2580 1744 2654">
    <p class='ocr_par' dir='ltr' id='par_1_42' title="bbox 165 2580 1744 2654">
     <span class='ocr_line' id='line_1_42' title="bbox 165 2580 1744 2654; baseline 0.006 -21"><span class='ocrx_word' id='word_1_304' title='bbox 165 2580 351 2635; x_wconf 83' lang='lat' dir='ltr'><strong>nachis</strong></span> <span class='ocrx_word' id='word_1_305' title='bbox 377 2580 534 2635; x_wconf 87' lang='lat' dir='ltr'><strong>electi</strong></span> <span class='ocrx_word' id='word_1_306' title='bbox 571 2582 873 2638; x_wconf 90' lang='lat' dir='ltr'><strong>ministerio</strong></span> <span class='ocrx_word' id='word_1_307' title='bbox 933 2583 1166 2638; x_wconf 91' lang='lat' dir='ltr'><strong>cubiculi</strong></span> <span class='ocrx_word' id='word_1_308' title='bbox 1215 2583 1538 2654; x_wconf 91' lang='lat' dir='ltr'><strong>pontiﬁcalis</strong></span> <span class='ocrx_word' id='word_1_309' title='bbox 1581 2587 1744 2641; x_wconf 90' lang='lat' dir='ltr'><strong>obse-</strong></span> 
     </span>
    </p>
   </div>
   <div class='ocr_carea' id='block_1_43' title="bbox 165 2671 1742 2746">
    <p class='ocr_par' dir='ltr' id='par_1_43' title="bbox 165 2671 1742 2746">
     <span class='ocr_line' id='line_1_43' title="bbox 165 2671 1742 2746; baseline 0.006 -23"><span class='ocrx_word' id='word_1_310' title='bbox 165 2678 417 2740; x_wconf 87' lang='lat' dir='ltr'><strong>quantur,</strong></span> <span class='ocrx_word' id='word_1_311' title='bbox 443 2679 502 2724; x_wconf 89' lang='lat' dir='ltr'><strong>ut</strong></span> <span class='ocrx_word' id='word_1_312' title='bbox 524 2671 572 2726; x_wconf 91' lang='lat' dir='ltr'><strong>is</strong></span> <span class='ocrx_word' id='word_1_313' title='bbox 593 2671 760 2742; x_wconf 90' lang='lat' dir='ltr'><strong>quiin</strong></span> <span class='ocrx_word' id='word_1_314' title='bbox 783 2672 902 2728; x_wconf 92' lang='lat' dir='ltr'><strong>loco</strong></span> <span class='ocrx_word' id='word_1_315' title='bbox 925 2683 1009 2728; x_wconf 90' lang='lat' dir='ltr'><strong>est</strong></span> <span class='ocrx_word' id='word_1_316' title='bbox 1029 2675 1330 2746; x_wconf 76' lang='lat' dir='ltr'><strong>regiminis,</strong></span> <span class='ocrx_word' id='word_1_317' title='bbox 1354 2676 1548 2732; x_wconf 79' lang='lat' dir='ltr'><strong>habeat</strong></span> <span class='ocrx_word' id='word_1_318' title='bbox 1573 2685 1742 2732; x_wconf 86' lang='lat' dir='ltr'><strong>testes</strong></span> 
     </span>
    </p>
   </div>
   <div class='ocr_carea' id='block_1_44' title="bbox 165 2761 1740 2833">
    <p class='ocr_par' dir='ltr' id='par_1_44' title="bbox 165 2761 1740 2833">
     <span class='ocr_line' id='line_1_44' title="bbox 165 2761 1740 2833; baseline 0.006 -19"><span class='ocrx_word' id='word_1_319' title='bbox 165 2761 296 2816; x_wconf 86' lang='lat' dir='ltr'><strong>tales</strong></span> <span class='ocrx_word' id='word_1_320' title='bbox 319 2763 411 2830; x_wconf 91' lang='lat' dir='ltr'><strong>qui</strong></span> <span class='ocrx_word' id='word_1_321' title='bbox 439 2763 557 2818; x_wconf 87' lang='lat' dir='ltr'><strong>eius</strong></span> <span class='ocrx_word' id='word_1_322' title='bbox 595 2763 650 2818; x_wconf 91' lang='lat' dir='ltr'><strong>in</strong></span> <span class='ocrx_word' id='word_1_323' title='bbox 671 2773 880 2820; x_wconf 88' lang='lat' dir='ltr'><strong>secreto</strong></span> <span class='ocrx_word' id='word_1_324' title='bbox 903 2767 1312 2822; x_wconf 86' lang='lat' dir='ltr'><strong>conversionem</strong></span> <span class='ocrx_word' id='word_1_325' title='bbox 1337 2769 1570 2833; x_wconf 85' lang='lat' dir='ltr'><strong>videant,</strong></span> <span class='ocrx_word' id='word_1_326' title='bbox 1596 2776 1652 2824; x_wconf 88' lang='lat' dir='ltr'><strong>et</strong></span> <span class='ocrx_word' id='word_1_327' title='bbox 1673 2784 1740 2824; x_wconf 77' lang='lat' dir='ltr'><strong>ex</strong></span> 
     </span>
    </p>
   </div>
   <div class='ocr_carea' id='block_1_45' title="bbox 163 2853 1742 2926">
    <p class='ocr_par' dir='ltr' id='par_1_45' title="bbox 163 2853 1742 2926">
     <span class='ocr_line' id='line_1_45' title="bbox 163 2853 1742 2926; baseline 0.005 -19"><span class='ocrx_word' id='word_1_328' title='bbox 163 2853 370 2909; x_wconf 72' lang='lat' dir='ltr'><strong>visione</strong></span> <span class='ocrx_word' id='word_1_329' title='bbox 387 2854 572 2909; x_wconf 87' lang='lat' dir='ltr'><strong>sedula</strong></span> <span class='ocrx_word' id='word_1_330' title='bbox 596 2856 896 2924; x_wconf 82' lang='lat' dir='ltr'><strong>exemplum</strong></span> <span class='ocrx_word' id='word_1_331' title='bbox 918 2865 1206 2926; x_wconf 88' lang='lat' dir='ltr'><strong>provectus</strong></span> <span class='ocrx_word' id='word_1_332' title='bbox 1228 2859 1455 2914; x_wconf 87' lang='lat' dir='ltr'><strong>subeant</strong></span> <span class='ocrx_word' id='word_1_333' title='bbox 1477 2859 1518 2912; x_wconf 93' lang='grc'><strong>³.</strong></span> <span class='ocrx_word' id='word_1_334' title='bbox 1551 2879 1570 2912; x_wconf 74' lang='grc' dir='ltr'><strong><em>ι</em></strong></span> <span class='ocrx_word' id='word_1_335' title='bbox 1597 2859 1742 2915; x_wconf 86' lang='lat' dir='ltr'><strong>Haec</strong></span> 
     </span>
    </p>
   </div>
   <div class='ocr_carea' id='block_1_46' title="bbox 161 2943 1738 3018">
    <p class='ocr_par' dir='ltr' id='par_1_46' title="bbox 161 2943 1738 3018">
     <span class='ocr_line' id='line_1_46' title="bbox 161 2943 1738 3018; baseline 0.003 -20"><span class='ocrx_word' id='word_1_336' title='bbox 161 2945 326 3015; x_wconf 71' lang='lat' dir='ltr'><strong>igitur</strong></span> <span class='ocrx_word' id='word_1_337' title='bbox 349 2945 544 3000; x_wconf 88' lang='lat' dir='ltr'><strong>beatus</strong></span> <span class='ocrx_word' id='word_1_338' title='bbox 584 2943 876 3016; x_wconf 75' lang='lat' dir='ltr'><strong>Gregorius</strong></span> <span class='ocrx_word' id='word_1_339' title='bbox 920 2947 1230 3016; x_wconf 87' lang='lat' dir='ltr'><strong>scripserit;</strong></span> <span class='ocrx_word' id='word_1_340' title='bbox 1269 2955 1541 3005; x_wconf 91' lang='lat' dir='ltr'><strong>caeterum</strong></span> <span class='ocrx_word' id='word_1_341' title='bbox 1573 2949 1738 3018; x_wconf 89' lang='lat' dir='ltr'><strong>siqui</strong></span> 
     </span>
    </p>
   </div>
   <div class='ocr_carea' id='block_1_47' title="bbox 161 3033 1738 3106">
    <p class='ocr_par' dir='ltr' id='par_1_47' title="bbox 161 3033 1738 3106">
     <span class='ocr_line' id='line_1_47' title="bbox 161 3033 1738 3106; baseline 0.003 -17"><span class='ocrx_word' id='word_1_342' title='bbox 161 3033 224 3089; x_wconf 88' lang='lat' dir='ltr'><strong>de</strong></span> <span class='ocrx_word' id='word_1_343' title='bbox 239 3035 344 3090; x_wconf 91' lang='lat' dir='ltr'><strong>hac</strong></span> <span class='ocrx_word' id='word_1_344' title='bbox 367 3049 430 3089; x_wconf 90' lang='lat' dir='ltr'><strong>re</strong></span> <span class='ocrx_word' id='word_1_345' title='bbox 452 3033 752 3103; x_wconf 89' lang='lat' dir='ltr'><strong>copiosiora</strong></span> <span class='ocrx_word' id='word_1_346' title='bbox 772 3036 1016 3105; x_wconf 83' lang='lat' dir='ltr'><strong>exempla</strong></span> <span class='ocrx_word' id='word_1_347' title='bbox 1037 3051 1266 3106; x_wconf 88' lang='lat' dir='ltr'><strong>querere</strong></span> <span class='ocrx_word' id='word_1_348' title='bbox 1288 3037 1571 3102; x_wconf 88' lang='lat' dir='ltr'><strong>voluerint,</strong></span> <span class='ocrx_word' id='word_1_349' title='bbox 1599 3037 1738 3094; x_wconf 86' lang='lat' dir='ltr'><strong>vitas</strong></span> 
     </span>
    </p>
   </div>
   <div class='ocr_carea' id='block_1_48' title="bbox 161 3124 1738 3196">
    <p class='ocr_par' dir='ltr' id='par_1_48' title="bbox 161 3124 1738 3196">
     <span class='ocr_line' id='line_1_48' title="bbox 161 3124 1738 3196; baseline 0.003 -14"><span class='ocrx_word' id='word_1_350' title='bbox 161 3127 300 3182; x_wconf 88' lang='lat' dir='ltr'><strong>beati</strong></span> <span class='ocrx_word' id='word_1_351' title='bbox 337 3124 628 3196; x_wconf 73' lang='lat' dir='ltr'><strong>Augustini</strong></span> <span class='ocrx_word' id='word_1_352' title='bbox 653 3134 707 3182; x_wconf 91' lang='lat' dir='ltr'><strong>et</strong></span> <span class='ocrx_word' id='word_1_353' title='bbox 730 3126 1000 3184; x_wconf 79' lang='lat' dir='ltr'><strong>Ambrosii</strong></span> <span class='ocrx_word' id='word_1_354' title='bbox 1025 3136 1080 3184; x_wconf 89' lang='lat' dir='ltr'><strong>et</strong></span> <span class='ocrx_word' id='word_1_355' title='bbox 1102 3137 1405 3185; x_wconf 89' lang='lat' dir='ltr'><strong>ceterorum</strong></span> <span class='ocrx_word' id='word_1_356' title='bbox 1428 3139 1738 3186; x_wconf 88' lang='lat' dir='ltr'><strong>sanctorum</strong></span> 
     </span>
    </p>
   </div>
   <div class='ocr_carea' id='block_1_49' title="bbox 159 3216 1734 3289">
    <p class='ocr_par' dir='ltr' id='par_1_49' title="bbox 159 3216 1734 3289">
     <span class='ocr_line' id='line_1_49' title="bbox 159 3216 1734 3289; baseline 0.004 -21"><span class='ocrx_word' id='word_1_357' title='bbox 159 3217 496 3285; x_wconf 74' lang='lat' dir='ltr'><strong>aliorumque</strong></span> <span class='ocrx_word' id='word_1_358' title='bbox 515 3217 755 3271; x_wconf 85' lang='lat' dir='ltr'><strong>virorum</strong></span> <span class='ocrx_word' id='word_1_359' title='bbox 779 3216 988 3286; x_wconf 83' lang='lat' dir='ltr'><strong>legant,</strong></span> <span class='ocrx_word' id='word_1_360' title='bbox 1017 3227 1072 3274; x_wconf 89' lang='lat' dir='ltr'><strong>et</strong></span> <span class='ocrx_word' id='word_1_361' title='bbox 1112 3221 1394 3289; x_wconf 89' lang='lat' dir='ltr'><strong>perspicue</strong></span> <span class='ocrx_word' id='word_1_362' title='bbox 1441 3221 1734 3288; x_wconf 82' lang='lat' dir='ltr'><strong>invenient,</strong></span> 
     </span>
    </p>
   </div>
   <div class='ocr_carea' id='block_1_50' title="bbox 159 3306 1738 3380">
    <p class='ocr_par' dir='ltr' id='par_1_50' title="bbox 159 3306 1738 3380">
     <span class='ocr_line' id='line_1_50' title="bbox 159 3306 1738 3380; baseline 0.005 -20"><span class='ocrx_word' id='word_1_363' title='bbox 159 3307 300 3374; x_wconf 86' lang='lat' dir='ltr'><strong>quod</strong></span> <span class='ocrx_word' id='word_1_364' title='bbox 321 3306 437 3359; x_wconf 84' lang='lat' dir='ltr'><strong>vita</strong></span> <span class='ocrx_word' id='word_1_365' title='bbox 457 3313 512 3360; x_wconf 91' lang='lat' dir='ltr'><strong>et</strong></span> <span class='ocrx_word' id='word_1_366' title='bbox 537 3307 875 3362; x_wconf 86' lang='lat' dir='ltr'><strong>conversatio</strong></span> <span class='ocrx_word' id='word_1_367' title='bbox 897 3308 1166 3378; x_wconf 89' lang='lat' dir='ltr'><strong>pontiﬁcis</strong></span> <span class='ocrx_word' id='word_1_368' title='bbox 1198 3325 1410 3380; x_wconf 87' lang='lat' dir='ltr'><strong>semper</strong></span> <span class='ocrx_word' id='word_1_369' title='bbox 1437 3319 1606 3367; x_wconf 90' lang='lat' dir='ltr'><strong>testes</strong></span> <span class='ocrx_word' id='word_1_370' title='bbox 1631 3312 1738 3368; x_wconf 85' lang='lat' dir='ltr'><strong>vite</strong></span> 
     </span>
    </p>
   </div>
   <div class='ocr_carea' id='block_1_51' title="bbox 158 3397 914 3466">
    <p class='ocr_par' dir='ltr' id='par_1_51' title="bbox 158 3397 914 3466">
     <span class='ocr_line' id='line_1_51' title="bbox 158 3397 914 3466; baseline 0 -15"><span class='ocrx_word' id='word_1_371' title='bbox 158 3397 456 3466; x_wconf 87' lang='lat' dir='ltr'><strong>probabilis</strong></span> <span class='ocrx_word' id='word_1_372' title='bbox 475 3397 677 3452; x_wconf 89' lang='lat' dir='ltr'><strong>habere</strong></span> <span class='ocrx_word' id='word_1_373' title='bbox 702 3397 914 3453; x_wconf 85' lang='lat' dir='ltr'><strong>debeat.</strong></span> 
     </span>
    </p>
   </div>
   <div class='ocr_carea' id='block_1_52' title="bbox 230 3486 1778 3568">
    <p class='ocr_par' dir='ltr' id='par_1_52' title="bbox 230 3486 1778 3568">
     <span class='ocr_line' id='line_1_52' title="bbox 230 3486 1778 3568; baseline 0.004 -27"><span class='ocrx_word' id='word_1_374' title='bbox 230 3487 318 3542; x_wconf 77' lang='grc'><strong>12.</strong></span> <span class='ocrx_word' id='word_1_375' title='bbox 361 3486 434 3542; x_wconf 87' lang='lat' dir='ltr'><strong>Ut</strong></span> <span class='ocrx_word' id='word_1_376' title='bbox 465 3489 690 3559; x_wconf 77' lang='lat' dir='ltr'><strong>episcopi</strong></span> <span class='ocrx_word' id='word_1_377' title='bbox 723 3489 776 3543; x_wconf 85' lang='lat' dir='ltr'><strong>in</strong></span> <span class='ocrx_word' id='word_1_378' title='bbox 800 3489 951 3544; x_wconf 77' lang='lat' dir='ltr'><strong>rebus</strong></span> <span class='ocrx_word' id='word_1_379' title='bbox 973 3490 1218 3546; x_wconf 74' lang='lat' dir='ltr'><strong>ecclesiae</strong></span> <span class='ocrx_word' id='word_1_380' title='bbox 1261 3492 1400 3546; x_wconf 86' lang='lat' dir='ltr'><strong>circa</strong></span> <span class='ocrx_word' id='word_1_381' title='bbox 1423 3493 1738 3564; x_wconf 77' lang='lat' dir='ltr'><strong>propinquos</strong></span> <span class='ocrx_word' id='word_1_382' title='bbox 1767 3565 1778 3568; x_wconf 95' lang='lat'><em>_</em></span> 
     </span>
    </p>
   </div>
   <div class='ocr_carea' id='block_1_53' title="bbox 155 3577 1740 3649">
    <p class='ocr_par' dir='ltr' id='par_1_53' title="bbox 155 3577 1740 3649">
     <span class='ocr_line' id='line_1_53' title="bbox 155 3577 1740 3649; baseline 0.003 -19"><span class='ocrx_word' id='word_1_383' title='bbox 155 3593 279 3631; x_wconf 71' lang='lat' dir='ltr'><strong>suos</strong></span> <span class='ocrx_word' id='word_1_384' title='bbox 301 3577 653 3648; x_wconf 67' lang='lat' dir='ltr'><strong>expendendis</strong></span> <span class='ocrx_word' id='word_1_385' title='bbox 679 3578 1128 3649; x_wconf 75' lang='lat' dir='ltr'><strong>reprehensionem</strong></span> <span class='ocrx_word' id='word_1_386' title='bbox 1153 3591 1364 3636; x_wconf 76' lang='lat' dir='ltr'><strong>caveant</strong></span> <span class='ocrx_word' id='word_1_387' title='bbox 1391 3591 1440 3635; x_wconf 88' lang='lat' dir='ltr'><strong>et</strong></span> <span class='ocrx_word' id='word_1_388' title='bbox 1463 3581 1740 3635; x_wconf 68' lang='lat' dir='ltr'><strong>disci-ccio-</strong></span> 
     </span>
    </p>
   </div>
   <div class='ocr_carea' id='block_1_54' title="bbox 155 3667 1738 3741">
    <p class='ocr_par' dir='ltr' id='par_1_54' title="bbox 155 3667 1738 3741">
     <span class='ocr_line' id='line_1_54' title="bbox 155 3667 1738 3741; baseline 0.004 -21"><span class='ocrx_word' id='word_1_389' title='bbox 155 3667 240 3720; x_wconf 77' lang='lat' dir='ltr'><strong>nis</strong></span> <span class='ocrx_word' id='word_1_390' title='bbox 295 3667 511 3721; x_wconf 81' lang='lat' dir='ltr'><strong>modum</strong></span> <span class='ocrx_word' id='word_1_391' title='bbox 577 3677 798 3723; x_wconf 82' lang='lat' dir='ltr'><strong>teneant.</strong></span> <span class='ocrx_word' id='word_1_392' title='bbox 837 3667 1102 3736; x_wconf 86' lang='lat' dir='ltr'><strong>Quoniam</strong></span> <span class='ocrx_word' id='word_1_393' title='bbox 1161 3670 1312 3725; x_wconf 92' lang='lat' dir='ltr'><strong>multi</strong></span> <span class='ocrx_word' id='word_1_394' title='bbox 1363 3671 1738 3741; x_wconf 89' lang='lat' dir='ltr'><strong>episcoporum</strong></span> 
     </span>
    </p>
   </div>
   <div class='ocr_carea' id='block_1_55' title="bbox 153 3758 1740 3828">
    <p class='ocr_par' dir='ltr' id='par_1_55' title="bbox 153 3758 1740 3828">
     <span class='ocr_line' id='line_1_55' title="bbox 153 3758 1740 3828; baseline 0.005 -18"><span class='ocrx_word' id='word_1_395' title='bbox 153 3773 344 3812; x_wconf 89' lang='lat' dir='ltr'><strong>amore</strong></span> <span class='ocrx_word' id='word_1_396' title='bbox 361 3758 784 3828; x_wconf 87' lang='lat' dir='ltr'><strong>propinquorum</strong></span> <span class='ocrx_word' id='word_1_397' title='bbox 805 3775 1026 3815; x_wconf 90' lang='lat' dir='ltr'><strong>suorum</strong></span> <span class='ocrx_word' id='word_1_398' title='bbox 1051 3759 1118 3814; x_wconf 92' lang='lat' dir='ltr'><strong>de</strong></span> <span class='ocrx_word' id='word_1_399' title='bbox 1147 3761 1309 3816; x_wconf 88' lang='lat' dir='ltr'><strong>rebus</strong></span> <span class='ocrx_word' id='word_1_400' title='bbox 1333 3761 1434 3816; x_wconf 91' lang='lat' dir='ltr'><strong>sibi</strong></span> <span class='ocrx_word' id='word_1_401' title='bbox 1465 3777 1740 3819; x_wconf 90' lang='lat' dir='ltr'><strong>commen-</strong></span> 
     </span>
    </p>
   </div>
   <div class='ocr_carea' id='block_1_56' title="bbox 153 3847 1738 3920">
    <p class='ocr_par' dir='ltr' id='par_1_56' title="bbox 153 3847 1738 3920">
     <span class='ocr_line' id='line_1_56' title="bbox 153 3847 1738 3920; baseline 0.004 -19"><span class='ocrx_word' id='word_1_402' title='bbox 153 3847 299 3902; x_wconf 85' lang='lat' dir='ltr'><strong>datis</strong></span> <span class='ocrx_word' id='word_1_403' title='bbox 325 3863 426 3902; x_wconf 90' lang='lat' dir='ltr'><strong>suo</strong></span> <span class='ocrx_word' id='word_1_404' title='bbox 452 3857 546 3902; x_wconf 91' lang='lat' dir='ltr'><strong>aut</strong></span> <span class='ocrx_word' id='word_1_405' title='bbox 575 3848 812 3918; x_wconf 90' lang='lat' dir='ltr'><strong>quolibet</strong></span> <span class='ocrx_word' id='word_1_406' title='bbox 835 3849 1136 3904; x_wconf 90' lang='lat' dir='ltr'><strong>amicorum</strong></span> <span class='ocrx_word' id='word_1_407' title='bbox 1163 3851 1381 3906; x_wconf 90' lang='lat' dir='ltr'><strong>nomine</strong></span> <span class='ocrx_word' id='word_1_408' title='bbox 1409 3853 1630 3920; x_wconf 87' lang='lat' dir='ltr'><strong>praedia</strong></span> <span class='ocrx_word' id='word_1_409' title='bbox 1683 3863 1738 3908; x_wconf 91' lang='lat' dir='ltr'><strong>et</strong></span> 
     </span>
    </p>
   </div>
   <div class='ocr_carea' id='block_1_57' title="bbox 153 3941 1739 4011">
    <p class='ocr_par' dir='ltr' id='par_1_57' title="bbox 153 3941 1739 4011">
     <span class='ocr_line' id='line_1_57' title="bbox 153 3941 1739 4011; baseline 0.003 -17"><span class='ocrx_word' id='word_1_410' title='bbox 153 3941 430 4010; x_wconf 82' lang='lat' dir='ltr'><strong>mancipia</strong></span> <span class='ocrx_word' id='word_1_411' title='bbox 452 3948 639 3996; x_wconf 86' lang='lat' dir='ltr'><strong>emunt</strong></span> <span class='ocrx_word' id='word_1_412' title='bbox 655 3981 670 4006; x_wconf 95' lang='lat'><strong>,</strong></span> <span class='ocrx_word' id='word_1_413' title='bbox 698 3947 752 3995; x_wconf 90' lang='lat' dir='ltr'><strong>et</strong></span> <span class='ocrx_word' id='word_1_414' title='bbox 783 3949 842 3994; x_wconf 89' lang='lat' dir='ltr'><strong>ut</strong></span> <span class='ocrx_word' id='word_1_415' title='bbox 869 3941 924 3995; x_wconf 93' lang='lat' dir='ltr'><strong>in</strong></span> <span class='ocrx_word' id='word_1_416' title='bbox 951 3955 1173 3995; x_wconf 87' lang='lat' dir='ltr'><strong>suorum</strong></span> <span class='ocrx_word' id='word_1_417' title='bbox 1197 3941 1626 4011; x_wconf 89' lang='lat' dir='ltr'><strong>propinquorum</strong></span> <span class='ocrx_word' id='word_1_418' title='bbox 1653 3942 1739 3999; x_wconf 91' lang='lat' dir='ltr'><strong>ins</strong></span> 
     </span>
    </p>
   </div>
   <div class='ocr_carea' id='block_1_58' title="bbox 153 4029 1740 4096">
    <p class='ocr_par' dir='ltr' id='par_1_58' title="bbox 153 4029 1740 4096">
     <span class='ocr_line' id='line_1_58' title="bbox 153 4029 1740 4096; baseline 0.003 -12"><span class='ocrx_word' id='word_1_419' title='bbox 153 4029 316 4084; x_wconf 83' lang='lat' dir='ltr'><strong>cedat</strong></span> <span class='ocrx_word' id='word_1_420' title='bbox 354 4039 617 4096; x_wconf 87' lang='lat' dir='ltr'><strong>statuunt,</strong></span> <span class='ocrx_word' id='word_1_421' title='bbox 649 4039 703 4086; x_wconf 91' lang='lat' dir='ltr'><strong>et</strong></span> <span class='ocrx_word' id='word_1_422' title='bbox 728 4031 798 4086; x_wconf 93' lang='lat' dir='ltr'><strong>ob</strong></span> <span class='ocrx_word' id='word_1_423' title='bbox 822 4031 924 4086; x_wconf 89' lang='lat' dir='ltr'><strong>hoc</strong></span> <span class='ocrx_word' id='word_1_424' title='bbox 954 4039 1008 4086; x_wconf 92' lang='lat' dir='ltr'><strong>et</strong></span> <span class='ocrx_word' id='word_1_425' title='bbox 1043 4031 1162 4086; x_wconf 90' lang='lat' dir='ltr'><strong>iura</strong></span> <span class='ocrx_word' id='word_1_426' title='bbox 1203 4033 1574 4088; x_wconf 88' lang='lat' dir='ltr'><strong>ecclesiastica</strong></span> <span class='ocrx_word' id='word_1_427' title='bbox 1609 4049 1740 4089; x_wconf 89' lang='lat' dir='ltr'><strong>con-</strong></span> 
     </span>
    </p>
   </div>
   <div class='ocr_carea' id='block_1_59' title="bbox 151 4120 1738 4189">
    <p class='ocr_par' dir='ltr' id='par_1_59' title="bbox 151 4120 1738 4189">
     <span class='ocr_line' id='line_1_59' title="bbox 151 4120 1738 4189; baseline 0.006 -17"><span class='ocrx_word' id='word_1_428' title='bbox 151 4120 450 4188; x_wconf 85' lang='lat' dir='ltr'><strong>velluntur,</strong></span> <span class='ocrx_word' id='word_1_429' title='bbox 469 4129 524 4176; x_wconf 89' lang='lat' dir='ltr'><strong>et</strong></span> <span class='ocrx_word' id='word_1_430' title='bbox 548 4123 906 4178; x_wconf 88' lang='lat' dir='ltr'><strong>ministerium</strong></span> <span class='ocrx_word' id='word_1_431' title='bbox 929 4123 1260 4179; x_wconf 89' lang='lat' dir='ltr'><strong>sacerdotale</strong></span> <span class='ocrx_word' id='word_1_432' title='bbox 1281 4123 1542 4189; x_wconf 83' lang='lat' dir='ltr'><strong>fuscatur,</strong></span> <span class='ocrx_word' id='word_1_433' title='bbox 1573 4125 1738 4182; x_wconf 91' lang='lat' dir='ltr'><strong>immo</strong></span> 
     </span>
    </p>
   </div>
   <div class='ocr_carea' id='block_1_60' title="bbox 151 4213 1738 4288">
    <p class='ocr_par' dir='ltr' id='par_1_60' title="bbox 151 4213 1738 4288">
     <span class='ocr_line' id='line_1_60' title="bbox 151 4213 1738 4288; baseline 0.006 -22"><span class='ocrx_word' id='word_1_434' title='bbox 151 4227 187 4266; x_wconf 83' lang='lat' dir='ltr'><strong>a</strong></span> <span class='ocrx_word' id='word_1_435' title='bbox 209 4213 448 4269; x_wconf 85' lang='lat' dir='ltr'><strong>subditis</strong></span> <span class='ocrx_word' id='word_1_436' title='bbox 466 4214 764 4270; x_wconf 88' lang='lat' dir='ltr'><strong>detrahitur</strong></span> <span class='ocrx_word' id='word_1_437' title='bbox 784 4223 838 4270; x_wconf 90' lang='lat' dir='ltr'><strong>et</strong></span> <span class='ocrx_word' id='word_1_438' title='bbox 858 4217 1242 4284; x_wconf 89' lang='lat' dir='ltr'><strong>contemnitur,</strong></span> <span class='ocrx_word' id='word_1_439' title='bbox 1259 4217 1464 4288; x_wconf 91' lang='lat' dir='ltr'><strong>placuit</strong></span> <span class='ocrx_word' id='word_1_440' title='bbox 1486 4219 1738 4276; x_wconf 89' lang='lat' dir='ltr'><strong>omnibus</strong></span> 
     </span>
    </p>
   </div>
   <div class='ocr_carea' id='block_1_61' title="bbox 149 4303 1739 4382">
    <p class='ocr_par' dir='ltr' id='par_1_61' title="bbox 149 4303 1739 4382">
     <span class='ocr_line' id='line_1_61' title="bbox 149 4303 1739 4382; baseline 0.008 -26"><span class='ocrx_word' id='word_1_441' title='bbox 149 4311 218 4356; x_wconf 84' lang='lat' dir='ltr'><strong>ut</strong></span> <span class='ocrx_word' id='word_1_442' title='bbox 239 4303 494 4374; x_wconf 87' lang='lat' dir='ltr'><strong>deinceps</strong></span> <span class='ocrx_word' id='word_1_443' title='bbox 517 4305 622 4361; x_wconf 93' lang='lat' dir='ltr'><strong>hoc</strong></span> <span class='ocrx_word' id='word_1_444' title='bbox 660 4307 920 4362; x_wconf 86' lang='lat' dir='ltr'><strong>avaritiae</strong></span> <span class='ocrx_word' id='word_1_445' title='bbox 943 4323 1116 4378; x_wconf 77' lang='lat' dir='ltr'><strong>genus</strong></span> <span class='ocrx_word' id='word_1_446' title='bbox 1144 4318 1418 4377; x_wconf 86' lang='lat' dir='ltr'><strong>caveatur,</strong></span> <span class='ocrx_word' id='word_1_447' title='bbox 1463 4310 1739 4382; x_wconf 80' lang='lat' dir='ltr'><strong>ﬁxumque</strong></span> 
     </span>
    </p>
   </div>
   <div class='ocr_carea' id='block_1_62' title="bbox 1851 1939 3438 2010">
    <p class='ocr_par' dir='ltr' id='par_1_62' title="bbox 1851 1939 3438 2010">
     <span class='ocr_line' id='line_1_62' title="bbox 1851 1939 3438 2010; baseline 0.002 -16"><span class='ocrx_word' id='word_1_448' title='bbox 1851 1939 2188 2010; x_wconf 71' lang='lat' dir='ltr'><strong>neglegentia</strong></span> <span class='ocrx_word' id='word_1_449' title='bbox 2211 1941 2466 2010; x_wconf 88' lang='lat' dir='ltr'><strong>deinceps</strong></span> <span class='ocrx_word' id='word_1_450' title='bbox 2510 1956 2569 1996; x_wconf 89' lang='lat' dir='ltr'><strong>se</strong></span> <span class='ocrx_word' id='word_1_451' title='bbox 2613 1942 2902 1996; x_wconf 85' lang='lat' dir='ltr'><strong>cohibeant</strong></span> <span class='ocrx_word' id='word_1_452' title='bbox 2925 1983 2942 2008; x_wconf 90' lang='lat'><strong>,</strong></span> <span class='ocrx_word' id='word_1_453' title='bbox 2990 1950 3045 1996; x_wconf 92' lang='lat' dir='ltr'><strong>ct</strong></span> <span class='ocrx_word' id='word_1_454' title='bbox 3100 1942 3333 1997; x_wconf 90' lang='lat' dir='ltr'><strong>caeteris</strong></span> <span class='ocrx_word' id='word_1_455' title='bbox 3375 1957 3438 1996; x_wconf 88' lang='lat' dir='ltr'><strong>se</strong></span> 
     </span>
    </p>
   </div>
   <div class='ocr_carea' id='block_1_63' title="bbox 1851 2029 3429 2100">
    <p class='ocr_par' dir='ltr' id='par_1_63' title="bbox 1851 2029 3429 2100">
     <span class='ocr_line' id='line_1_63' title="bbox 1851 2029 3429 2100; baseline -0.001 -15"><span class='ocrx_word' id='word_1_456' title='bbox 1851 2030 2140 2085; x_wconf 86' lang='lat' dir='ltr'><strong>im.tabiles</strong></span> <span class='ocrx_word' id='word_1_457' title='bbox 2172 2031 2460 2100; x_wconf 89' lang='lat' dir='ltr'><strong>prebeant;</strong></span> <span class='ocrx_word' id='word_1_458' title='bbox 2499 2045 2570 2085; x_wconf 93' lang='lat' dir='ltr'><strong>ne</strong></span> <span class='ocrx_word' id='word_1_459' title='bbox 2596 2029 2738 2085; x_wconf 90' lang='lat' dir='ltr'><strong>forte</strong></span> <span class='ocrx_word' id='word_1_460' title='bbox 2761 2039 2985 2100; x_wconf 87' lang='lat' dir='ltr'><strong>propter</strong></span> <span class='ocrx_word' id='word_1_461' title='bbox 3011 2031 3224 2086; x_wconf 88' lang='lat' dir='ltr'><strong>illorum</strong></span> <span class='ocrx_word' id='word_1_462' title='bbox 3273 2031 3429 2086; x_wconf 83' lang='lat' dir='ltr'><strong>incu-</strong></span> 
     </span>
    </p>
   </div>
   <div class='ocr_carea' id='block_1_64' title="bbox 1849 2119 3452 2190">
    <p class='ocr_par' dir='ltr' id='par_1_64' title="bbox 1849 2119 3452 2190">
     <span class='ocr_line' id='line_1_64' title="bbox 1849 2119 3452 2190; baseline 0.001 -18"><span class='ocrx_word' id='word_1_463' title='bbox 1849 2119 1990 2172; x_wconf 85' lang='lat' dir='ltr'><strong>riam</strong></span> <span class='ocrx_word' id='word_1_464' title='bbox 2037 2127 2094 2173; x_wconf 91' lang='lat' dir='ltr'><strong>et</strong></span> <span class='ocrx_word' id='word_1_465' title='bbox 2137 2119 2352 2174; x_wconf 87' lang='lat' dir='ltr'><strong>divinae</strong></span> <span class='ocrx_word' id='word_1_466' title='bbox 2399 2119 2680 2174; x_wconf 89' lang='lat' dir='ltr'><strong>servitutis</strong></span> <span class='ocrx_word' id='word_1_467' title='bbox 2731 2127 3076 2190; x_wconf 79' lang='lat' dir='ltr'><strong>contemptus</strong></span> <span class='ocrx_word' id='word_1_468' title='bbox 3109 2129 3164 2174; x_wconf 89' lang='lat' dir='ltr'><strong>et</strong></span> <span class='ocrx_word' id='word_1_469' title='bbox 3189 2120 3452 2190; x_wconf 73' lang='lat' dir='ltr'><strong>pericula</strong></span> 
     </span>
    </p>
   </div>
   <div class='ocr_carea' id='block_1_65' title="bbox 1845 2209 3432 2277">
    <p class='ocr_par' dir='ltr' id='par_1_65' title="bbox 1845 2209 3432 2277">
     <span class='ocr_line' id='line_1_65' title="bbox 1845 2209 3432 2277; baseline 0.003 -15"><span class='ocrx_word' id='word_1_470' title='bbox 1845 2209 2166 2277; x_wconf 89' lang='lat' dir='ltr'><strong>proveniant</strong></span> <span class='ocrx_word' id='word_1_471' title='bbox 2191 2209 2516 2276; x_wconf 87' lang='lat' dir='ltr'><strong>animarum,</strong></span> <span class='ocrx_word' id='word_1_472' title='bbox 2539 2217 2595 2264; x_wconf 90' lang='lat' dir='ltr'><strong>et</strong></span> <span class='ocrx_word' id='word_1_473' title='bbox 2619 2209 2840 2265; x_wconf 88' lang='lat' dir='ltr'><strong>auribus</strong></span> <span class='ocrx_word' id='word_1_474' title='bbox 2854 2209 3204 2264; x_wconf 80' lang='lat' dir='ltr'><strong>excellentiae</strong></span> <span class='ocrx_word' id='word_1_475' title='bbox 3216 2219 3432 2266; x_wconf 86' lang='lat' dir='ltr'><strong>vestrae</strong></span> 
     </span>
    </p>
   </div>
   <div class='ocr_carea' id='block_1_66' title="bbox 1847 2297 3436 2370">
    <p class='ocr_par' dir='ltr' id='par_1_66' title="bbox 1847 2297 3436 2370">
     <span class='ocr_line' id='line_1_66' title="bbox 1847 2297 3436 2370; baseline 0.004 -20"><span class='ocrx_word' id='word_1_476' title='bbox 1847 2297 2090 2353; x_wconf 85' lang='lat' dir='ltr'><strong>molestia</strong></span> <span class='ocrx_word' id='word_1_477' title='bbox 2117 2299 2411 2370; x_wconf 83' lang='lat' dir='ltr'><strong>ingeratur,</strong></span> <span class='ocrx_word' id='word_1_478' title='bbox 2437 2307 2492 2354; x_wconf 91' lang='lat' dir='ltr'><strong>et</strong></span> <span class='ocrx_word' id='word_1_479' title='bbox 2511 2307 2732 2354; x_wconf 88' lang='lat' dir='ltr'><strong>nostrae</strong></span> <span class='ocrx_word' id='word_1_480' title='bbox 2755 2301 3146 2356; x_wconf 88' lang='lat' dir='ltr'><strong>mediocritatis</strong></span> <span class='ocrx_word' id='word_1_481' title='bbox 3169 2301 3224 2356; x_wconf 90' lang='lat' dir='ltr'><strong>in</strong></span> <span class='ocrx_word' id='word_1_482' title='bbox 3259 2303 3436 2358; x_wconf 87' lang='lat' dir='ltr'><strong>sacris</strong></span> 
     </span>
    </p>
   </div>
   <div class='ocr_carea' id='block_1_67' title="bbox 1845 2388 3206 2460">
    <p class='ocr_par' dir='ltr' id='par_1_67' title="bbox 1845 2388 3206 2460">
     <span class='ocr_line' id='line_1_67' title="bbox 1845 2388 3206 2460; baseline -0.001 -17"><span class='ocrx_word' id='word_1_483' title='bbox 1845 2390 2198 2444; x_wconf 86' lang='lat' dir='ltr'><strong>conventibus</strong></span> <span class='ocrx_word' id='word_1_484' title='bbox 2221 2390 2452 2444; x_wconf 88' lang='lat' dir='ltr'><strong>taedium</strong></span> <span class='ocrx_word' id='word_1_485' title='bbox 2475 2399 2529 2444; x_wconf 91' lang='lat' dir='ltr'><strong>et</strong></span> <span class='ocrx_word' id='word_1_486' title='bbox 2550 2390 2901 2460; x_wconf 90' lang='lat' dir='ltr'><strong>obprobrium</strong></span> <span class='ocrx_word' id='word_1_487' title='bbox 2925 2388 3206 2444; x_wconf 78' lang='lat' dir='ltr'><strong>inferatur.</strong></span> 
     </span>
    </p>
   </div>
   <div class='ocr_carea' id='block_1_68' title="bbox 1917 2481 3434 2552">
    <p class='ocr_par' dir='ltr' id='par_1_68' title="bbox 1917 2481 3434 2552">
     <span class='ocr_line' id='line_1_68' title="bbox 1917 2481 3434 2552; baseline 0.001 -16"><span class='ocrx_word' id='word_1_488' title='bbox 1917 2481 2004 2536; x_wconf 75' lang='grc'><strong>14.</strong></span> <span class='ocrx_word' id='word_1_489' title='bbox 2045 2482 2418 2552; x_wconf 85' lang='lat' dir='ltr'><strong>Comperimus</strong></span> <span class='ocrx_word' id='word_1_490' title='bbox 2443 2483 2472 2523; x_wconf 71' lang='grc' dir='ltr'><strong>ιι</strong></span> <span class='ocrx_word' id='word_1_491' title='bbox 2509 2483 2692 2546; x_wconf 89' lang='lat' dir='ltr'><strong>etiam,</strong></span> <span class='ocrx_word' id='word_1_492' title='bbox 2721 2483 2982 2552; x_wconf 88' lang='lat' dir='ltr'><strong>quosdam</strong></span> <span class='ocrx_word' id='word_1_493' title='bbox 3013 2482 3182 2537; x_wconf 88' lang='lat' dir='ltr'><strong>sotios</strong></span> <span class='ocrx_word' id='word_1_494' title='bbox 3227 2482 3434 2538; x_wconf 86' lang='lat' dir='ltr'><strong>ordinis</strong></span> 
     </span>
    </p>
   </div>
   <div class='ocr_carea' id='block_1_69' title="bbox 1843 2571 3436 2641">
    <p class='ocr_par' dir='ltr' id='par_1_69' title="bbox 1843 2571 3436 2641">
     <span class='ocr_line' id='line_1_69' title="bbox 1843 2571 3436 2641; baseline -0.001 -14"><span class='ocrx_word' id='word_1_495' title='bbox 1843 2571 2037 2636; x_wconf 91' lang='lat' dir='ltr'><strong>nostri,</strong></span> <span class='ocrx_word' id='word_1_496' title='bbox 2073 2588 2179 2626; x_wconf 90' lang='lat' dir='ltr'><strong>non</strong></span> <span class='ocrx_word' id='word_1_497' title='bbox 2219 2588 2381 2628; x_wconf 88' lang='lat' dir='ltr'><strong>causa</strong></span> <span class='ocrx_word' id='word_1_498' title='bbox 2417 2572 2759 2626; x_wconf 89' lang='lat' dir='ltr'><strong>necessitatis</strong></span> <span class='ocrx_word' id='word_1_499' title='bbox 2792 2582 2885 2626; x_wconf 89' lang='lat' dir='ltr'><strong>aut</strong></span> <span class='ocrx_word' id='word_1_500' title='bbox 2919 2571 3170 2626; x_wconf 89' lang='lat' dir='ltr'><strong>utilitatis</strong></span> <span class='ocrx_word' id='word_1_501' title='bbox 3205 2571 3300 2626; x_wconf 86' lang='lat' dir='ltr'><strong>sed</strong></span> <span class='ocrx_word' id='word_1_502' title='bbox 3336 2587 3436 2641; x_wconf 89' lang='lat' dir='ltr'><strong>po-</strong></span> 
     </span>
    </p>
   </div>
   <div class='ocr_carea' id='block_1_70' title="bbox 1843 2662 3434 2732">
    <p class='ocr_par' dir='ltr' id='par_1_70' title="bbox 1843 2662 3434 2732">
     <span class='ocr_line' id='line_1_70' title="bbox 1843 2662 3434 2732; baseline -0.001 -15"><span class='ocrx_word' id='word_1_503' title='bbox 1843 2663 1954 2718; x_wconf 90' lang='lat' dir='ltr'><strong>tius</strong></span> <span class='ocrx_word' id='word_1_504' title='bbox 1977 2663 2252 2727; x_wconf 87' lang='lat' dir='ltr'><strong>avaritiae,</strong></span> <span class='ocrx_word' id='word_1_505' title='bbox 2279 2663 2672 2726; x_wconf 86' lang='lat' dir='ltr'><strong>delectationis,</strong></span> <span class='ocrx_word' id='word_1_506' title='bbox 2701 2663 2983 2732; x_wconf 84' lang='lat' dir='ltr'><strong>sepissime</strong></span> <span class='ocrx_word' id='word_1_507' title='bbox 3005 2663 3224 2732; x_wconf 90' lang='lat' dir='ltr'><strong>propria</strong></span> <span class='ocrx_word' id='word_1_508' title='bbox 3248 2662 3434 2716; x_wconf 85' lang='lat' dir='ltr'><strong>civita-</strong></span> 
     </span>
    </p>
   </div>
   <div class='ocr_carea' id='block_1_71' title="bbox 1843 2751 3429 2824">
    <p class='ocr_par' dir='ltr' id='par_1_71' title="bbox 1843 2751 3429 2824">
     <span class='ocr_line' id='line_1_71' title="bbox 1843 2751 3429 2824; baseline 0.001 -17"><span class='ocrx_word' id='word_1_509' title='bbox 1843 2753 1914 2808; x_wconf 89' lang='lat' dir='ltr'><strong>tis</strong></span> <span class='ocrx_word' id='word_1_510' title='bbox 1935 2769 2064 2808; x_wconf 89' lang='lat' dir='ltr'><strong>suae</strong></span> <span class='ocrx_word' id='word_1_511' title='bbox 2085 2753 2213 2809; x_wconf 92' lang='lat' dir='ltr'><strong>sede</strong></span> <span class='ocrx_word' id='word_1_512' title='bbox 2229 2753 2416 2808; x_wconf 89' lang='lat' dir='ltr'><strong>relicta</strong></span> <span class='ocrx_word' id='word_1_513' title='bbox 2441 2753 2693 2823; x_wconf 90' lang='lat' dir='ltr'><strong>cleroque</strong></span> <span class='ocrx_word' id='word_1_514' title='bbox 2715 2754 2966 2824; x_wconf 84' lang='lat' dir='ltr'><strong>neglecto</strong></span> <span class='ocrx_word' id='word_1_515' title='bbox 2993 2753 3284 2808; x_wconf 86' lang='lat' dir='ltr'><strong>remotiora</strong></span> <span class='ocrx_word' id='word_1_516' title='bbox 3313 2751 3429 2808; x_wconf 85' lang='lat' dir='ltr'><strong>loca</strong></span> 
     </span>
    </p>
   </div>
   <div class='ocr_carea' id='block_1_72' title="bbox 1843 2845 3434 2915">
    <p class='ocr_par' dir='ltr' id='par_1_72' title="bbox 1843 2845 3434 2915">
     <span class='ocr_line' id='line_1_72' title="bbox 1843 2845 3434 2915; baseline -0.001 -15"><span class='ocrx_word' id='word_1_517' title='bbox 1843 2846 2208 2915; x_wconf 87' lang='lat' dir='ltr'><strong>frequentare.</strong></span> <span class='ocrx_word' id='word_1_518' title='bbox 2235 2846 2314 2900; x_wconf 91' lang='lat' dir='ltr'><strong>De</strong></span> <span class='ocrx_word' id='word_1_519' title='bbox 2339 2861 2443 2915; x_wconf 91' lang='lat' dir='ltr'><strong>qua</strong></span> <span class='ocrx_word' id='word_1_520' title='bbox 2473 2862 2531 2900; x_wconf 90' lang='lat' dir='ltr'><strong>re</strong></span> <span class='ocrx_word' id='word_1_521' title='bbox 2555 2854 2609 2900; x_wconf 87' lang='lat' dir='ltr'><strong>et</strong></span> <span class='ocrx_word' id='word_1_522' title='bbox 2637 2846 2921 2900; x_wconf 91' lang='lat' dir='ltr'><strong>dcstitutio</strong></span> <span class='ocrx_word' id='word_1_523' title='bbox 2963 2845 3129 2900; x_wconf 88' lang='lat' dir='ltr'><strong>divini</strong></span> <span class='ocrx_word' id='word_1_524' title='bbox 3163 2845 3343 2900; x_wconf 92' lang='lat' dir='ltr'><strong>cultus</strong></span> <span class='ocrx_word' id='word_1_525' title='bbox 3377 2853 3434 2900; x_wconf 89' lang='lat' dir='ltr'><strong>et</strong></span> 
     </span>
    </p>
   </div>
   <div class='ocr_carea' id='block_1_73' title="bbox 1839 2933 3434 3004">
    <p class='ocr_par' dir='ltr' id='par_1_73' title="bbox 1839 2933 3434 3004">
     <span class='ocr_line' id='line_1_73' title="bbox 1839 2933 3434 3004; baseline -0.004 -13"><span class='ocrx_word' id='word_1_526' title='bbox 1839 2935 2136 3003; x_wconf 88' lang='lat' dir='ltr'><strong>prcdicatio</strong></span> <span class='ocrx_word' id='word_1_527' title='bbox 2167 2935 2221 2988; x_wconf 91' lang='lat' dir='ltr'><strong>in</strong></span> <span class='ocrx_word' id='word_1_528' title='bbox 2246 2935 2494 3004; x_wconf 91' lang='lat' dir='ltr'><strong>plebibus</strong></span> <span class='ocrx_word' id='word_1_529' title='bbox 2514 2943 2570 2989; x_wconf 88' lang='lat' dir='ltr'><strong>et</strong></span> <span class='ocrx_word' id='word_1_530' title='bbox 2594 2951 2724 2989; x_wconf 90' lang='lat' dir='ltr'><strong>cura</strong></span> <span class='ocrx_word' id='word_1_531' title='bbox 2759 2935 3126 2990; x_wconf 87' lang='lat' dir='ltr'><strong>subiectorum</strong></span> <span class='ocrx_word' id='word_1_532' title='bbox 3157 2933 3434 3002; x_wconf 89' lang='lat' dir='ltr'><strong>postponi-</strong></span> 
     </span>
    </p>
   </div>
   <div class='ocr_carea' id='block_1_74' title="bbox 1843 3022 3431 3094">
    <p class='ocr_par' dir='ltr' id='par_1_74' title="bbox 1843 3022 3431 3094">
     <span class='ocr_line' id='line_1_74' title="bbox 1843 3022 3431 3094; baseline -0.002 -16"><span class='ocrx_word' id='word_1_533' title='bbox 1843 3033 1949 3090; x_wconf 89' lang='lat' dir='ltr'><strong>tur,</strong></span> <span class='ocrx_word' id='word_1_534' title='bbox 1977 3032 2032 3078; x_wconf 90' lang='lat' dir='ltr'><strong>et</strong></span> <span class='ocrx_word' id='word_1_535' title='bbox 2070 3023 2412 3092; x_wconf 84' lang='lat' dir='ltr'><strong>hospitalitas</strong></span> <span class='ocrx_word' id='word_1_536' title='bbox 2451 3023 2773 3093; x_wconf 82' lang='lat' dir='ltr'><strong>neglegitur,</strong></span> <span class='ocrx_word' id='word_1_537' title='bbox 2828 3025 2973 3094; x_wconf 91' lang='lat' dir='ltr'><strong>quod</strong></span> <span class='ocrx_word' id='word_1_538' title='bbox 3017 3037 3086 3078; x_wconf 91' lang='lat' dir='ltr'><strong>ne</strong></span> <span class='ocrx_word' id='word_1_539' title='bbox 3129 3022 3360 3077; x_wconf 81' lang='lat' dir='ltr'><strong>ulterius</strong></span> <span class='ocrx_word' id='word_1_540' title='bbox 3398 3037 3431 3076; x_wconf 90' lang='lat' dir='ltr'><strong>a</strong></span> 
     </span>
    </p>
   </div>
   <div class='ocr_carea' id='block_1_75' title="bbox 1767 3094 3434 3185">
    <p class='ocr_par' dir='ltr' id='par_1_75' title="bbox 1767 3094 3434 3185">
     <span class='ocr_line' id='line_1_75' title="bbox 1767 3094 3434 3185; baseline 0.001 -17"><span class='ocrx_word' id='word_1_541' title='bbox 1767 3094 1814 3152; x_wconf 60' lang='grc' dir='ltr'><strong>(ἶ</strong></span> <span class='ocrx_word' id='word_1_542' title='bbox 1843 3130 2114 3185; x_wconf 88' lang='lat' dir='ltr'><strong>quoquam</strong></span> <span class='ocrx_word' id='word_1_543' title='bbox 2135 3115 2252 3170; x_wconf 92' lang='lat' dir='ltr'><strong>sine</strong></span> <span class='ocrx_word' id='word_1_544' title='bbox 2277 3114 2572 3170; x_wconf 86' lang='lat' dir='ltr'><strong>inevitabili</strong></span> <span class='ocrx_word' id='word_1_545' title='bbox 2597 3116 2922 3171; x_wconf 88' lang='lat' dir='ltr'><strong>necessitate</strong></span> <span class='ocrx_word' id='word_1_546' title='bbox 2943 3124 2998 3170; x_wconf 91' lang='lat' dir='ltr'><strong>et</strong></span> <span class='ocrx_word' id='word_1_547' title='bbox 3019 3121 3168 3172; x_wconf 89' lang='lat' dir='ltr'><strong>certa</strong></span> <span class='ocrx_word' id='word_1_548' title='bbox 3195 3113 3434 3170; x_wconf 87' lang='lat' dir='ltr'><strong>utilitate</strong></span> 
     </span>
    </p>
   </div>
   <div class='ocr_carea' id='block_1_76' title="bbox 1840 3203 2772 3274">
    <p class='ocr_par' dir='ltr' id='par_1_76' title="bbox 1840 3203 2772 3274">
     <span class='ocr_line' id='line_1_76' title="bbox 1840 3203 2772 3274; baseline 0.002 -17"><span class='ocrx_word' id='word_1_549' title='bbox 1840 3203 1951 3266; x_wconf 89' lang='lat' dir='ltr'><strong>ﬁat,</strong></span> <span class='ocrx_word' id='word_1_550' title='bbox 1981 3204 2100 3274; x_wconf 89' lang='lat' dir='ltr'><strong>pari</strong></span> <span class='ocrx_word' id='word_1_551' title='bbox 2126 3219 2394 3259; x_wconf 89' lang='lat' dir='ltr'><strong>consensu</strong></span> <span class='ocrx_word' id='word_1_552' title='bbox 2416 3204 2772 3261; x_wconf 90' lang='lat' dir='ltr'><strong>inhibuimus.</strong></span> 
     </span>
    </p>
   </div>
   <div class='ocr_carea' id='block_1_77' title="bbox 1911 3295 3431 3362">
    <p class='ocr_par' dir='ltr' id='par_1_77' title="bbox 1911 3295 3431 3362">
     <span class='ocr_line' id='line_1_77' title="bbox 1911 3295 3431 3362; baseline 0.001 -12"><span class='ocrx_word' id='word_1_553' title='bbox 1911 3295 1998 3350; x_wconf 87' lang='grc'><strong>15.</strong></span> <span class='ocrx_word' id='word_1_554' title='bbox 2035 3297 2112 3352; x_wconf 91' lang='lat' dir='ltr'><strong>De</strong></span> <span class='ocrx_word' id='word_1_555' title='bbox 2149 3307 2172 3335; x_wconf 74' lang='grc' dir='ltr'><strong>ο</strong></span> <span class='ocrx_word' id='word_1_556' title='bbox 2204 3296 2418 3352; x_wconf 90' lang='lat' dir='ltr'><strong>clericis</strong></span> <span class='ocrx_word' id='word_1_557' title='bbox 2461 3311 2590 3352; x_wconf 86' lang='lat' dir='ltr'><strong>vero</strong></span> <span class='ocrx_word' id='word_1_558' title='bbox 2646 3297 2906 3353; x_wconf 78' lang='lat' dir='ltr'><strong>laicOrum</strong></span> <span class='ocrx_word' id='word_1_559' title='bbox 2925 3338 2940 3362; x_wconf 93' lang='lat'><strong>,</strong></span> <span class='ocrx_word' id='word_1_560' title='bbox 2981 3297 3124 3352; x_wconf 91' lang='lat' dir='ltr'><strong>unde</strong></span> <span class='ocrx_word' id='word_1_561' title='bbox 3185 3295 3431 3352; x_wconf 86' lang='lat' dir='ltr'><strong>nonnulli</strong></span> 
     </span>
    </p>
   </div>
   <div class='ocr_carea' id='block_1_78' title="bbox 1837 3388 3430 3460">
    <p class='ocr_par' dir='ltr' id='par_1_78' title="bbox 1837 3388 3430 3460">
     <span class='ocr_line' id='line_1_78' title="bbox 1837 3388 3430 3460; baseline -0.001 -16"><span class='ocrx_word' id='word_1_562' title='bbox 1837 3403 2026 3444; x_wconf 88' lang='lat' dir='ltr'><strong>eorum</strong></span> <span class='ocrx_word' id='word_1_563' title='bbox 2050 3389 2310 3459; x_wconf 87' lang='lat' dir='ltr'><strong>conqueri</strong></span> <span class='ocrx_word' id='word_1_564' title='bbox 2341 3389 2611 3454; x_wconf 89' lang='lat' dir='ltr'><strong>videntur,</strong></span> <span class='ocrx_word' id='word_1_565' title='bbox 2652 3405 2717 3445; x_wconf 90' lang='lat' dir='ltr'><strong>eo</strong></span> <span class='ocrx_word' id='word_1_566' title='bbox 2747 3390 2890 3460; x_wconf 90' lang='lat' dir='ltr'><strong>quod</strong></span> <span class='ocrx_word' id='word_1_567' title='bbox 2929 3389 3148 3460; x_wconf 89' lang='lat' dir='ltr'><strong>quidam</strong></span> <span class='ocrx_word' id='word_1_568' title='bbox 3191 3388 3430 3460; x_wconf 88' lang='lat' dir='ltr'><strong>episcopi</strong></span> 
     </span>
    </p>
   </div>
   <div class='ocr_carea' id='block_1_79' title="bbox 1838 3479 3426 3551">
    <p class='ocr_par' dir='ltr' id='par_1_79' title="bbox 1838 3479 3426 3551">
     <span class='ocr_line' id='line_1_79' title="bbox 1838 3479 3426 3551; baseline -0.002 -15"><span class='ocrx_word' id='word_1_569' title='bbox 1838 3481 1906 3536; x_wconf 91' lang='lat' dir='ltr'><strong>ad</strong></span> <span class='ocrx_word' id='word_1_570' title='bbox 1932 3497 2119 3538; x_wconf 89' lang='lat' dir='ltr'><strong>eorum</strong></span> <span class='ocrx_word' id='word_1_571' title='bbox 2139 3497 2330 3551; x_wconf 89' lang='lat' dir='ltr'><strong>preces</strong></span> <span class='ocrx_word' id='word_1_572' title='bbox 2355 3481 2528 3536; x_wconf 90' lang='lat' dir='ltr'><strong>nolint</strong></span> <span class='ocrx_word' id='word_1_573' title='bbox 2551 3481 2606 3535; x_wconf 91' lang='lat' dir='ltr'><strong>in</strong></span> <span class='ocrx_word' id='word_1_574' title='bbox 2629 3481 2878 3536; x_wconf 88' lang='lat' dir='ltr'><strong>ecclesiis</strong></span> <span class='ocrx_word' id='word_1_575' title='bbox 2901 3480 3016 3536; x_wconf 85' lang='lat' dir='ltr'><strong>suis</strong></span> <span class='ocrx_word' id='word_1_576' title='bbox 3045 3495 3140 3536; x_wconf 91' lang='lat' dir='ltr'><strong>eos</strong></span> <span class='ocrx_word' id='word_1_577' title='bbox 3165 3495 3292 3535; x_wconf 92' lang='lat' dir='ltr'><strong>cum</strong></span> <span class='ocrx_word' id='word_1_578' title='bbox 3316 3479 3426 3534; x_wconf 92' lang='lat' dir='ltr'><strong>uti-</strong></span> 
     </span>
    </p>
   </div>
   <div class='ocr_carea' id='block_1_80' title="bbox 1837 3571 3425 3642">
    <p class='ocr_par' dir='ltr' id='par_1_80' title="bbox 1837 3571 3425 3642">
     <span class='ocr_line' id='line_1_80' title="bbox 1837 3571 3425 3642; baseline -0.001 -13"><span class='ocrx_word' id='word_1_579' title='bbox 1837 3573 1918 3629; x_wconf 92' lang='lat' dir='ltr'><strong>les</strong></span> <span class='ocrx_word' id='word_1_580' title='bbox 1963 3574 2072 3629; x_wconf 88' lang='lat' dir='ltr'><strong>sint</strong></span> <span class='ocrx_word' id='word_1_581' title='bbox 2121 3574 2394 3639; x_wconf 88' lang='lat' dir='ltr'><strong>ordinare,</strong></span> <span class='ocrx_word' id='word_1_582' title='bbox 2423 3575 2601 3629; x_wconf 90' lang='lat' dir='ltr'><strong>visum</strong></span> <span class='ocrx_word' id='word_1_583' title='bbox 2643 3573 2798 3628; x_wconf 91' lang='lat' dir='ltr'><strong>nobis</strong></span> <span class='ocrx_word' id='word_1_584' title='bbox 2843 3572 2965 3638; x_wconf 91' lang='lat' dir='ltr'><strong>fuit,</strong></span> <span class='ocrx_word' id='word_1_585' title='bbox 3002 3583 3062 3629; x_wconf 91' lang='lat' dir='ltr'><strong>ut</strong></span> <span class='ocrx_word' id='word_1_586' title='bbox 3097 3573 3152 3627; x_wconf 91' lang='lat' dir='ltr'><strong>in</strong></span> <span class='ocrx_word' id='word_1_587' title='bbox 3178 3571 3425 3642; x_wconf 88' lang='lat' dir='ltr'><strong>utrisque</strong></span> 
     </span>
    </p>
   </div>
   <div class='ocr_carea' id='block_1_81' title="bbox 1835 3669 3430 3739">
    <p class='ocr_par' dir='ltr' id='par_1_81' title="bbox 1835 3669 3430 3739">
     <span class='ocr_line' id='line_1_81' title="bbox 1835 3669 3430 3739; baseline 0 -17"><span class='ocrx_word' id='word_1_588' title='bbox 1835 3669 2084 3739; x_wconf 87' lang='lat' dir='ltr'><strong>partibus</strong></span> <span class='ocrx_word' id='word_1_589' title='bbox 2115 3684 2223 3738; x_wconf 84' lang='lat' dir='ltr'><strong>pax</strong></span> <span class='ocrx_word' id='word_1_590' title='bbox 2247 3677 2303 3724; x_wconf 91' lang='lat' dir='ltr'><strong>et</strong></span> <span class='ocrx_word' id='word_1_591' title='bbox 2325 3669 2611 3724; x_wconf 86' lang='lat' dir='ltr'><strong>concordia</strong></span> <span class='ocrx_word' id='word_1_592' title='bbox 2646 3677 2913 3734; x_wconf 88' lang='lat' dir='ltr'><strong>servetur,</strong></span> <span class='ocrx_word' id='word_1_593' title='bbox 2955 3677 3008 3724; x_wconf 92' lang='lat' dir='ltr'><strong>et</strong></span> <span class='ocrx_word' id='word_1_594' title='bbox 3043 3684 3166 3723; x_wconf 90' lang='lat' dir='ltr'><strong>cum</strong></span> <span class='ocrx_word' id='word_1_595' title='bbox 3191 3669 3430 3724; x_wconf 87' lang='lat' dir='ltr'><strong>caritate</strong></span> 
     </span>
    </p>
   </div>
   <div class='ocr_carea' id='block_1_82' title="bbox 1835 3759 3431 3828">
    <p class='ocr_par' dir='ltr' id='par_1_82' title="bbox 1835 3759 3431 3828">
     <span class='ocr_line' id='line_1_82' title="bbox 1835 3759 3431 3828; baseline -0.001 -13"><span class='ocrx_word' id='word_1_596' title='bbox 1835 3769 1892 3816; x_wconf 91' lang='lat' dir='ltr'><strong>et</strong></span> <span class='ocrx_word' id='word_1_597' title='bbox 1913 3761 2121 3816; x_wconf 89' lang='lat' dir='ltr'><strong>ratione</strong></span> <span class='ocrx_word' id='word_1_598' title='bbox 2152 3761 2315 3816; x_wconf 89' lang='lat' dir='ltr'><strong>utiles</strong></span> <span class='ocrx_word' id='word_1_599' title='bbox 2333 3769 2388 3814; x_wconf 91' lang='lat' dir='ltr'><strong>et</strong></span> <span class='ocrx_word' id='word_1_600' title='bbox 2415 3759 2594 3816; x_wconf 85' lang='lat' dir='ltr'><strong>idonei</strong></span> <span class='ocrx_word' id='word_1_601' title='bbox 2635 3760 2924 3828; x_wconf 78' lang='lat' dir='ltr'><strong>eligantur,</strong></span> <span class='ocrx_word' id='word_1_602' title='bbox 2975 3768 3030 3814; x_wconf 91' lang='lat' dir='ltr'><strong>et</strong></span> <span class='ocrx_word' id='word_1_603' title='bbox 3051 3760 3098 3815; x_wconf 94' lang='lat' dir='ltr'><strong>si</strong></span> <span class='ocrx_word' id='word_1_604' title='bbox 3121 3759 3292 3814; x_wconf 88' lang='lat' dir='ltr'><strong>laicus</strong></span> <span class='ocrx_word' id='word_1_605' title='bbox 3315 3759 3431 3814; x_wconf 88' lang='lat' dir='ltr'><strong>ido-</strong></span> 
     </span>
    </p>
   </div>
   <div class='ocr_carea' id='block_1_83' title="bbox 1837 3849 3430 3921">
    <p class='ocr_par' dir='ltr' id='par_1_83' title="bbox 1837 3849 3430 3921">
     <span class='ocr_line' id='line_1_83' title="bbox 1837 3849 3430 3921; baseline -0.001 -15"><span class='ocrx_word' id='word_1_606' title='bbox 1837 3867 1998 3906; x_wconf 90' lang='lat' dir='ltr'><strong>neum</strong></span> <span class='ocrx_word' id='word_1_607' title='bbox 2037 3851 2334 3921; x_wconf 86' lang='lat' dir='ltr'><strong>utilemque</strong></span> <span class='ocrx_word' id='word_1_608' title='bbox 2356 3849 2614 3906; x_wconf 89' lang='lat' dir='ltr'><strong>clericum</strong></span> <span class='ocrx_word' id='word_1_609' title='bbox 2651 3851 2929 3914; x_wconf 88' lang='lat' dir='ltr'><strong>obtulerit,</strong></span> <span class='ocrx_word' id='word_1_610' title='bbox 2981 3851 3128 3904; x_wconf 89' lang='lat' dir='ltr'><strong>nulla</strong></span> <span class='ocrx_word' id='word_1_611' title='bbox 3184 3851 3430 3920; x_wconf 87' lang='lat' dir='ltr'><strong>qualibet</strong></span> 
     </span>
    </p>
   </div>
   <div class='ocr_carea' id='block_1_84' title="bbox 1837 3941 3426 4010">
    <p class='ocr_par' dir='ltr' id='par_1_84' title="bbox 1837 3941 3426 4010">
     <span class='ocr_line' id='line_1_84' title="bbox 1837 3941 3426 4010; baseline -0.001 -14"><span class='ocrx_word' id='word_1_612' title='bbox 1837 3941 2123 3996; x_wconf 88' lang='lat' dir='ltr'><strong>occasione</strong></span> <span class='ocrx_word' id='word_1_613' title='bbox 2152 3943 2221 3998; x_wconf 92' lang='lat' dir='ltr'><strong>ab</strong></span> <span class='ocrx_word' id='word_1_614' title='bbox 2247 3943 2502 4010; x_wconf 89' lang='lat' dir='ltr'><strong>episcopo</strong></span> <span class='ocrx_word' id='word_1_615' title='bbox 2531 3941 2648 3996; x_wconf 90' lang='lat' dir='ltr'><strong>sine</strong></span> <span class='ocrx_word' id='word_1_616' title='bbox 2682 3941 2891 3995; x_wconf 89' lang='lat' dir='ltr'><strong>ratione</strong></span> <span class='ocrx_word' id='word_1_617' title='bbox 2921 3949 3068 3995; x_wconf 90' lang='lat' dir='ltr'><strong>certa</strong></span> <span class='ocrx_word' id='word_1_618' title='bbox 3113 3941 3426 4010; x_wconf 80' lang='lat' dir='ltr'><strong>repellatur,</strong></span> 
     </span>
    </p>
   </div>
   <div class='ocr_carea' id='block_1_85' title="bbox 1837 4027 3426 4100">
    <p class='ocr_par' dir='ltr' id='par_1_85' title="bbox 1837 4027 3426 4100">
     <span class='ocr_line' id='line_1_85' title="bbox 1837 4027 3426 4100; baseline -0.004 -12"><span class='ocrx_word' id='word_1_619' title='bbox 1837 4040 1894 4088; x_wconf 90' lang='lat' dir='ltr'><strong>et</strong></span> <span class='ocrx_word' id='word_1_620' title='bbox 1913 4031 1959 4086; x_wconf 92' lang='lat' dir='ltr'><strong>si</strong></span> <span class='ocrx_word' id='word_1_621' title='bbox 1982 4031 2288 4086; x_wconf 89' lang='lat' dir='ltr'><strong>reiciendus</strong></span> <span class='ocrx_word' id='word_1_622' title='bbox 2347 4039 2452 4096; x_wconf 90' lang='lat' dir='ltr'><strong>est,</strong></span> <span class='ocrx_word' id='word_1_623' title='bbox 2511 4037 2736 4100; x_wconf 87' lang='lat' dir='ltr'><strong>propter</strong></span> <span class='ocrx_word' id='word_1_624' title='bbox 2780 4027 3094 4084; x_wconf 82' lang='lat' dir='ltr'><strong>scandalum</strong></span> <span class='ocrx_word' id='word_1_625' title='bbox 3145 4029 3426 4084; x_wconf 89' lang='lat' dir='ltr'><strong>vitandum</strong></span> 
     </span>
    </p>
   </div>
   <div class='ocr_carea' id='block_1_86' title="bbox 1837 4123 2749 4180">
    <p class='ocr_par' dir='ltr' id='par_1_86' title="bbox 1837 4123 2749 4180">
     <span class='ocr_line' id='line_1_86' title="bbox 1837 4123 2749 4180; baseline -0.002 0"><span class='ocrx_word' id='word_1_626' title='bbox 1837 4123 2080 4180; x_wconf 84' lang='lat' dir='ltr'><strong>evidenti</strong></span> <span class='ocrx_word' id='word_1_627' title='bbox 2103 4124 2313 4179; x_wconf 91' lang='lat' dir='ltr'><strong>ratione</strong></span> <span class='ocrx_word' id='word_1_628' title='bbox 2349 4123 2749 4178; x_wconf 89' lang='lat' dir='ltr'><strong>manifestetur.</strong></span> 
     </span>
    </p>
   </div>
   <div class='ocr_carea' id='block_1_87' title="bbox 1911 4215 3424 4288">
    <p class='ocr_par' dir='ltr' id='par_1_87' title="bbox 1911 4215 3424 4288">
     <span class='ocr_line' id='line_1_87' title="bbox 1911 4215 3424 4288; baseline 0 -18"><span class='ocrx_word' id='word_1_629' title='bbox 1911 4215 1996 4270; x_wconf 83' lang='grc'><strong>16.</strong></span> <span class='ocrx_word' id='word_1_630' title='bbox 2036 4215 2207 4286; x_wconf 80' lang='lat' dir='ltr'><strong>Igitur</strong></span> <span class='ocrx_word' id='word_1_631' title='bbox 2255 4216 2382 4286; x_wconf 88' lang='lat' dir='ltr'><strong>quia</strong></span> <span class='ocrx_word' id='word_1_632' title='bbox 2431 4222 2648 4271; x_wconf 89' lang='lat' dir='ltr'><strong>constat</strong></span> <span class='ocrx_word' id='word_1_633' title='bbox 2690 4215 3009 4288; x_wconf 79' lang='lat' dir='ltr'><strong>religionem</strong></span> <span class='ocrx_word' id='word_1_634' title='bbox 3065 4215 3424 4270; x_wconf 79' lang='lat' dir='ltr'><strong>christianum</strong></span> 
     </span>
    </p>
   </div>
   <div class='ocr_carea' id='block_1_88' title="bbox 1835 4305 3424 4377">
    <p class='ocr_par' dir='ltr' id='par_1_88' title="bbox 1835 4305 3424 4377">
     <span class='ocr_line' id='line_1_88' title="bbox 1835 4305 3424 4377; baseline -0.001 -15"><span class='ocrx_word' id='word_1_635' title='bbox 1835 4322 1934 4377; x_wconf 90' lang='lat' dir='ltr'><strong>per</strong></span> <span class='ocrx_word' id='word_1_636' title='bbox 1961 4321 2303 4362; x_wconf 88' lang='lat' dir='ltr'><strong>successores</strong></span> <span class='ocrx_word' id='word_1_637' title='bbox 2321 4305 2690 4376; x_wconf 88' lang='lat' dir='ltr'><strong>apostolorum</strong></span> <span class='ocrx_word' id='word_1_638' title='bbox 2713 4307 3008 4362; x_wconf 88' lang='lat' dir='ltr'><strong>salubriter</strong></span> <span class='ocrx_word' id='word_1_639' title='bbox 3051 4305 3424 4362; x_wconf 87' lang='lat' dir='ltr'><strong>administrari</strong></span> 
     </span>
    </p>
   </div>
   <div class='ocr_carea' id='block_1_89' title="bbox 149 4395 3432 4495">
    <p class='ocr_par' dir='ltr' id='par_1_89' title="bbox 149 4395 3432 4495">
     <span class='ocr_line' id='line_1_89' title="bbox 149 4395 3432 4495; baseline 0.001 -47"><span class='ocrx_word' id='word_1_640' title='bbox 149 4395 378 4450; x_wconf 84' lang='lat' dir='ltr'><strong>abhinc</strong></span> <span class='ocrx_word' id='word_1_641' title='bbox 399 4403 456 4449; x_wconf 90' lang='lat' dir='ltr'><strong>et</strong></span> <span class='ocrx_word' id='word_1_642' title='bbox 475 4405 736 4466; x_wconf 90' lang='lat' dir='ltr'><strong>perpetuo</strong></span> <span class='ocrx_word' id='word_1_643' title='bbox 757 4413 1070 4453; x_wconf 87' lang='lat' dir='ltr'><strong>mansurum</strong></span> <span class='ocrx_word' id='word_1_644' title='bbox 1106 4415 1228 4455; x_wconf 89' lang='lat' dir='ltr'><strong>esse</strong></span> <span class='ocrx_word' id='word_1_645' title='bbox 1270 4399 1624 4468; x_wconf 85' lang='lat' dir='ltr'><strong>decrevimus,</strong></span> <span class='ocrx_word' id='word_1_646' title='bbox 1673 4409 1734 4457; x_wconf 90' lang='lat' dir='ltr'><strong>ut</strong></span> <span class='ocrx_word' id='word_1_647' title='bbox 1763 4432 1816 4495; x_wconf 62' lang='grc' dir='ltr'><strong>Β</strong></span> <span class='ocrx_word' id='word_1_648' title='bbox 1838 4397 2156 4468; x_wconf 86' lang='lat' dir='ltr'><strong>populisque</strong></span> <span class='ocrx_word' id='word_1_649' title='bbox 2191 4397 2260 4452; x_wconf 90' lang='lat' dir='ltr'><strong>ad</strong></span> <span class='ocrx_word' id='word_1_650' title='bbox 2309 4398 2476 4452; x_wconf 89' lang='lat' dir='ltr'><strong>vitam</strong></span> <span class='ocrx_word' id='word_1_651' title='bbox 2525 4405 2805 4453; x_wconf 87' lang='lat' dir='ltr'><strong>aeternam</strong></span> <span class='ocrx_word' id='word_1_652' title='bbox 2867 4397 3121 4453; x_wconf 89' lang='lat' dir='ltr'><strong>ducatum</strong></span> <span class='ocrx_word' id='word_1_653' title='bbox 3179 4396 3432 4495; x_wconf 77' lang='lat' dir='ltr'><strong>exhiberi</strong></span> 
     </span>
    </p>
   </div>
   <div class='ocr_carea' id='block_1_90' title="bbox 147 4484 3434 4564">
    <p class='ocr_par' dir='ltr' id='par_1_90' title="bbox 147 4484 3434 4564">
     <span class='ocr_line' id='line_1_90' title="bbox 147 4484 3434 4564; baseline 0.002 -27"><span class='ocrx_word' id='word_1_654' title='bbox 147 4484 448 4554; x_wconf 74' lang='lat' dir='ltr'><strong>episcopus</strong></span> <span class='ocrx_word' id='word_1_655' title='bbox 469 4501 558 4542; x_wconf 86' lang='lat' dir='ltr'><strong>res</strong></span> <span class='ocrx_word' id='word_1_656' title='bbox 592 4487 674 4542; x_wconf 90' lang='lat' dir='ltr'><strong>sui</strong></span> <span class='ocrx_word' id='word_1_657' title='bbox 721 4488 856 4544; x_wconf 91' lang='lat' dir='ltr'><strong>iuris</strong></span> <span class='ocrx_word' id='word_1_658' title='bbox 909 4503 1045 4559; x_wconf 89' lang='lat' dir='ltr'><strong>quas</strong></span> <span class='ocrx_word' id='word_1_659' title='bbox 1081 4499 1174 4546; x_wconf 90' lang='lat' dir='ltr'><strong>ant</strong></span> <span class='ocrx_word' id='word_1_660' title='bbox 1218 4501 1344 4548; x_wconf 89' lang='lat' dir='ltr'><strong>ante</strong></span> <span class='ocrx_word' id='word_1_661' title='bbox 1367 4492 1736 4564; x_wconf 86' lang='lat' dir='ltr'><strong>episcopatum</strong></span> <span class='ocrx_word' id='word_1_662' title='bbox 1763 4484 1810 4495; x_wconf 66' lang='grc'>⁷</span> <span class='ocrx_word' id='word_1_663' title='bbox 1841 4487 2060 4553; x_wconf 88' lang='lat' dir='ltr'><strong>debere,</strong></span> <span class='ocrx_word' id='word_1_664' title='bbox 2081 4488 2258 4558; x_wconf 86' lang='lat' dir='ltr'><strong>primo</strong></span> <span class='ocrx_word' id='word_1_665' title='bbox 2289 4487 2656 4544; x_wconf 87' lang='lat' dir='ltr'><strong>necessarium</strong></span> <span class='ocrx_word' id='word_1_666' title='bbox 2683 4489 3063 4552; x_wconf 80' lang='lat' dir='ltr'><strong>indicavimus,</strong></span> <span class='ocrx_word' id='word_1_667' title='bbox 3089 4495 3151 4542; x_wconf 89' lang='lat' dir='ltr'><strong>ut</strong></span> <span class='ocrx_word' id='word_1_668' title='bbox 3173 4486 3434 4557; x_wconf 87' lang='lat' dir='ltr'><strong>quicquid</strong></span> 
     </span>
    </p>
   </div>
   <div class='ocr_carea' id='block_1_91' title="bbox 149 4577 1735 4648">
    <p class='ocr_par' dir='ltr' id='par_1_91' title="bbox 149 4577 1735 4648">
     <span class='ocr_line' id='line_1_91' title="bbox 149 4577 1735 4648; baseline 0.008 -21"><span class='ocrx_word' id='word_1_669' title='bbox 149 4583 252 4628; x_wconf 83' lang='lat' dir='ltr'><strong>aut</strong></span> <span class='ocrx_word' id='word_1_670' title='bbox 274 4585 428 4634; x_wconf 77' lang='lat' dir='ltr'><strong>certe</strong></span> <span class='ocrx_word' id='word_1_671' title='bbox 471 4577 527 4631; x_wconf 88' lang='lat' dir='ltr'><strong>in</strong></span> <span class='ocrx_word' id='word_1_672' title='bbox 563 4578 872 4648; x_wconf 86' lang='lat' dir='ltr'><strong>episcopatu</strong></span> <span class='ocrx_word' id='word_1_673' title='bbox 901 4579 1228 4636; x_wconf 87' lang='lat' dir='ltr'><strong>hereditaria</strong></span> <span class='ocrx_word' id='word_1_674' title='bbox 1257 4584 1601 4639; x_wconf 89' lang='lat' dir='ltr'><strong>successione</strong></span> <span class='ocrx_word' id='word_1_675' title='bbox 1635 4583 1735 4639; x_wconf 91' lang='lat' dir='ltr'><strong>ad-</strong></span> 
     </span>
    </p>
   </div>
   <div class='ocr_carea' id='block_1_92' title="bbox 149 4667 1738 4746">
    <p class='ocr_par' dir='ltr' id='par_1_92' title="bbox 149 4667 1738 4746">
     <span class='ocr_line' id='line_1_92' title="bbox 149 4667 1738 4746; baseline 0.008 -27"><span class='ocrx_word' id='word_1_676' title='bbox 149 4667 401 4736; x_wconf 82' lang='lat' dir='ltr'><strong>quisivit,</strong></span> <span class='ocrx_word' id='word_1_677' title='bbox 426 4669 720 4725; x_wconf 88' lang='lat' dir='ltr'><strong>secundum</strong></span> <span class='ocrx_word' id='word_1_678' title='bbox 743 4669 1122 4726; x_wconf 89' lang='lat' dir='ltr'><strong>auctoritatem</strong></span> <span class='ocrx_word' id='word_1_679' title='bbox 1143 4674 1460 4730; x_wconf 89' lang='lat' dir='ltr'><strong>canonicam</strong></span> <span class='ocrx_word' id='word_1_680' title='bbox 1481 4675 1738 4746; x_wconf 88' lang='lat' dir='ltr'><strong>quicquid</strong></span> 
     </span>
    </p>
   </div>
   <div class='ocr_carea' id='block_1_93' title="bbox 147 4755 1736 4833">
    <p class='ocr_par' dir='ltr' id='par_1_93' title="bbox 147 4755 1736 4833">
     <span class='ocr_line' id='line_1_93' title="bbox 147 4755 1736 4833; baseline 0.008 -25"><span class='ocrx_word' id='word_1_681' title='bbox 147 4755 280 4810; x_wconf 84' lang='lat' dir='ltr'><strong>vult</strong></span> <span class='ocrx_word' id='word_1_682' title='bbox 299 4755 496 4824; x_wconf 86' lang='lat' dir='ltr'><strong>faciat,</strong></span> <span class='ocrx_word' id='word_1_683' title='bbox 536 4765 592 4814; x_wconf 91' lang='lat' dir='ltr'><strong>et</strong></span> <span class='ocrx_word' id='word_1_684' title='bbox 625 4758 714 4814; x_wconf 92' lang='lat' dir='ltr'><strong>cui</strong></span> <span class='ocrx_word' id='word_1_685' title='bbox 739 4758 854 4814; x_wconf 90' lang='lat' dir='ltr'><strong>vult</strong></span> <span class='ocrx_word' id='word_1_686' title='bbox 901 4759 1172 4828; x_wconf 88' lang='lat' dir='ltr'><strong>conferat;</strong></span> <span class='ocrx_word' id='word_1_687' title='bbox 1212 4771 1499 4833; x_wconf 89' lang='lat' dir='ltr'><strong>postquam</strong></span> <span class='ocrx_word' id='word_1_688' title='bbox 1556 4773 1736 4820; x_wconf 89' lang='lat' dir='ltr'><strong>autem</strong></span> 
     </span>
    </p>
   </div>
   <div class='ocr_carea' id='block_1_94' title="bbox 147 4844 1739 4921">
    <p class='ocr_par' dir='ltr' id='par_1_94' title="bbox 147 4844 1739 4921">
     <span class='ocr_line' id='line_1_94' title="bbox 147 4844 1739 4921; baseline 0.008 -22"><span class='ocrx_word' id='word_1_689' title='bbox 147 4844 445 4916; x_wconf 78' lang='lat' dir='ltr'><strong>episcopus</strong></span> <span class='ocrx_word' id='word_1_690' title='bbox 469 4847 648 4904; x_wconf 88' lang='lat' dir='ltr'><strong>factus</strong></span> <span class='ocrx_word' id='word_1_691' title='bbox 671 4857 776 4916; x_wconf 89' lang='lat' dir='ltr'><strong>est,</strong></span> <span class='ocrx_word' id='word_1_692' title='bbox 799 4864 1166 4921; x_wconf 88' lang='lat' dir='ltr'><strong>quascumque</strong></span> <span class='ocrx_word' id='word_1_693' title='bbox 1187 4867 1275 4908; x_wconf 91' lang='lat' dir='ltr'><strong>res</strong></span> <span class='ocrx_word' id='word_1_694' title='bbox 1301 4853 1366 4908; x_wconf 89' lang='lat' dir='ltr'><strong>de</strong></span> <span class='ocrx_word' id='word_1_695' title='bbox 1390 4852 1739 4911; x_wconf 79' lang='lat' dir='ltr'><strong>facultatibus</strong></span> 
     </span>
    </p>
   </div>
   <div class='ocr_carea' id='block_1_95' title="bbox 1843 4582 3435 4654">
    <p class='ocr_par' dir='ltr' id='par_1_95' title="bbox 1843 4582 3435 4654">
     <span class='ocr_line' id='line_1_95' title="bbox 1843 4582 3435 4654; baseline -0.002 -15"><span class='ocrx_word' id='word_1_696' title='bbox 1843 4583 1900 4639; x_wconf 88' lang='lat' dir='ltr'><strong>in</strong></span> <span class='ocrx_word' id='word_1_697' title='bbox 1921 4583 2077 4639; x_wconf 91' lang='lat' dir='ltr'><strong>nobis</strong></span> <span class='ocrx_word' id='word_1_698' title='bbox 2097 4582 2442 4654; x_wconf 89' lang='lat' dir='ltr'><strong>reprehendi,</strong></span> <span class='ocrx_word' id='word_1_699' title='bbox 2463 4583 2566 4640; x_wconf 91' lang='lat' dir='ltr'><strong>sibi</strong></span> <span class='ocrx_word' id='word_1_700' title='bbox 2590 4583 2870 4653; x_wconf 88' lang='lat' dir='ltr'><strong>sacrisque</strong></span> <span class='ocrx_word' id='word_1_701' title='bbox 2888 4583 3206 4638; x_wconf 88' lang='lat' dir='ltr'><strong>ministeriis</strong></span> <span class='ocrx_word' id='word_1_702' title='bbox 3234 4583 3435 4652; x_wconf 82' lang='lat' dir='ltr'><strong>quibus</strong></span> 
     </span>
    </p>
   </div>
   <div class='ocr_carea' id='block_1_96' title="bbox 1845 4673 3428 4746">
    <p class='ocr_par' dir='ltr' id='par_1_96' title="bbox 1845 4673 3428 4746">
     <span class='ocr_line' id='line_1_96' title="bbox 1845 4673 3428 4746; baseline -0.003 -14"><span class='ocrx_word' id='word_1_703' title='bbox 1845 4676 2049 4746; x_wconf 78' lang='lat' dir='ltr'><strong>indigni</strong></span> <span class='ocrx_word' id='word_1_704' title='bbox 2087 4677 2458 4745; x_wconf 89' lang='lat' dir='ltr'><strong>mancipamur</strong></span> <span class='ocrx_word' id='word_1_705' title='bbox 2477 4675 2864 4732; x_wconf 90' lang='lat' dir='ltr'><strong>inconveniens</strong></span> <span class='ocrx_word' id='word_1_706' title='bbox 2895 4683 2952 4730; x_wconf 91' lang='lat' dir='ltr'><strong>et</strong></span> <span class='ocrx_word' id='word_1_707' title='bbox 2995 4673 3253 4730; x_wconf 89' lang='lat' dir='ltr'><strong>indecens</strong></span> <span class='ocrx_word' id='word_1_708' title='bbox 3297 4689 3428 4730; x_wconf 85' lang='lat' dir='ltr'><strong>con-</strong></span> 
     </span>
    </p>
   </div>
   <div class='ocr_carea' id='block_1_97' title="bbox 1846 4765 3432 4836">
    <p class='ocr_par' dir='ltr' id='par_1_97' title="bbox 1846 4765 3432 4836">
     <span class='ocr_line' id='line_1_97' title="bbox 1846 4765 3432 4836; baseline -0.002 -15"><span class='ocrx_word' id='word_1_709' title='bbox 1846 4768 2183 4836; x_wconf 86' lang='lat' dir='ltr'><strong>trariumque</strong></span> <span class='ocrx_word' id='word_1_710' title='bbox 2229 4767 2536 4833; x_wconf 87' lang='lat' dir='ltr'><strong>videbatur,</strong></span> <span class='ocrx_word' id='word_1_711' title='bbox 2573 4775 2688 4824; x_wconf 90' lang='lat' dir='ltr'><strong>toto</strong></span> <span class='ocrx_word' id='word_1_712' title='bbox 2745 4766 2936 4822; x_wconf 90' lang='lat' dir='ltr'><strong>adnisu</strong></span> <span class='ocrx_word' id='word_1_713' title='bbox 2987 4765 3219 4822; x_wconf 85' lang='lat' dir='ltr'><strong>Domino</strong></span> <span class='ocrx_word' id='word_1_714' title='bbox 3272 4779 3432 4834; x_wconf 88' lang='lat' dir='ltr'><strong>opem</strong></span> 
     </span>
    </p>
   </div>
   <div class='ocr_carea' id='block_1_98' title="bbox 1848 4855 3429 4932">
    <p class='ocr_par' dir='ltr' id='par_1_98' title="bbox 1848 4855 3429 4932">
     <span class='ocr_line' id='line_1_98' title="bbox 1848 4855 3429 4932; baseline -0.003 -18"><span class='ocrx_word' id='word_1_715' title='bbox 1848 4861 2056 4916; x_wconf 84' lang='lat' dir='ltr'><strong>ferente</strong></span> <span class='ocrx_word' id='word_1_716' title='bbox 2085 4859 2503 4932; x_wconf 73' lang='lat' dir='ltr'><strong>corrigeremns,</strong></span> <span class='ocrx_word' id='word_1_717' title='bbox 2535 4859 2591 4916; x_wconf 90' lang='lat' dir='ltr'><strong>id</strong></span> <span class='ocrx_word' id='word_1_718' title='bbox 2611 4867 2697 4916; x_wconf 87' lang='lat' dir='ltr'><strong>est</strong></span> <span class='ocrx_word' id='word_1_719' title='bbox 2722 4860 2778 4914; x_wconf 90' lang='lat' dir='ltr'><strong>in</strong></span> <span class='ocrx_word' id='word_1_720' title='bbox 2810 4859 2922 4914; x_wconf 84' lang='lat' dir='ltr'><strong>vita</strong></span> <span class='ocrx_word' id='word_1_721' title='bbox 2964 4867 3153 4914; x_wconf 89' lang='lat' dir='ltr'><strong>nostra</strong></span> <span class='ocrx_word' id='word_1_722' title='bbox 3199 4865 3256 4912; x_wconf 86' lang='lat' dir='ltr'><strong>et</strong></span> <span class='ocrx_word' id='word_1_723' title='bbox 3295 4855 3429 4910; x_wconf 86' lang='lat' dir='ltr'><strong>doc-</strong></span> 
     </span>
    </p>
   </div>
   <div class='ocr_carea' id='block_1_99' title="bbox 146 4936 3426 5020">
    <p class='ocr_par' dir='ltr' id='par_1_99' title="bbox 146 4936 3426 5020">
     <span class='ocr_line' id='line_1_99' title="bbox 146 4936 3426 5020; baseline 0.003 -32"><span class='ocrx_word' id='word_1_724' title='bbox 146 4936 458 4993; x_wconf 83' lang='lat' dir='ltr'><strong>aecclesiae</strong></span> <span class='ocrx_word' id='word_1_725' title='bbox 479 4945 574 4994; x_wconf 88' lang='lat' dir='ltr'><strong>aut</strong></span> <span class='ocrx_word' id='word_1_726' title='bbox 609 4955 709 4995; x_wconf 91' lang='lat' dir='ltr'><strong>suo</strong></span> <span class='ocrx_word' id='word_1_727' title='bbox 730 4948 823 4995; x_wconf 88' lang='lat' dir='ltr'><strong>aut</strong></span> <span class='ocrx_word' id='word_1_728' title='bbox 843 4940 1066 4998; x_wconf 88' lang='lat' dir='ltr'><strong>alterius</strong></span> <span class='ocrx_word' id='word_1_729' title='bbox 1090 4944 1308 5000; x_wconf 90' lang='lat' dir='ltr'><strong>nomine</strong></span> <span class='ocrx_word' id='word_1_730' title='bbox 1340 4945 1578 5015; x_wconf 90' lang='lat' dir='ltr'><strong>qualibet</strong></span> <span class='ocrx_word' id='word_1_731' title='bbox 1611 4962 1742 5002; x_wconf 91' lang='lat' dir='ltr'><strong>con-</strong></span> <span class='ocrx_word' id='word_1_732' title='bbox 1841 4953 1986 5008; x_wconf 70' lang='lat' dir='ltr'><strong>trina</strong></span> <span class='ocrx_word' id='word_1_733' title='bbox 2019 4960 2075 5008; x_wconf 79' lang='lat' dir='ltr'><strong>et</strong></span> <span class='ocrx_word' id='word_1_734' title='bbox 2103 4945 2516 5008; x_wconf 77' lang='lat' dir='ltr'><strong>conversatione</strong></span> <span class='ocrx_word' id='word_1_735' title='bbox 2537 4960 2592 5008; x_wconf 82' lang='lat' dir='ltr'><strong>et</strong></span> <span class='ocrx_word' id='word_1_736' title='bbox 2620 4966 2832 5007; x_wconf 88' lang='lat' dir='ltr'><strong>morum</strong></span> <span class='ocrx_word' id='word_1_737' title='bbox 2855 4950 3127 5020; x_wconf 88' lang='lat' dir='ltr'><strong>probitate</strong></span> <span class='ocrx_word' id='word_1_738' title='bbox 3159 4955 3216 5002; x_wconf 90' lang='lat' dir='ltr'><strong>et</strong></span> <span class='ocrx_word' id='word_1_739' title='bbox 3241 4944 3426 5000; x_wconf 86' lang='lat' dir='ltr'><strong>studio</strong></span> 
     </span>
    </p>
   </div>
   <div class='ocr_carea' id='block_1_100' title="bbox 149 5025 1742 5109">
    <p class='ocr_par' dir='ltr' id='par_1_100' title="bbox 149 5025 1742 5109">
     <span class='ocr_line' id='line_1_100' title="bbox 149 5025 1742 5109; baseline 0.009 -30"><span class='ocrx_word' id='word_1_740' title='bbox 149 5025 370 5081; x_wconf 77' lang='lat' dir='ltr'><strong>ditiene</strong></span> <span class='ocrx_word' id='word_1_741' title='bbox 385 5030 797 5099; x_wconf 88' lang='lat' dir='ltr'><strong>comparaverit,</strong></span> <span class='ocrx_word' id='word_1_742' title='bbox 837 5031 1172 5090; x_wconf 87' lang='lat' dir='ltr'><strong>decrevimus</strong></span> <span class='ocrx_word' id='word_1_743' title='bbox 1194 5043 1386 5091; x_wconf 89' lang='lat' dir='ltr'><strong>utnon</strong></span> <span class='ocrx_word' id='word_1_744' title='bbox 1426 5037 1483 5090; x_wconf 91' lang='lat' dir='ltr'><strong>in</strong></span> <span class='ocrx_word' id='word_1_745' title='bbox 1527 5039 1742 5109; x_wconf 91' lang='lat' dir='ltr'><strong>propin-</strong></span> 
     </span>
    </p>
   </div>
   <div class='ocr_carea' id='block_1_101' title="bbox 1839 5037 3428 5113">
    <p class='ocr_par' dir='ltr' id='par_1_101' title="bbox 1839 5037 3428 5113">
     <span class='ocr_line' id='line_1_101' title="bbox 1839 5037 3428 5113; baseline -0.008 -15"><span class='ocrx_word' id='word_1_746' title='bbox 1839 5041 2254 5113; x_wconf 90' lang='lat' dir='ltr'><strong>predicationis,</strong></span> <span class='ocrx_word' id='word_1_747' title='bbox 2279 5050 2336 5098; x_wconf 92' lang='lat' dir='ltr'><strong>et</strong></span> <span class='ocrx_word' id='word_1_748' title='bbox 2359 5042 2414 5098; x_wconf 92' lang='lat' dir='ltr'><strong>in</strong></span> <span class='ocrx_word' id='word_1_749' title='bbox 2459 5041 2904 5098; x_wconf 88' lang='lat' dir='ltr'><strong>consacerdotum</strong></span> <span class='ocrx_word' id='word_1_750' title='bbox 2951 5047 3007 5094; x_wconf 88' lang='lat' dir='ltr'><strong>et</strong></span> <span class='ocrx_word' id='word_1_751' title='bbox 3053 5037 3428 5094; x_wconf 87' lang='lat' dir='ltr'><strong>ministrorum</strong></span> 
     </span>
    </p>
   </div>
   <div class='ocr_carea' id='block_1_102' title="bbox 145 5123 3428 5205">
    <p class='ocr_par' dir='ltr' id='par_1_102' title="bbox 145 5123 3428 5205">
     <span class='ocr_line' id='line_1_102' title="bbox 145 5123 3428 5205; baseline 0.002 -31"><span class='ocrx_word' id='word_1_752' title='bbox 145 5135 395 5188; x_wconf 81' lang='lat' dir='ltr'><strong>quorum</strong></span> <span class='ocrx_word' id='word_1_753' title='bbox 420 5137 640 5178; x_wconf 88' lang='lat' dir='ltr'><strong>suorum</strong></span> <span class='ocrx_word' id='word_1_754' title='bbox 659 5165 674 5190; x_wconf 89' lang='lat'><strong>,</strong></span> <span class='ocrx_word' id='word_1_755' title='bbox 704 5123 800 5181; x_wconf 89' lang='lat' dir='ltr'><strong>sed</strong></span> <span class='ocrx_word' id='word_1_756' title='bbox 843 5125 900 5180; x_wconf 91' lang='lat' dir='ltr'><strong>in</strong></span> <span class='ocrx_word' id='word_1_757' title='bbox 949 5127 1206 5184; x_wconf 90' lang='lat' dir='ltr'><strong>ecclesiae</strong></span> <span class='ocrx_word' id='word_1_758' title='bbox 1236 5129 1324 5185; x_wconf 91' lang='lat' dir='ltr'><strong>cui</strong></span> <span class='ocrx_word' id='word_1_759' title='bbox 1359 5139 1574 5200; x_wconf 89' lang='lat' dir='ltr'><strong>praeest</strong></span> <span class='ocrx_word' id='word_1_760' title='bbox 1621 5132 1740 5187; x_wconf 89' lang='lat' dir='ltr'><strong>iura</strong></span> <span class='ocrx_word' id='word_1_761' title='bbox 1842 5135 2318 5205; x_wconf 68' lang='lat' dir='ltr'><strong>subiectat-umque</strong></span> <span class='ocrx_word' id='word_1_762' title='bbox 2344 5142 2658 5191; x_wconf 86' lang='lat' dir='ltr'><strong>nostrorum</strong></span> <span class='ocrx_word' id='word_1_763' title='bbox 2671 5132 3010 5189; x_wconf 89' lang='lat' dir='ltr'><strong>correctione</strong></span> <span class='ocrx_word' id='word_1_764' title='bbox 3031 5127 3428 5200; x_wconf 86' lang='lat' dir='ltr'><strong>diligentiorem</strong></span> 
     </span>
    </p>
   </div>
   <div class='ocr_carea' id='block_1_103' title="bbox 145 5213 3428 5297">
    <p class='ocr_par' dir='ltr' id='par_1_103' title="bbox 145 5213 3428 5297">
     <span class='ocr_line' id='line_1_103' title="bbox 145 5213 3428 5297; baseline 0.001 -29"><span class='ocrx_word' id='word_1_765' title='bbox 145 5213 470 5270; x_wconf 78' lang='lat' dir='ltr'><strong>deveniam.</strong></span> <span class='ocrx_word' id='word_1_766' title='bbox 499 5215 762 5273; x_wconf 88' lang='lat' dir='ltr'><strong>Similiter</strong></span> <span class='ocrx_word' id='word_1_767' title='bbox 796 5220 1112 5290; x_wconf 88' lang='lat' dir='ltr'><strong>prcsbiteris</strong></span> <span class='ocrx_word' id='word_1_768' title='bbox 1149 5221 1235 5278; x_wconf 87' lang='lat' dir='ltr'><strong>vel</strong></span> <span class='ocrx_word' id='word_1_769' title='bbox 1282 5223 1598 5280; x_wconf 88' lang='lat' dir='ltr'><strong>diacouibus</strong></span> <span class='ocrx_word' id='word_1_770' title='bbox 1646 5225 1740 5296; x_wconf 91' lang='lat' dir='ltr'><strong>qui</strong></span> <span class='ocrx_word' id='word_1_771' title='bbox 1842 5227 2095 5297; x_wconf 89' lang='lat' dir='ltr'><strong>deinceps</strong></span> <span class='ocrx_word' id='word_1_772' title='bbox 2135 5243 2260 5284; x_wconf 90' lang='lat' dir='ltr'><strong>cum</strong></span> <span class='ocrx_word' id='word_1_773' title='bbox 2292 5227 2440 5284; x_wconf 88' lang='lat' dir='ltr'><strong>omni</strong></span> <span class='ocrx_word' id='word_1_774' title='bbox 2468 5227 2649 5283; x_wconf 89' lang='lat' dir='ltr'><strong>studio</strong></span> <span class='ocrx_word' id='word_1_775' title='bbox 2690 5233 2744 5282; x_wconf 89' lang='lat' dir='ltr'><strong>ct</strong></span> <span class='ocrx_word' id='word_1_776' title='bbox 2775 5221 3136 5281; x_wconf 87' lang='lat' dir='ltr'><strong>sollicitudine</strong></span> <span class='ocrx_word' id='word_1_777' title='bbox 3158 5233 3346 5275; x_wconf 88' lang='lat' dir='ltr'><strong>curam</strong></span> <span class='ocrx_word' id='word_1_778' title='bbox 3370 5223 3428 5272; x_wconf 90' lang='lat' dir='ltr'><strong>et</strong></span> 
     </span>
    </p>
   </div>
   <div class='ocr_carea' id='block_1_104' title="bbox 1379 5337 2208 5396">
    <p class='ocr_par' dir='ltr' id='par_1_104' title="bbox 1379 5337 2208 5396">
     <span class='ocr_line' id='line_1_104' title="bbox 1379 5337 2208 5396; baseline 0.001 -4"><span class='ocrx_word' id='word_1_779' title='bbox 1379 5337 1770 5395; x_wconf 74' lang='lat' dir='ltr'><strong>VARIANTES</strong></span> <span class='ocrx_word' id='word_1_780' title='bbox 1804 5339 2208 5396; x_wconf 83' lang='lat' dir='ltr'><strong>LECTIONES.</strong></span> 
     </span>
    </p>
   </div>
   <div class='ocr_carea' id='block_1_105' title="bbox 243 5423 2238 5502">
    <p class='ocr_par' dir='ltr' id='par_1_105' title="bbox 243 5423 2238 5502">
     <span class='ocr_line' id='line_1_105' title="bbox 243 5423 2238 5502; baseline 0.001 -18"><span class='ocrx_word' id='word_1_781' title='bbox 243 5424 264 5454; x_wconf 86' lang='grc'>³</span> <span class='ocrx_word' id='word_1_782' title='bbox 285 5423 412 5484; x_wconf 85' lang='lat' dir='ltr'><strong>Cod.</strong></span> <span class='ocrx_word' id='word_1_783' title='bbox 441 5427 858 5498; x_wconf 87' lang='lat' dir='ltr'><strong>scrveritcrque.</strong></span> <span class='ocrx_word' id='word_1_784' title='bbox 933 5429 954 5460; x_wconf 82' lang='grc'><strong><em>⁸</em></strong></span> <span class='ocrx_word' id='word_1_785' title='bbox 975 5443 1031 5500; x_wconf 89' lang='lat' dir='ltr'><strong>p.</strong></span> <span class='ocrx_word' id='word_1_786' title='bbox 1057 5443 1108 5486; x_wconf 86' lang='lat' dir='ltr'><strong>e.</strong></span> <span class='ocrx_word' id='word_1_787' title='bbox 1148 5428 1334 5485; x_wconf 74' lang='lat' dir='ltr'><strong>desunt</strong></span> <span class='ocrx_word' id='word_1_788' title='bbox 1367 5445 1416 5484; x_wconf 85' lang='lat' dir='ltr'><strong>c.</strong></span> <span class='ocrx_word' id='word_1_789' title='bbox 1495 5429 1516 5463; x_wconf 89' lang='grc'><strong><em>³</em></strong></span> <span class='ocrx_word' id='word_1_790' title='bbox 1543 5431 1582 5486; x_wconf 84' lang='lat' dir='ltr'><strong>i.</strong></span> <span class='ocrx_word' id='word_1_791' title='bbox 1611 5447 1658 5486; x_wconf 75' lang='grc' dir='ltr'><strong>ε.</strong></span> <span class='ocrx_word' id='word_1_792' title='bbox 1686 5431 1968 5502; x_wconf 86' lang='lat' dir='ltr'><strong>profectus</strong></span> <span class='ocrx_word' id='word_1_793' title='bbox 1998 5439 2238 5486; x_wconf 88' lang='lat' dir='ltr'><strong>sumant.</strong></span> 
     </span>
    </p>
   </div>
   <div class='ocr_carea' id='block_1_106' title="bbox 1677 5545 1908 5605">
    <p class='ocr_par' dir='ltr' id='par_1_106' title="bbox 1677 5545 1908 5605">
     <span class='ocr_line' id='line_1_106' title="bbox 1677 5545 1908 5605; baseline 0.004 -3"><span class='ocrx_word' id='word_1_794' title='bbox 1677 5545 1908 5605; x_wconf 69' lang='grc' dir='ltr'><strong>ΝΟΤᾹῙ.</strong></span> 
     </span>
    </p>
   </div>
   <div class='ocr_carea' id='block_1_107' title="bbox 243 5639 821 5710">
    <p class='ocr_par' dir='ltr' id='par_1_107' title="bbox 243 5639 821 5710">
     <span class='ocr_line' id='line_1_107' title="bbox 243 5639 821 5710; baseline -0.002 -17"><span class='ocrx_word' id='word_1_795' title='bbox 243 5650 274 5710; x_wconf 59' lang='grc' dir='ltr'><strong>ει</strong></span> <span class='ocrx_word' id='word_1_796' title='bbox 307 5639 370 5710; x_wconf 86' lang='lat' dir='ltr'><strong>_L.</strong></span> <span class='ocrx_word' id='word_1_797' title='bbox 397 5657 437 5706; x_wconf 82' lang='grc' dir='ltr'><strong>ι.</strong></span> <span class='ocrx_word' id='word_1_798' title='bbox 461 5639 550 5704; x_wconf 76' lang='grc'><strong>20,</strong></span> <span class='ocrx_word' id='word_1_799' title='bbox 576 5654 634 5710; x_wconf 90' lang='lat' dir='ltr'><strong>p.</strong></span> <span class='ocrx_word' id='word_1_800' title='bbox 665 5639 821 5696; x_wconf 76' lang='grc'><strong>1614.</strong></span> 
     </span>
    </p>
   </div>
   <div class='ocr_carea' id='block_1_108' title="bbox 239 5707 820 5785">
    <p class='ocr_par' dir='ltr' id='par_1_108' title="bbox 239 5707 820 5785">
     <span class='ocr_line' id='line_1_108' title="bbox 239 5707 820 5785; baseline -0.009 -16"><span class='ocrx_word' id='word_1_801' title='bbox 239 5709 278 5750; x_wconf 70' lang='grc' dir='ltr'>δ</span> <span class='ocrx_word' id='word_1_802' title='bbox 307 5707 370 5768; x_wconf 82' lang='grc' dir='ltr'><strong>ι..</strong></span> <span class='ocrx_word' id='word_1_803' title='bbox 395 5729 434 5779; x_wconf 87' lang='grc' dir='ltr'><strong>ι.</strong></span> <span class='ocrx_word' id='word_1_804' title='bbox 461 5712 548 5780; x_wconf 73' lang='grc'><strong>21,</strong></span> <span class='ocrx_word' id='word_1_805' title='bbox 575 5707 631 5785; x_wconf 77' lang='lat' dir='ltr'><strong>p.</strong></span> <span class='ocrx_word' id='word_1_806' title='bbox 661 5711 820 5767; x_wconf 82' lang='grc'><strong>1615.</strong></span> 
     </span>
    </p>
   </div>
   <div class='ocr_carea' id='block_1_109' title="bbox 1929 5637 2491 5708">
    <p class='ocr_par' dir='ltr' id='par_1_109' title="bbox 1929 5637 2491 5708">
     <span class='ocr_line' id='line_1_109' title="bbox 1929 5637 2491 5708; baseline -0.012 -11"><span class='ocrx_word' id='word_1_807' title='bbox 1929 5653 1950 5681; x_wconf 73' lang='grc' dir='ltr'><strong>ε</strong></span> <span class='ocrx_word' id='word_1_808' title='bbox 1971 5641 2033 5696; x_wconf 90' lang='lat' dir='ltr'><strong>L.</strong></span> <span class='ocrx_word' id='word_1_809' title='bbox 2058 5657 2098 5708; x_wconf 87' lang='grc' dir='ltr'><strong>ι,</strong></span> <span class='ocrx_word' id='word_1_810' title='bbox 2131 5639 2222 5699; x_wconf 73' lang='grc'><strong>29..</strong></span> <span class='ocrx_word' id='word_1_811' title='bbox 2250 5655 2304 5693; x_wconf 86' lang='lat' dir='ltr'><strong>u.</strong></span> <span class='ocrx_word' id='word_1_812' title='bbox 2332 5637 2491 5694; x_wconf 79' lang='grc'><strong>1615.</strong></span> 
     </span>
    </p>
   </div>
  </div>
