3974 6134
503 275 604 333 ιιιι

1319 267 1380 322 n.
1416 268 1665 323 cauom
1707 263 1919 322 MAGNI
1957 263 2108 322 OPP.
2148 261 2329 318 rans
2364 261 2404 315 ι.
2448 257 2688 314 SECTIO
2725 228 2964 312 ranis.

3671 253 3773 307 Gl‘l

501 387 894 464 providentiam
915 386 1314 447 adhiberemus,
1341 390 1396 435 et
1424 394 1483 436 ut
1509 397 1608 436 nos
1644 397 1750 436 non
1785 389 1994 435 tantum
2023 379 2078 432 in
2109 385 2151 437 Α
2181 376 2543 431 curandamm
2587 373 2891 428 sollicitudo
2914 369 3220 464 commissa-
3252 376 3368 433 est,
3425 367 3518 437 qui
3569 367 3777 435 pondus

504 478 794 539 mundanis
818 474 1206 545 cupiditatibus
1234 481 1289 525 et
1323 473 1470 525 curis
1512 479 1568 525 et
1610 469 2084 530 sollicitudinibus,

503 574 600 630 sed
621 571 801 642 potius
828 568 881 621 in
905 565 1099 620 divinis
1121 561 1311 617 ofﬁciis
1335 561 1734 629 inplicaremus,
1767 566 1821 613 et
1843 558 1896 611 in
1925 556 2087 612 scolis

503 659 767 718 habendis
792 665 848 710 et
874 656 927 708 in
952 652 1247 708 educandis
1276 651 1536 705 militibus
1577 657 1798 704 sanctae
1825 646 2088 701 aecclesie

500 765 723 822 operam
753 748 1034 810 daremus;
1073 760 1212 814 quae
1239 759 1338 799 nos
1371 743 1482 798 Deo
1513 742 1804 796 miserante
1831 740 1885 794 in
1913 737 2089 793 omni-

499 845 606 899 bus
628 856 728 911 pro
754 837 964 894 viribus
987 836 1209 900 imitari,
1239 849 1496 890 exercere
1518 833 1585 888 ad
1609 840 1852 888 nostram
1871 829 2090 884 univer-

501 947 690 988 sorum
713 930 940 984 salutem
959 927 1224 995 cupimus,
1261 923 1316 979 in
1336 932 1601 993 quantum
1624 922 1782 977 nobis
1805 920 1986 974 divina
2006 917 2088 972 fa-

497 1029 664 1077 vente
689 1019 862 1089 gratia
893 1015 1246 1072 sacerdotalis
1272 1015 1496 1069 libertas
1540 1021 1596 1068 et
1628 1019 1876 1082 optatum
1917 1010 2089 1066 otium

505 1112 842 1167 adtributum
866 1107 1049 1164 fuerit.

579 1206 665 1258 l7.
708 1204 842 1258 Nam
863 1212 918 1256 et
945 1201 996 1255 in
1017 1199 1234 1255 statutis
1256 1197 1612 1254 conventibus
1638 1197 1820 1266 primo
1845 1194 2089 1250 omnium

501 1296 620 1366 pari
645 1304 771 1349 voto
792 1295 1015 1364 parique
1038 1305 1301 1346 consensu
1324 1291 1685 1355 decrevimus,
1712 1298 1773 1342 ut
1795 1287 2091 1357 unusquis-

505 1402 611 1456 que
640 1393 886 1439 nostrum
922 1384 976 1436 in
1032 1382 1319 1451 parrochia
1377 1396 1475 1435 sua
1505 1380 1666 1434 dictis
1720 1387 1776 1434 et
1828 1379 2090 1448 exemplis

503 1478 688 1546 plebes
723 1476 825 1531 sibi
878 1475 1149 1529 subiectas
1178 1473 1245 1527 ad
1277 1471 1498 1526 meliora
1551 1471 1780 1526 incitare
1829 1471 2088 1534 studeret,

505 1583 704 1637 easque
728 1575 787 1620 ut
807 1581 864 1621 se
886 1582 916 1618 a
939 1565 1096 1619 malis
1123 1565 1440 1619 cohiberent
1469 1571 1523 1616 et
1553 1564 1621 1618 ad
1647 1563 1818 1616 Deum
1864 1578 1931 1617 ex
1979 1569 2092 1616 toto

505 1660 669 1713 corde
695 1664 1096 1720 converterent,
1122 1655 1354 1710 sollicite
1379 1656 1709 1716 admoneret,
1735 1653 1902 1708 Deum
1931 1669 2091 1722 quem

2189 465 2372 536 populi
2401 466 2503 520 sibi
2532 464 2806 520 commissi
2829 463 3060 517 viriliter
3085 460 3440 524 sustinentes,
3463 473 3562 528 pro
3588 472 3777 527 pecca-

2194 555 2263 609 tis
2287 555 2527 609 omnium
2569 553 2714 608 velut
2735 567 2833 622 pro
2864 552 2978 607 suis
3024 549 3430 619 infatigabiliter
3472 547 3778 616 supplicant

2191 644 2321 697 Deo.
2345 642 2425 697 Ac
2452 641 2597 696 velut
2621 641 2842 711 quidam
2877 639 3060 694 Aaron
3094 639 3374 693 incensum
3411 636 3636 691 contriti
3661 652 3779 690 cor-

2191 733 2274 787 dis
2307 741 2361 785 et
2382 731 2649 786 humiliati
2695 729 2922 799 spiritus
2951 727 3270 790 offerentes,
3347 741 3455 796 quo
3483 725 3504 756 ⁵
3535 725 3779 795 placatur

2191 823 2354 886 Deus,
2378 829 2630 876 avertunt
2659 820 2795 874 iram
2819 818 3035 873 futurae
3069 816 3557 872 animadversionis
3602 830 3632 869 a
3677 830 3778 886 po-

2188 914 2346 984 pulo;
2395 913 2486 983 qui
2517 925 2615 981 per
2653 911 2748 965 Dei
2795 910 3025 980 gratiam
3065 907 3200 963 ﬁunt
3242 907 3456 963 divinae
3489 905 3782 961 voluntatis

2191 1004 2415 1068 indices,
2432 1002 2787 1056 ecclesiarum
2802 998 3004 1054 Christi
3020 1007 3141 1068 post
3158 997 3430 1066 apostolos
3443 995 3778 1054 fundatores.

2191 1093 2374 1149 ﬁdeles
2394 1093 2574 1164 populi
2597 1093 2782 1156 duces,
2807 1090 3057 1146 veritatis
3077 1091 3405 1151 adsertores,
3435 1101 3638 1157 pravae
3660 1088 3780 1141 doc-

2191 1185 2334 1239 trine
2363 1185 2564 1247 hostes,
2600 1183 2852 1238 omnibus
2879 1181 3036 1236 bonis
3069 1180 3350 1243 amabiles,
3388 1188 3443 1232 et
3480 1177 3622 1232 male
3675 1178 3778 1232 sibi

2192 1276 2426 1332 consciis
2450 1275 2614 1329 etiam
2637 1274 2755 1342 ipso
2767 1273 2889 1327 visu
2916 1272 3205 1336 terribiles,
3236 1269 3478 1324 vindices
3497 1283 3781 1338 oppresso-

2191 1383 2332 1431 rum,
2360 1375 2544 1435 patres
2571 1366 2624 1419 in
2653 1365 2757 1420 ﬂde
2805 1363 3070 1420 catholica
3103 1371 3564 1433 regeneratorum,
3603 1362 3777 1430 predi-

2193 1465 2408 1512 catores
2434 1455 2748 1511 caelestium
2783 1453 3150 1524 praemiorum
3171 1494 3186 1517 ,
3224 1452 3465 1521 exempla
3490 1452 3777 1515 bonorum,

2193 1548 2514 1603 documenta
2537 1545 2816 1609 virtutum,
2847 1555 2903 1598 et
2945 1542 3114 1599 forma
3145 1543 3418 1608 ﬁdelium;
3469 1544 3571 1612 ipsi
3619 1545 3784 1598 decus

2193 1639 2453 1695 ecclesiae
2472 1639 2526 1692 in
2549 1637 2744 1708 quibus
2759 1637 2989 1707 amplius
3010 1635 3180 1707 fulget
3199 1636 3426 1701 eclesia;
3459 1635 3560 1704 ipsi
3578 1635 3782 1689 colum-

503 1747 782 1815 peccan-do
831 1745 931 1799 sibi
980 1745 1178 1798 iratum
1228 1743 1487 1810 fecerant,
1550 1744 1708 1813 digna
1763 1743 2091 1813 penitentiac

2195 1746 2296 1786 nae
2317 1729 2677 1794 ﬁrmissimae,
2708 1729 2903 1799 quibus
2932 1729 2985 1784 in
3009 1727 3226 1783 Christo
3252 1727 3490 1783 fundatis
3533 1728 3783 1782 innititur

504 1835 874 1890 satisfactione
899 1842 953 1888 et
980 1833 1399 1888 elemosinarum
1425 1832 1709 1901 largitione
1735 1833 1836 1888 sibi
1864 1832 2094 1902 placabi-

503 1930 610 1984 lem
645 1928 823 1983 facere
857 1936 1186 1996 satagercnt,
1212 1943 1312 1982 nec
1337 1943 1442 1981 non
1475 1936 1529 1982 et
1551 1943 1648 1997 pro
1670 1927 1780 1982 vita
1820 1929 2094 1998 piissimo-

503 2036 623 2076 rum
647 2022 864 2089 Deoque
879 2018 1192 2073 amabilium
1220 2019 1628 2087 imperatorum,
1655 2019 1943 2088 coniugum
1964 2033 2093 2089 pro-

503 2113 745 2180 liumque
771 2126 960 2164 eorum
1005 2109 1394 2173 incolomitate,
1427 2109 1748 2179 imperiique
1795 2109 1899 2165 sibi
1942 2125 2092 2165 com-

503 2201 657 2256 missi
687 2201 986 2256 stabilitate
1006 2241 1019 2264 ,
1054 2199 1149 2255 Dei
1177 2200 1478 2256 inmensam
1507 2201 1936 2257 misericordiam
1983 2217 2095 2257 cer-

502 2291 626 2344 nuis
644 2290 896 2359 precibus
941 2288 1314 2358 implorarent.
1359 2287 1488 2343 PoSt
1543 2289 1677 2344 haec
1721 2289 1896 2344 visum
1937 2290 2094 2346 nobis

504 2380 606 2434 fuit
645 2396 707 2434 ea
759 2379 995 2448 capitula
1034 2379 1123 2434 hic
1184 2379 1422 2434 inserere
1461 2395 1599 2449 quae
1634 2380 1651 2410 ³
1684 2379 1882 2435 domno
1923 2381 2094 2450 impe-

505 2472 671 2526 ratori
705 2472 983 2540 petitionis
1017 2471 1191 2542 gratia
1214 2471 1681 2540 pernecessarium
1704 2471 1978 2528 offerenda
2013 2473 2094 2527 iu-

505 2564 830 2619 dicavimus.

1148 2651 1442 2708 PETITIO.
1997 2632 2032 2672 ‘

577 2766 630 2823 1.
656 2765 900 2821 Petimus
952 2779 978 2807 ιι
1025 2766 1306 2822 humiliter
1350 2777 1587 2822 vestram
1615 2767 2009 2830 excelle..tiam,
2037 2779 2094 2824 ut

503 2872 602 2928 per
633 2871 728 2911 vos
754 2855 848 2909 ﬁlii
875 2864 926 2910 et
962 2870 1218 2924 proceres
1264 2857 1428 2910 vestri
1488 2871 1702 2920 nomen,
1744 2865 2088 2925 potestatem,

503 2946 743 3015 vigorem
767 2952 820 2999 et
837 2945 1152 3013 dignitatem
1171 2944 1562 2999 sacerdotalem
1585 2955 1931 3014 cognoscant,
1949 2947 2093 3016 quod

503 3053 571 3093 ex
607 3036 787 3092 verbis
817 3037 1028 3091 Domini
1061 3035 1216 3092 facile
1257 3036 1574 3106 intellegere
1623 3039 1860 3107 possitis,
1895 3040 2092 3110 quibus

503 3133 664 3196 beato
686 3129 848 3185 Petro
869 3129 1022 3185 cuius
1050 3129 1220 3185 vicem
1251 3130 1454 3200 indigni
1484 3131 1722 3201 gerimus
1742 3133 1818 3186 ait
1858 3149 1873 3188 :
1916 3132 2094 3198 Quod-

505 3238 726 3294 cumque
790 3221 1032 3292 ligaveris
1090 3239 1245 3291 super
1282 3231 1496 3286 terram,
1559 3231 1714 3276 erunt
1768 3222 1930 3293 ligata
1966 3225 2096 3278 etin

507 3311 689 3378 caelo,
730 3321 777 3366 et
799 3311 1162 3382 quodcumque
1199 3310 1412 3365 solveris
1473 3329 1629 3383 super
1677 3322 1894 3379 terram,
1945 3323 2094 3368 erunt

504 3402 678 3458 soluta
702 3412 748 3456 et
776 3403 828 3455 in
853 3402 1017 3455 caelo.
1045 3402 1109 3455 Et
1135 3401 1262 3455 alibi
1287 3402 1564 3470 discipulis
1584 3403 1908 3472 generaliter
1931 3404 2094 3458 dicit:

502 3491 733 3561 Accipite
762 3490 1020 3560 Spiritum
1066 3499 1342 3552 sanctum;
1382 3507 1608 3560 quorum
1638 3493 1940 3546 remiseritis
1976 3510 2095 3564 pec-

505 3587 624 3630 cata
670 3579 996 3631 remittantur
1034 3579 1054 3607 '
1093 3579 1168 3632 eis
1194 3618 1208 3644 ,
1259 3592 1307 3632 et
1363 3596 1586 3651 quorum
1646 3583 1964 3638 retinueritis
2009 3599 2094 3638 re-

510 3675 653 3720 tenta
687 3676 827 3720 sunt.

576 3753 630 3806 2.
672 3754 857 3809 ΙΙΙιιιΗ)
896 3755 1059 3809 etiam
1106 3756 1173 3811 ad
1226 3757 1530 3828 exemplum
1584 3759 1947 3815 reducendum
1989 3769 2092 3828 est,

503 3845 646 3914 quod
676 3845 728 3899 in
749 3845 1117 3902 ecclesiastica
1145 3848 1375 3903 historia
1393 3849 1777 3905 Constantinus
1800 3851 2095 3921 imperator

502 3935 773 4005 episcopis
794 3936 871 3989 ait
901 3950 915 3989 :
947 3955 966 3988 ‹
990 3938 1131 3993 Deus
1154 3939 1328 4008 inquit
1350 3939 1636 3994 constituit
1651 3955 1746 3996 vos
1761 3942 2090 4008 sacerdotes,

501 4031 557 4078 et
585 4033 910 4093 potestatem
935 4028 1088 4082 vobis
1109 4028 1254 4082 dedit
1279 4029 1343 4083 de
1375 4029 1530 4084 nobis
1556 4045 1770 4099 quoque
1796 4031 2088 4097 iudicandi,

501 4122 557 4168 et
580 4114 700 4170 ideo
726 4131 824 4169 nos
851 4131 880 4168 a
909 4117 1062 4171 vobis
1085 4124 1230 4172 recte
1277 4117 1612 4184 iudicamur;
1659 4134 1754 4173 vos
1779 4129 1957 4174 autem
1986 4135 2091 4175 non

499 4206 728 4272 potestis
757 4207 825 4259 ab
854 4206 1162 4261 hominibus
1187 4208 1431 4270 iudicari,
1461 4216 1682 4277 propter
1704 4209 1850 4278 quod
1878 4208 1974 4263 Dei
2003 4223 2094 4262 so-

503 4294 609 4348 lius
657 4294 800 4349 inter
828 4311 924 4349 vos
969 4305 1252 4365 expectate
1283 4297 1529 4352 inditium
1551 4338 1565 4362 ,
1616 4305 1675 4351 ut
1708 4306 1886 4352 vestra
1919 4298 2090 4370 iurgia

2194 1821 2372 1878 omnis
2406 1819 2692 1875 multitudo
2741 1819 3108 1884 credentium;
3145 1818 3246 1888 ipsi
3305 1818 3498 1873 ianuae
3545 1819 3784 1872 civitatis

2193 1919 2466 1974 aeternae,
2489 1924 2588 1979 per
2612 1924 2748 1979 quos
2787 1923 2977 1965 omnes
3003 1908 3096 1978 qui
3129 1909 3357 1964 credunt
3401 1907 3784 1976 ingrediuntur

2193 2001 2264 2057 ad
2294 2001 2604 2068 Christum;
2635 2002 2736 2072 ipsi
2760 2002 3022 2057 ianitores
3047 2001 3243 2071 quibus
3268 2001 3447 2056 claves
3471 1999 3635 2056 datae
3660 2012 3782 2056 sunt

2193 2091 2345 2162 regni
2359 2091 2597 2148 eelorum
2615 2109 2629 2158 ;
2657 2092 2756 2162 ipsi
2772 2091 2936 2146 etiam
2955 2092 3352 2160 dispensatores
3369 2091 3552 2160 regiae
3567 2091 3776 2154 domus,

2193 2199 2426 2255 quorum
2445 2184 2680 2248 arbitrio.
2697 2185 2750 2238 in
2777 2185 2898 2238 aula
2919 2183 3063 2254 regis
3085 2183 3289 2238 aeterni
3313 2183 3635 2238 dividuntur
3660 2197 3776 2252 gra-

2193 2277 2294 2331 dus
2321 2284 2377 2331 et
2409 2275 2582 2331 ofﬁcia
2623 2275 2981 2345 singulorum.
3013 2295 3030 2329 ι
3074 2275 3226 2331 Licet
3277 2275 3422 2330 enim
3470 2285 3779 2331 sanctorum

2192 2367 2666 2437 predecedentium
2692 2369 3034 2423 sacerdotum
3058 2369 3170 2422 vita
3196 2376 3250 2423 et
3279 2367 3492 2422 meritis
3515 2367 3676 2439 longe
3695 2370 3778 2423 iu-

2195 2457 2420 2514 feriores
2442 2459 2634 2524 simus,
2659 2459 2712 2514 id
2748 2468 2928 2513 tamen
2957 2474 3171 2514 sacrum
3226 2459 3590 2514 ministerium
3639 2460 3779 2528 quod

2193 2549 2399 2619 indigni
2426 2550 2778 2620 suscepimus,
2805 2565 2910 2605 non
2933 2549 3159 2605 minoris
3185 2550 3593 2605 auctoritatiset
3615 2551 3779 2622 digiti-

2195 2640 2323 2695 tatis
2346 2640 2531 2695 existit
2562 2641 2601 2705 ',
2628 2650 2683 2696 et
2712 2655 3039 2711 quamquam
3075 2650 3226 2697 tanto
3249 2642 3553 2697 ministerio
3574 2643 3776 2712 indigni

2193 2734 2380 2798 simus,
2406 2744 2628 2804 propter
2648 2733 2798 2789 illum
2828 2743 3007 2790 tamen
3037 2736 3192 2790 cuius
3236 2735 3600 2791 ministerium
3641 2751 3777 2806 geri-

2192 2840 2333 2890 mus,
2364 2825 2417 2879 in
2440 2826 2595 2881 nobis
2622 2840 2729 2882 non
2760 2826 3250 2896 contempnendum
3275 2834 3378 2881 est.

2263 2937 2316 2992 5.
2345 2936 2480 2991 Illud
2500 2936 2526 2976 ἀ
2552 2937 2714 2991 etiam
2743 2937 3049 3007 Specialiter
3067 2936 3432 2992 necessarium
3454 2945 3635 2991 vestre
3657 2952 3772 2991 suc-

2196 3043 2384 3099 gerere
2405 3027 2594 3096 pietati
2623 3027 2893 3094 duximus,
2916 3038 2976 3082 ut
3003 3027 3188 3083 ﬁdeles
3211 3028 3377 3083 vestri
3403 3042 3502 3096 per
3546 3043 3646 3082 vos
3680 3028 3771 3082 ad-

2198 3130 2522 3177 moneantur
2546 3129 2599 3175 et
2626 3121 2992 3186 instruantur,
3039 3119 3292 3190 quatinus
3319 3120 3536 3189 quando
3580 3119 3778 3188 aliquid

2195 3213 2354 3269 nobis
2376 3221 2552 3268 vestra
2580 3213 2847 3269 celsitudo
2880 3213 2946 3268 de
2969 3221 3155 3268 nostra
3183 3213 3546 3278 correctione,
3578 3213 3662 3267 vel
3687 3229 3776 3268 ve-

2195 3313 2308 3360 stra
2348 3321 2448 3360 nec
2473 3322 2582 3360 non
2604 3313 2658 3360 et
2681 3305 2896 3362 illorum
2919 3305 3121 3372 salute,
3156 3305 3498 3360 tractandum
3526 3305 3775 3360 commit-

2194 3396 2280 3461 tit,
2310 3403 2369 3449 ut
2392 3411 2497 3450 non
2520 3410 2619 3464 per
2641 3394 2857 3450 inanem
2885 3403 2940 3450 et
2975 3393 3166 3449 falsam
3193 3394 3555 3464 suspitionem
3588 3403 3775 3449 contra

2195 3504 2296 3544 nos
2313 3489 2626 3543 scandalum
2657 3498 2900 3553 sumant,
2929 3497 2984 3543 et
3013 3487 3129 3544 sine
3154 3504 3317 3545 causa
3351 3489 3405 3542 in
3451 3504 3550 3544 nos
3595 3490 3774 3544 detra-

2195 3578 2373 3633 hendo
2401 3578 2570 3633 Deum
2594 3578 2886 3642 offendant,
2915 3587 2970 3633 et
3004 3581 3148 3635 unde
3173 3579 3276 3634 sibi
3305 3578 3532 3634 salutem
3561 3593 3779 3648 sperare

2194 3676 2250 3725 et
2278 3669 2565 3738 adquirere
2589 3669 2902 3735 debuerant,
2932 3671 3147 3741 culpam
3182 3671 3483 3728 incurrant.
3512 3670 3651 3738 Quia
3681 3687 3778 3727 nos

2195 3759 2362 3814 nichil
2390 3759 2534 3814 aliud
2561 3776 2822 3829 quaerere
2848 3769 2943 3816 aut
2975 3769 3212 3817 tractare
3253 3763 3644 3826 desideramus,
3677 3778 3775 3818 nec

2194 3852 2366 3906 nostri
2387 3849 2544 3907 oﬁicii
2576 3860 2660 3907 est
2681 3862 2741 3907 ut
2765 3851 3043 3919 faciamus,
3089 3855 3197 3910 nisi
3238 3854 3383 3924 quod
3415 3853 3485 3908 ad
3530 3865 3774 3910 nostrum

2195 3942 2436 3998 debitum
2465 3943 2828 3999 ministerium
2855 3955 2910 3999 et
2935 3944 3002 4000 ad
3024 3945 3237 4000 illorum
3262 3945 3490 4000 salutem
3519 3947 3772 4015 pertinet.

2192 4034 2260 4086 Et
2289 4033 2408 4088 ideo
2432 4049 2538 4088 non
2565 4034 2826 4089 debemus
2871 4043 2998 4090 ante
3025 4042 3239 4104 tempus
3278 4049 3376 4104 per
3421 4037 3772 4105 suspitionem

2192 4125 2442 4190 iudicari,
2469 4124 2561 4180 sed
2586 4126 2865 4194 pacienter
2899 4127 3194 4196 expectari,
3221 4127 3394 4181 donec
3420 4127 3535 4195 ipsa
3579 4127 3771 4180 veritas

2193 4214 2537 4268 manifestum
2565 4215 2746 4278 faciat,
2786 4223 2969 4269 utrum
2991 4217 3163 4287 magis
3192 4217 3447 4271 audiendi
3485 4232 3555 4270 an
3597 4217 3764 4284 inpro-

2193 4303 2354 4358 bandi
2383 4304 2571 4358 simus.
2605 4302 2714 4358 Nos
2753 4304 2918 4368 enim,
2947 4305 2994 4358 si
3022 4303 3160 4358 forte
3205 4305 3468 4369 evenerit,
3493 4312 3552 4358 ut
3577 4303 3768 4372 aliquid

504 4399 876 4454 quaecumque
902 4395 1046 4450 sunt,
1078 4388 1145 4440 ad
1170 4388 1299 4442 illud
1327 4388 1566 4442 divinum
1592 4399 1936 4444 reserventur
1965 4406 2090 4444 cxa—
2121 4434 2170 4494 D
2194 4394 2446 4450 sinistrae
2467 4395 2735 4466 opinionis
2761 4395 2824 4450 de
2853 4397 3006 4451 nobis
3026 4395 3168 4450 fama
3190 4397 3474 4467 sparserit,
3494 4395 3604 4453 Deo
3622 4397 3769 4451 nobis

504 4492 648 4531 nien.
682 4478 790 4531 Vos
811 4479 1031 4541 etenim,
1064 4481 1219 4533 nobis
1242 4496 1272 4533 a
1296 4481 1407 4534 Deo
1433 4481 1564 4545 dati,
1594 4481 1726 4535 estis
1752 4482 1866 4546 Dei,
1896 4491 1949 4538 et
1967 4499 2091 4538 con-

504 4570 726 4623 veniens
748 4586 856 4623 non
881 4581 961 4625 est
989 4581 1048 4624 ut
1075 4572 1235 4627 homo
1262 4573 1460 4628 iudicet
1499 4575 1628 4630 deos
1647 4615 1660 4639 ,
1691 4577 1784 4630 sed
1807 4576 1895 4630 ille
1946 4577 2092 4632 solus

503 4660 568 4713 de
591 4675 700 4730 quo
723 4663 982 4729 scriptum
1019 4672 1102 4718 est
1127 4665 1188 4720 a:
1226 4665 1363 4719 Deus
1399 4667 1539 4719 stetit
1575 4667 1628 4719 in
1667 4683 1930 4738 synagoga
1968 4669 2092 4723 deo-

501 4767 639 4816 rum,
664 4754 718 4805 in
755 4754 923 4807 medio
961 4765 1133 4808 autem
1168 4756 1308 4810 Deus
1335 4757 1608 4811 diiudicat.
1643 4777 1661 4809 ›
1698 4757 1804 4813 Sed
1829 4770 1850 4797 ε
1875 4769 1928 4813 et
1961 4759 2091 4815 illud

501 4841 568 4893 ad
598 4842 914 4896 menmriam
945 4845 1306 4899 reducendum
1331 4855 1435 4911 est,
1462 4847 1698 4916 qualiter
1726 4847 1916 4902 beatus
1957 4848 2089 4905 Pro-

500 4948 626 5002 sper
646 4934 697 4987 iit
727 4934 864 4990 libro
885 4952 1044 5005 quem
1089 4937 1154 4992 de
1180 4939 1594 5008 contemplativa
1635 4948 1689 4994 et
1737 4941 1933 4996 actuali
1976 4943 2086 4997 vita

501 5023 706 5087 scribit,
747 5024 957 5080 laudem
987 5028 1326 5082 sacerdotum
1376 5031 1830 5099 conprehenderit
1859 5049 1873 5088 :
1906 5051 1924 5081 ι
1953 5033 2088 5103 lpsis

502 5114 644 5168 enim
671 5115 845 5187 inquit
882 5118 934 5173 id
979 5128 1064 5174 est
1098 5121 1468 5177 sacerdotibus
1511 5123 1727 5193 proprie
1783 5124 2086 5181 animarum

2193 4503 2350 4558 opem
2381 4486 2586 4542 ferente
2607 4486 2967 4556 equanimiter
3009 4487 3241 4543 tolerare
3282 4497 3338 4543 et
3387 4503 3672 4558 possumus
3717 4496 3769 4540 et

2193 4581 2470 4636 debemus.
2498 4578 2602 4648 Ipsi
2636 4594 2762 4635 vero
2786 4579 2943 4648 culpa
2970 4579 3219 4636 inmunes
3238 4595 3360 4634 esse
3389 4597 3499 4634 non
3527 4587 3763 4649 possunt,

2193 4673 2319 4728 dum
2349 4680 2563 4740 patrum
2591 4679 2646 4724 et
2688 4669 2918 4725 fratrum
2951 4671 3305 4726 intentionem
3343 4672 3464 4727 sine
3496 4687 3656 4726 causa
3684 4685 3765 4724 re-

2191 4762 2528 4831 prehendere
2581 4776 2689 4816 non
2741 4769 3020 4829 metuunt;
3059 4763 3313 4832 quoniam
3355 4764 3461 4818 hoc
3494 4775 3768 4831 sumopere

2192 4855 2546 4910 laborandum
2576 4861 2661 4907 est
2682 4855 2839 4909 nobis
2866 4862 2920 4908 et
2948 4855 3120 4918 vobis,
3151 4864 3210 4908 ut
3237 4869 3453 4924 semper
3481 4855 3621 4908 inter
3649 4866 3767 4922 pas-

2194 4954 2339 5000 tores
2361 4944 2680 4999 eclesiarum
2703 4953 2755 4998 et
2777 4959 2992 5016 gregem
3022 4943 3224 4999 Christi
3261 4959 3367 5015 pax
3403 4955 3461 5000 et
3489 4943 3764 5000 concordia

2189 5035 2626 5103 unanimitasque
2649 5045 2913 5090 servetur.
2940 5035 3052 5091 Nisi
3077 5037 3220 5092 enim
3248 5037 3535 5090 caritatem
3561 5045 3614 5091 et
3645 5050 3766 5088 con-

2191 5127 2431 5184 cordiam
2461 5128 2516 5182 in
2555 5129 2789 5184 invicem
2811 5129 3131 5194 habuerint,
3161 5128 3329 5183 Deum
3374 5131 3514 5186 sicut
3563 5133 3766 5200 oportet

1720 5258 2114 5319 VARIANTES
2153 5263 2558 5321 LECTIONES.

574 5347 591 5377 ⁸
616 5363 775 5418 quem
801 5365 848 5403 c.
925 5351 946 5380 ¹
973 5351 1293 5406 remitentur
1317 5367 1365 5405 ε.
1426 5352 1447 5383 ³
1464 5359 1623 5420 est...
1655 5362 1739 5409 est
1761 5359 1947 5410 desunt
1969 5357 2023 5410 in
2049 5358 2246 5413 codice.

2323 5366 2345 5389 ⁵
2377 5357 2522 5428 quod
2541 5356 2789 5426 placatus
2804 5358 2921 5413 cod.
2984 5359 3005 5391 '
3026 5360 3310 5416 existimas
3334 5379 3385 5416 c.

2023 5485 2257 5542 ΝΟΤιΕ.

575 5597 601 5659 _-
641 5586 716 5659 ii.
738 5604 823 5659 ιιι,
847 5589 898 5655 8,
931 5605 984 5659 p.
1012 5588 1168 5644 1661.

576 5651 606 5696 ³³
643 5657 776 5713 Ibid.

2264 5609 2287 5635 c
2330 5597 2415 5660 ιιι,
2456 5599 2518 5662 9,
2558 5614 2611 5668 ι).
2654 5600 2810 5653 test.

2265 5668 2291 5707 ἀ
2335 5669 2416 5734 ιιι,
2463 5671 2549 5737 ιο,
2581 5686 2635 5740 ι).
2671 5671 2823 5726 1662.
