3974 6134
258 305 363 358 (ἱὶὸ

570 300 801 359 CODEX
839 300 1356 362 DlPLOMATlCUS.
1381 333 1449 345 —-
1470 302 1790 361 LUDOVlCl
1827 302 1847 356 l
1883 302 1970 357 ET
2010 301 2331 358 LOTll.\llll
2360 301 3031 360 CAPITULARIA.—Att.
3069 299 3198 359 89.

3408 297 3521 359 GH

255 412 543 485 propitium
573 414 770 469 habere
796 430 903 470 non
950 423 1247 470 merentur.
1279 414 1636 484 Quapropter,
1688 413 1826 468 sicut

1930 431 2076 485 sario
2117 431 2368 486 duximus
2407 432 2799 503 expectendum
2836 430 2879 496 ‘,
2924 439 2984 486 ut
3017 433 3324 488 sacerdotes
3361 442 3417 490 et
3442 433 3521 490 le-

250 505 574 575 premissum
597 513 700 570 est,
730 520 853 560 cum
875 505 989 560 Deo
1016 506 1313 576 inspirante
1345 514 1527 560 vestra
1556 506 1731 575 pietas
1766 505 1833 559 de

253 596 651 653 aecclesiastica
670 605 726 651 et
751 596 1022 652 communi
1038 596 1272 653 utilitate
1293 596 1493 668 aliquid
1512 596 1668 651 nobis
1693 604 1834 651 trac-

253 695 367 742 tare
392 686 677 757 praecipit,
708 702 816 742 non
857 695 943 742 est
975 686 1132 742 nobis
1160 685 1241 742 fas
1267 686 1507 751 mentiri,
1555 686 1681 756 quia
1731 685 1833 740 ali-

250 781 463 851 quando
485 779 771 835 veritatem
798 779 917 835 sine
938 780 1089 849 gravi
1128 780 1369 850 periculo
1410 781 1479 849 ad
1505 787 1716 849 tempus
1740 793 1830 833 re-

251 874 418 929 ticere
434 913 449 938 ,
476 886 773 942 numquam
804 880 982 927 tamen
1008 871 1323 942 interrogati
1347 871 1412 926 de
1439 871 1556 939 ipsa
1580 870 1831 933 veritate,

249 966 367 1021 sine
407 963 559 1033 gravi
588 960 905 1018 discrimine
947 977 1238 1032 possumus
1284 962 1522 1017 mentiri.
1573 959 1831 1030 Sedquia

248 1057 451 1111 veritas
463 1068 590 1124 sepe
607 1054 792 1110 odium
817 1063 1061 1125 generat,
1086 1060 1143 1107 et
1166 1069 1344 1110 sermo
1370 1053 1465 1108 Dei
1486 1049 1831 1107 adversarius

247 1162 281 1202 a
304 1146 528 1201 Domino
548 1144 749 1200 nostris
771 1143 1081 1199 carnalibus
1104 1144 1471 1213 voluptatibus
1481 1139 1826 1205 describitur,

247 1247 428 1293 tamen
459 1246 515 1292 et
539 1238 596 1292 in
629 1236 717 1290 via
744 1235 798 1290 id
821 1245 906 1290 est
936 1236 991 1290 in
1004 1236 1244 1305 presenti
1258 1235 1369 1289 vita
1381 1233 1827 1290 consentiendum

243 1340 346 1394 est,
383 1339 442 1385 ut
470 1331 486 1362 ⁸
518 1329 966 1401 quotiescumque
998 1324 1319 1396 interrogati
1338 1324 1621 1380 veritatem
1650 1322 1829 1393 profe-

246 1422 431 1485 rimus,
457 1435 780 1491 quamquam
814 1418 1059 1474 nonnulli
1090 1415 1293 1472 Μινωί
1328 1416 1445 1473 sine
1481 1431 1644 1471 causa
1670 1430 1827 1471 scan-

244 1511 561 1574 dalizentur,
585 1510 746 1565 nobis
788 1515 972 1563 tam
999 1506 1445 1563 consentiendum
1482 1514 1566 1561 est
1604 1512 1829 1577 propter

242 1600 414 1672 ipsam
440 1601 748 1655 veritatem.
803 1596 939 1653 Nam
987 1612 1114 1668 sepe
1157 1597 1373 1667 quando
1400 1597 1554 1654 vobis
1583 1594 1827 1666 suggeri-

175 1733 189 1742 ,
240 1707 393 1755 mus,
421 1698 482 1745 ut
506 1689 690 1745 ﬁdeles
713 1689 916 1759 quique
957 1702 1046 1741 res
1072 1685 1429 1742 aeclesiarum
1475 1685 1564 1755 pie
1612 1692 1669 1738 et
1700 1697 1824 1738 cum

1930 520 2075 575 vitae
2098 529 2152 575 et
2171 521 2445 592 sequentis
2471 520 2679 575 ordinis
2703 520 2904 585 clerici,
2933 516 3025 590 qui
3064 520 3117 574 in
3145 520 3373 577 diversis
3416 523 3519 577 im-

1927 614 2065 684 perii
2092 615 2253 669 vestri
2278 614 2521 683 partibus
2547 612 2882 682 uteximeque
2917 613 2971 666 in
2996 611 3181 666 Italiae
3211 611 3521 682 regionibus

1929 702 2054 773 fuga
2083 702 2217 773 lapsi
2239 710 2385 767 sunt,
2410 710 2586 757 vestra
2615 702 2933 757 auctoritate
2970 716 3066 771 per
3092 700 3285 755 missos
3312 710 3522 759 vestros

1930 792 2215 863 diligenter
2256 793 2665 862 perquirantur,
2718 792 2850 846 etin
2875 792 3247 861 praesentiam.
3280 800 3519 847 vestram

1928 883 2119 939 vestire
2140 884 2531 954 conpellantur,
2562 890 2617 937 et
2652 898 2749 954 per
2771 891 3007 937 vestram
3033 881 3376 937 clementiam
3399 882 3521 937 uni-

1929 973 2125 1043 cuique
2150 973 2412 1029 ecclesiae
2431 989 2463 1028 a
2496 988 2604 1044 qua
2632 987 2730 1041 per
2762 971 3151 1027 contumatiam
3182 968 3516 1038 defecerunt,

1928 1064 2300 1118 restituantur.

2000 1155 2053 1210 6.
2090 1155 2224 1211 Illud
2268 1154 2297 1195 (ι
2347 1169 2562 1226 quoque
2598 1153 2988 1215 nichilominus
3038 1168 3071 1207 a
3097 1160 3275 1207 vestra
3318 1151 3522 1222 pietate

1928 1250 2204 1321 supliciter
2222 1247 2542 1320 ﬂagitamus,
2567 1257 2628 1303 ut
2648 1248 2897 1303 monachi
2917 1257 2969 1303 et
2989 1248 3272 1318 presbiteri
3293 1263 3392 1302 nec
3412 1263 3521 1308 non

1927 1348 1983 1394 et
2005 1339 2187 1395 clerici
2211 1340 2304 1409 qui
2340 1338 2636 1410 postposita
2682 1339 2940 1395 canonica
2967 1338 3288 1394 auctoritate
3313 1337 3521 1408 passim

1927 1428 2187 1498 palatium
2223 1430 2450 1495 adeunt,
2487 1438 2542 1484 et
2575 1430 2769 1484 vestris
2803 1430 2973 1485 sacris
3010 1429 3234 1485 auribus
3276 1429 3522 1499 inportu-

1928 1519 2206 1573 nissimam
2244 1520 2545 1575 molestiam
2587 1519 2844 1585 inferunt,
2892 1528 3073 1575 vestra
3119 1521 3441 1576 auctoritate
3466 1528 3522 1577 et

1924 1617 2192 1680 potestate
2221 1611 2626 1678 deterreantur,
2671 1628 2773 1667 nec
2813 1612 2917 1667 hoc
2954 1613 3131 1668 facere
3169 1620 3515 1683 presumant;

1926 1703 2183 1773 quoniam
2208 1703 2260 1758 in
2285 1705 2655 1760 huiuscemodi
2691 1704 2836 1762 facto
2863 1714 2918 1761 et
2944 1707 3096 1777 vigor
3120 1706 3522 1764 ecclesiasticus

240 1782 540 1838 reverentia
562 1788 618 1835 et
642 1780 839 1835 timore
863 1778 958 1833 Dei
979 1784 1233 1842 tractent,
1265 1785 1321 1832 et
1340 1784 1673 1846 cognoscant
1701 1774 1822 1831 illas

1930 1793 2341 1863 contempnitur,
2364 1802 2419 1849 et
2441 1794 2627 1866 religio
2654 1774 3022 1853 sacerdotalis-
3036 1805 3092 1852 et
3116 1795 3383 1867 professio
3406 1814 3522 1854 mo-

237 1873 354 1930 Deo
382 1888 501 1929 esse
526 1872 755 1935 dicatas,
783 1870 1042 1941 quatinus
1070 1869 1150 1925 sic
1179 1868 1414 1924 habeant
1449 1867 1516 1923 de
1552 1865 1660 1921 illis
1687 1875 1824 1921 tem-

234 1965 472 2036 poralem
493 1961 817 2033 profectum,
846 1971 905 2016 ut
930 1977 1038 2017 non
1062 1976 1161 2032 per
1184 1960 1548 2031 ignorantiam
1565 1966 1620 2013 et
1641 1959 1825 2031 negle—

234 2058 472 2130 gentiam
494 2065 775 2111 aeternum
798 2054 1085 2124 paciantur
1108 2053 1513 2117 detrimentum,
1551 2052 1827 2121 suspican-

235 2157 331 2205 tur
360 2145 625 2213 nonnulli,
654 2146 800 2216 quod
821 2160 921 2200 nos
944 2159 1111 2200 causa
1156 2142 1468 2214 cupiditatis
1508 2143 1689 2213 potius
1719 2142 1825 2199 hoc

234 2244 589 2299 admonemus
625 2254 787 2309 quam
814 2252 980 2293 causa
1009 2236 1200 2292 salutis
1217 2275 1233 2301 ,
1282 2250 1407 2291 cum
1432 2250 1532 2291 nos
1556 2235 1825 2290 veraciter

231 2337 397 2393 nullis
422 2338 586 2391 rebus
619 2333 720 2389 sibi
744 2330 975 2387 conlatis
997 2338 1248 2400 optemus
1270 2343 1364 2385 eos
1384 2325 1695 2396 exspoliari,
1728 2325 1825 2381 sed

233 2428 412 2499 magis
447 2440 636 2482 eorum
685 2423 961 2480 communi
991 2421 1152 2478 saluti
1186 2419 1493 2477 consultum
1527 2420 1819 2489 praebere,

232 2520 363 2591 quia
389 2534 496 2573 non
532 2532 714 2572 rerum
739 2555 754 2581 ,
794 2522 855 2569 ut
900 2512 1060 2568 multi
1111 2511 1465 2574 arbitrantur,
1529 2509 1825 2564 ambitione

229 2609 645 2669 sedanimarum
669 2606 855 2678 potius
894 2603 1230 2660 delectamur
1257 2600 1575 2664 salvatione,
1636 2598 1825 2654 adten-

234 2704 430 2759 dentes
450 2698 580 2755 illud
601 2696 859 2769 apostoli:
881 2695 1007 2750 Non
1026 2695 1164 2749 enim
1186 2702 1354 2749 vestra
1372 2708 1588 2762 quaero,
1602 2690 1693 2745 sed
1714 2706 1820 2746 ros.

300 2792 356 2847 4.
397 2790 534 2847 Cum
563 2801 590 2831 ι
621 2788 761 2845 sacri
787 2801 1027 2843 canones
1068 2785 1152 2841 bis
1180 2785 1235 2839 in
1264 2797 1407 2838 anno
1430 2782 1655 2839 concilia
1683 2783 1827 2837 cclc-

228 2885 379 2943 brari
420 2884 670 2947 iubeant,
703 2880 837 2936 illud
864 2878 1062 2934 obnixe
1100 2883 1339 2932 vestram
1378 2873 1635 2944 pietatem
1662 2873 1823 2942 depo-

229 2979 451 3040 scimus,
481 2984 541 3030 ut
569 2973 747 3030 saltim
772 2971 858 3028 vel
885 2969 1053 3026 semel
1076 2969 1131 3024 in
1163 2982 1305 3023 anno
1330 2966 1553 3022 libertas
1571 2964 1822 3035 oportuni

230 3069 491 3142 temporis
520 3067 867 3129 concedatur,
898 3079 1006 3135 quo
1033 3064 1169 3118 haec
1194 3062 1264 3117 ad
1294 3061 1557 3116 honorem
1586 3059 1681 3114 Dei
1701 3074 1823 3113 san-

1924 1883 2171 1939 nasticha
2198 1886 2219 1917 "
2245 1885 2365 1941 vilis
2390 1885 2635 1941 ellicitur.

1925 1993 1949 2035 ί,
1996 1972 2049 2029 7.
2088 1975 2223 2031 Illud
2250 1987 2274 2016 ο
2302 1977 2466 2032 etiam
2509 1976 2531 2008 ³
2558 1979 2754 2034 obnixe
2790 1985 3026 2034 vestram
3070 1988 3313 2036 sanctam
3340 1980 3520 2051 piissi-

1924 2082 2011 2122 ma
2019 2083 2177 2138 mque
2201 2068 2538 2125 devotionem
2551 2069 2862 2140 suppliciter
2874 2074 3141 2127 monendo
3156 2072 3518 2143 deposcimus,

1923 2165 1985 2212 ut
2004 2158 2074 2212 ob
2094 2173 2335 2214 amorem
2356 2168 2409 2214 et
2430 2159 2690 2216 honorem
2712 2161 2805 2216 Dei
2825 2168 2879 2217 et
2897 2162 3110 2218 animae
3131 2171 3343 2218 vestrae
3366 2163 3515 2219 salu-

1924 2256 2034 2307 tam
2059 2265 2266 2307 morem
2288 2260 2575 2323 paternum
2596 2260 2904 2323 sequentes,
2924 2254 3190 2324 quasdam
3217 2254 3374 2309 sedes
3404 2254 3519 2323 epi-

1924 2341 2169 2412 scopales
2205 2358 2345 2413 quae
2393 2344 2556 2398 rebus
2583 2343 2815 2413 propriis
2837 2343 3088 2398 viduatae
3128 2343 3295 2398 immo
3322 2343 3519 2397 annul-

1922 2432 2067 2490 latae
2090 2449 2210 2491 esse
2234 2436 2500 2501 videntur,
2526 2436 2654 2491 dum
2667 2443 2880 2505 tempus
2904 2435 3117 2492 habetis
3151 2442 3208 2490 et
3232 2436 3514 2506 oportuni-

1924 2532 2008 2580 tas
2052 2540 2110 2581 se
2131 2527 2426 2595 prebuerit,
2455 2529 2522 2583 de
2553 2542 2745 2583 earum
2773 2526 3143 2584 sublevatione
3180 2534 3238 2583 et
3268 2527 3517 2584 consola-

1922 2615 2070 2671 tione
2095 2617 2361 2688 cogitetis,
2383 2631 2651 2673 memores
2677 2633 2891 2690 semper
2918 2620 3187 2689 quomodo
3212 2620 3521 2691 progenito-

1922 2720 2012 2760 res
2028 2706 2191 2761 vestri
2207 2706 2577 2763 huiuscemodi
2592 2707 2848 2776 piissimis
2870 2707 3063 2762 studiis
3084 2707 3274 2763 intenti
3297 2707 3520 2764 fuerint.

1993 2794 2046 2850 8.
2086 2793 2191 2849 Sed
2227 2795 2245 2833 ί
2276 2804 2330 2850 ει
2351 2795 2481 2851 illud
2523 2812 2555 2850 a
2590 2804 2774 2851 vestra
2808 2797 3174 2853 misericordi:
3209 2796 3330 2852 ﬁeri
3362 2799 3523 2869 depo-

1922 2883 2143 2948 scimus,
2172 2892 2231 2939 ut
2258 2885 2312 2939 in
2340 2887 2573 2956 quadam
2596 2885 2616 2916 ’
2639 2869 2791 2955 parte
2812 2886 3133 2956 parrochiae
3153 2885 3384 2958 Alitgari
3401 2890 3440 2918 ¹⁰
3466 2896 3521 2941 et

1922 2976 2221 3048 Rantgarii,
2253 2978 2343 3033 ubi
2371 2979 2740 3049 turpissimam
2772 2986 2827 3034 et
2854 2977 3301 3033 nefandissimam
3322 2988 3376 3034 et
3401 2979 3518 3049 ipso

1921 3070 2065 3125 dictu
2086 3069 2495 3127 foetidissimam
2518 3086 2631 3126 rem
2651 3071 2949 3141 perpetrari
2967 3071 3006 3101 “
3022 3070 3344 3138 audivimus,
3368 3071 3519 3126 missi

229 3130 357 3218 elae-
391 3161 490 3215 Βεί
529 3157 755 3215 εοειεείθ
813 3155 1216 3224 ιιιιιιιοτιιηιίιιιθ
1263 3151 1653 3208 θοτνθοιίοηθῐη
1690 3165 1821 3206 οοῐι-
1842 3130 1892 3193 c
1925 3159 2089 3215 vestri
2113 3161 2298 3216 ﬁdeles
2316 3162 2572 3229 existant,
2595 3130 2690 3232 qui
2711 3130 2808 3231 per
2830 3168 3156 3231 potestatem
3181 3130 3519 3231 imperiales»

226 3261 485 3324 gruenter
509 3252 867 3318 decenterque
889 3247 1004 3302 fieri
1033 3245 1241 3317 possint
1266 3246 1308 3298 '.
1334 3243 1601 3311 Quoniam
1625 3242 1670 3297 si
1686 3242 1824 3298 haec

227 3341 393 3396 semel
421 3349 480 3394 ut
501 3340 704 3394 dictum
733 3344 816 3393 est
853 3336 908 3390 in
933 3350 1076 3390 anno
1106 3350 1204 3405 per
1235 3347 1673 3403 unamquamque
1696 3346 1825 3404 pro—

228 3433 463 3488 vinciam
488 3431 760 3487 celebrata
791 3427 1010 3493 fuerint,
1041 3435 1095 3483 et
1114 3427 1289 3482 honor
1319 3424 1719 3481 ecclesiasticus
1740 3425 1825 3481 ius

229 3524 435 3580 ordinis
461 3522 547 3577 sui
575 3519 868 3583 obtinebit,
899 3526 954 3575 et
992 3516 1304 3589 inpudentia
1355 3517 1694 3586 quorundam
1731 3532 1825 3571 su-

226 3617 522 3688 perborum
547 3613 897 3676 clericorum,
936 3609 1028 3680 qui
1073 3608 1277 3680 passim
1312 3607 1514 3678 quique
1542 3607 1563 3639 ⁸
1590 3608 1826 3663 auctori-

228 3716 339 3762 tate
376 3694 641 3761 canonica
689 3702 927 3767 calcata,
979 3700 1202 3755 auribus
1245 3698 1613 3770 imperialibus
1653 3698 1824 3755 mole-

228 3798 390 3854 stiam
432 3797 454 3827 ⁸
491 3796 740 3866 ingerere
764 3808 872 3848 non
902 3792 1221 3855 cessabunt,
1252 3798 1308 3845 et
1343 3789 1620 3860 inpunitas
1648 3789 1827 3845 diver-

228 3904 415 3944 sorum
444 3885 789 3957 ﬂagitiorum,
812 3883 993 3939 locum
1019 3880 1354 3938 delitiscendi
1375 3895 1536 3951 quem
1564 3895 1709 3935 nunc
1729 3879 1826 3935 ha-

226 3982 320 4037 bet
344 3995 455 4035 non
478 3978 720 4042 habebit,
749 3984 804 4032 et
831 3974 938 4030 alia
967 3973 1165 4040 multa,
1189 3987 1330 4044 quae
1371 3972 1634 4028 hactenus
1667 3987 1826 4027 secus

229 4088 394 4144 quam
422 4069 791 4127 ecclesiastica
823 4069 981 4125 docet
1009 4065 1255 4124 doctrina
1294 4065 1652 4129 incesserunt,
1685 4064 1827 4120 ordi-

232 4179 357 4220 nem
394 4176 555 4218 suum
585 4161 814 4217 Domino
850 4158 1145 4215 auxiliante
1185 4157 1466 4213 tenebunt.
1515 4154 1776 4212 Similiter
1796 4157 1825 4197 ι)

230 4254 394 4309 etiam
419 4252 620 4308 obnixe
647 4259 703 4307 et
730 4250 1042 4323 suppliciter
1070 4256 1285 4328 vestrae
1312 4246 1616 4304 celsitudini
1643 4261 1828 4318 sugge-

232 4346 422 4412 rimus,
437 4353 498 4400 ut
518 4360 723 4400 morem
743 4354 1031 4415 paternum
1050 4347 1358 4412 sequentes,
1374 4339 1552 4395 saltim
1574 4339 1630 4395 in
1655 4340 1828 4395 tribus

1924 3256 2161 3305 vestram
2189 3249 2348 3305 simul
2376 3267 2501 3307 cum
2538 3267 2728 3307 eorum
2768 3251 3089 3306 auctoritate
3124 3265 3355 3320 quorum
3392 3264 3521 3321 par-

1922 3345 2169 3425 roechiae
2207 3353 2353 3411 sunt,
2382 3346 2526 3403 idem
2567 3346 2772 3402 malum
2798 3347 2868 3402 ab
2910 3345 3000 3401 illo
3026 3345 3149 3402 loco
3190 3346 3520 3417 quantocius

1924 3437 2188 3494 radicitus
2214 3437 2474 3494 evellant.

1995 3529 2049 3584 9.
2084 3528 2290 3585 Iterum
2318 3532 2345 3569 ε
2364 3528 2679 3600 subpliciter
2701 3530 3039 3586 admonendo
3075 3536 3293 3587 vestrae
3325 3543 3520 3601 sugge-

1924 3619 2097 3675 rimus
2142 3619 2451 3685 serenitati,
2485 3628 2547 3674 ut
2578 3627 2760 3676 vestro
2799 3620 3174 3695 sollertissimo
3212 3620 3391 3676 studio
3419 3634 3516 3677 ve-

1925 3718 2149 3781 straque
2174 3710 2443 3782 imperiali
2469 3712 2799 3768 auctoritate
2820 3719 2930 3767 tam
2958 3712 3250 3768 temeraria
3270 3712 3522 3769 christia-

1925 3817 2120 3857 norum
2160 3801 2441 3874 sanguinis
2472 3802 2514 3833 ¹¹
2542 3800 2733 3858 eil‘usio
2776 3801 2831 3857 in
2863 3816 3030 3873 regno
3058 3808 3241 3858 vestro
3265 3800 3383 3857 ﬁeri
3410 3816 3521 3856 non

1925 3894 2164 3959 sinatur,
2219 3909 2433 3963 semper
2484 3894 2615 3949 illud
2663 3894 3014 3949 adtendentes
3063 3893 3209 3963 quod
3257 3891 3521 3947 Dominus

1926 3991 2050 4055 post
2076 3984 2121 4015 “
2142 3981 2401 4039 diluvium
2421 3984 2556 4039 dixit
2581 3982 2783 4037 famulo
2821 3997 2923 4039 suo
2948 3980 3063 4037 Noe
3087 3999 3101 4035 :
3139 3981 3217 4035 De
3242 3996 3403 4034 manu
3423 3981 3519 4034 Ito-

1926 4074 2083 4129 minis
2107 4085 2155 4128 et
2175 4073 2239 4128 de
2258 4089 2420 4127 manu
2453 4073 2551 4128 tiri
2572 4082 2621 4126 et
2643 4072 2826 4142 fratris
2860 4072 2971 4126 eius
3002 4071 3264 4141 requiram
3285 4070 3517 4124 animum

1926 4163 2184 4218 hominis:
2215 4158 2526 4233 quicumque
2572 4160 2817 4230 eﬂ'uderit
2857 4161 3147 4214 humanum
3183 4157 3514 4228 sanguinem,

1928 4253 2180 4325 {nudetur
2207 4252 2422 4324 sanguis
2447 4250 2625 4316 illius;
2658 4250 2727 4306 ad
2764 4251 3046 4321 imaginem
3080 4249 3269 4321 quippe
3305 4247 3404 4302 Dei
3433 4247 3519 4318 {a-

1929 4354 2043 4399 ctus
2070 4353 2146 4399 est
2174 4344 2352 4397 homo.
2410 4342 2477 4398 Et
2504 4342 2559 4396 in
2603 4342 2719 4414 lege
2748 4355 2764 4396 :
2818 4326 2922 4408 Qui
2957 4341 3205 4397 occiderit
3254 4340 3517 4395 hominem

232 4437 735 4510 congruentissimis
763 4437 785 4468 '
812 4434 1024 4507 imperii
1050 4432 1218 4490 vestri
1261 4432 1396 4490 locis
1428 4432 1606 4489 scolae
1652 4432 1828 4503 publi-
1858 4494 1904 4510 λ
1928 4446 2095 4491 mor:e
2136 4435 2416 4490 moriatur.
2462 4434 2531 4489 Et
2569 4432 2885 4504 apostolus:
2927 4432 3071 4488 Nam
3111 4432 3372 4504 principes
3413 4448 3521 4488 non

234 4542 329 4584 cae
352 4543 422 4584 ex
449 4536 630 4602 vestra
671 4526 992 4582 auctoritate
1020 4524 1173 4590 ﬁant,
1203 4531 1264 4579 ut
1286 4522 1443 4579 labor
1462 4523 1634 4594 patris
1661 4524 1824 4579 vestri

235 4626 288 4673 et
310 4626 491 4675 vester
511 4633 610 4688 per
635 4616 898 4673 incuriam
927 4615 1073 4685 quod
1113 4614 1254 4671 absit
1300 4612 1675 4670 labefactando
1715 4628 1822 4669 non

238 4707 507 4777 depereat,
537 4706 794 4777 quoniam
818 4721 887 4761 ex
914 4706 1019 4761 hoc
1044 4702 1187 4760 facto
1214 4711 1269 4759 et
1290 4719 1485 4775 magna
1515 4703 1739 4770 utilitas,
1771 4712 1826 4760 et

237 4797 406 4855 honor
427 4806 651 4856 sanctae
676 4798 770 4853 Dei
795 4797 1072 4861 ecclesiae,
1088 4803 1143 4852 et
1166 4796 1320 4853 vobis
1344 4811 1597 4868 magnum
1620 4812 1826 4853 merce-

240 4889 321 4947 dis
350 4890 769 4946 emolumentum
791 4896 845 4944 et
876 4888 1137 4944 memoria
1177 4887 1504 4958 sempiterna
1526 4887 1822 4943 adcrescet.

306 4979 363 5035 5.
401 4980 706 5037 Similiterc
742 4986 798 5035 et
827 4979 930 5034 hoc
968 4979 1037 5034 ad
1061 4985 1297 5034 vestram
1339 4976 1596 5048 pietatem
1638 4991 1826 5032 neces-

1858 4494 1907 4553 Ι)

1928 4537 2050 4583 sunt
2076 4527 2249 4582 timori
2274 4526 2393 4580 boni
2419 4525 2589 4597 operis
2614 4524 2705 4583 sed
2729 4523 2856 4579 mali
2871 4541 2891 4589 ;
2921 4524 2996 4579 vis
3018 4532 3194 4578 autem
3221 4523 3521 4578 nontimere

1927 4625 2264 4689 potestatem;
2289 4615 2480 4671 bonum
2508 4615 2614 4685 fac,
2637 4624 2687 4671 et
2715 4614 2927 4671 habebis
2959 4613 3171 4669 laudem
3192 4631 3258 4669 ea:
3279 4613 3394 4681 illo,
3420 4613 3522 4669 Dei

1929 4706 2066 4761 enim
2091 4706 2327 4760 minister
2346 4715 2422 4760 est
2444 4704 2537 4759 tibi
2562 4704 2618 4759 in
2638 4704 2803 4771 bono;
2830 4705 2876 4760 si
2897 4712 3072 4759 autem
3093 4701 3292 4758 malum
3310 4702 3520 4774 feceris,

1928 4798 2085 4863 time;
2131 4813 2237 4851 non
2281 4796 2419 4851 etum
2474 4797 2587 4851 sine
2647 4813 2812 4851 causa
2865 4795 3103 4867 gladium
3158 4804 3368 4866 portat;
3420 4791 3519 4847 Dei

1928 4890 2066 4944 enim
2110 4890 2349 4944 minister
2400 4898 2474 4944 est
2510 4888 2698 4945 vindex
2742 4889 2800 4943 in
2828 4888 2912 4942 ira
2951 4888 3000 4943 ei
3028 4887 3118 4952 qui
3155 4886 3355 4941 malum
3385 4885 3518 4953 agit.

1933 4978 2011 5035 De
2070 4978 2162 5034 illo
2206 4978 2351 5035 enim
2403 4979 2711 5049 specialiter
2768 4976 2950 5036 divina
3011 4975 3306 5031 auctoritas
3357 4972 3519 5028 dicit:

1454 5111 1850 5171 VARIANTES
1888 5114 2294 5171 LECTIONES.

316 5232 335 5263 ⁸
372 5241 430 5286 nt
464 5248 625 5304 usque
661 5238 747 5287 est
771 5230 849 5304 bis
869 5229 1084 5300 scripta,
1115 5225 1407 5304 s_ed_al_tera
1438 5225 1547 5304 vice
1589 5223 1780 5279 deleta.
1853 5227 1874 5257 ¹¹
1911 5228 2082 5304 possit
2117 5244 2165 5282 c.

245 5305 269 5333 ⁸
304 5294 551 5359 molestia
584 5304 704 5357 cod.
780 5301 803 5334 ⁸
838 5294 1309 5370 congruentissimi
1335 5313 1382 5370 ετ
1458 5294 1480 5326 ⁸
1516 5295 1622 5370 i.e.
1647 5311 1679 5349 a
1704 5304 1884 5370 vestra
1908 5294 2223 5370 pietate"...
2262 5294 2644 5370 expetendum.
2718 5297 2741 5333 τ
2778 5294 2876 5353 sic.
2950 5295 2974 5327 ⁸
3012 5295 3123 5370 jam
3144 5309 3195 5349 c.

2329 5227 2351 5261 ³
2387 5242 2481 5298 qui
2527 5228 2732 5284 adiecto
2774 5241 2831 5297 q.
2880 5220 3238 5287 comedenda
3295 5219 3517 5276 videtur.

2329 5296 2644 5362 .petendum.
2718 5297 2741 5333 τ
2778 5298 2876 5353 sic.
2950 5295 2974 5327 ⁸
3012 5295 3123 5362 iam
3144 5309 3195 5349 c.
3283 5291 3306 5325 "
3343 5290 3520 5362 quada

246 5385 296 5425 ε.
370 5374 410 5405 ³⁸
445 5372 658 5446 atligari
695 5389 745 5427 c.
819 5372 862 5404 “
899 5365 1192 5444 pérpetrati
1216 5384 1265 5424 ε.
1342 5368 1387 5399 ⁸³
1429 5365 1649 5440 sanguis
1674 5383 1722 5422 c.
1779 5366 1857 5440 ,⁸⁸
1892 5365 2034 5423 deest
2074 5385 2121 5423 ο.

1751 5476 1988 5537 NOTAE.

316 5579 350 5681 ς
381 5569 465 5695 El,
495 5572 669 5696 H1).
702 5572 860 5631 1662.
2015 5585 2041 5616 ο
2077 5572 2141 5628 L.
2174 5588 2265 5639 sit,
2292 5571 2383 5627 l5.

428 5681 442 5697 .
473 5658 557 5698 Ill.
633 5641 689 5697 2.
2012 5643 2036 5684 ἲ
2074 5643 2138 5698 L.
2177 5658 2263 5698 ιιι.
2308 5641 2383 5697 16.

319 5658 349 5783 ξ
383 5658 444 5783 ξίῖ
473 5658 559 5778 ξῖἷζ
2012 5658 2041 5757 ἱ
2074 5658 2140 5770 ’ίί
2177 5658 2398 5783 11113:

315 5775 352 5862 ξ
382 5778 442 5839 1...
463 5775 552 5851 nt,
579 5781 669 5839 ll.

2208 5919 2234 5937 ρ
