3974 6134
372 279 474 337 1115

1179 271 1236 326 Β.
1282 269 1538 328 CAN)”
1570 267 1780 323 MAGNI
1819 269 1967 324 OPP.
2008 269 2189 323 PARS
2225 269 2264 323 1.
2305 270 2544 326 SECTIO
2579 269 2811 326 PRIMA.

3525 270 3625 326 111

373 391 622 446 Gladium
647 387 744 444 Dei
781 397 953 446 portat
990 385 1059 442 ad
1095 386 1372 440 vindictam
1418 385 1678 436 malorum
1695 422 1710 445 ,
1744 398 1850 435 non
1879 382 1944 435 de
1973 384 2020 442 Δ
2045 382 2491 437 sollicitudinibus
2517 383 2800 436 mundanis
2825 386 3089 451 quantum
3109 378 3339 451 potestls
3361 393 3455 432 vos
3467 393 3606 433 exua

373 481 612 550 quolibet
635 479 760 533 alio.
789 478 1028 533 Econtra
1050 491 1178 529 vero
1207 477 1504 536 nescimus,
1541 474 1667 542 quia
1688 471 1950 540 pernoxia

376 569 682 624 inventione
710 581 740 619 a
763 563 1030 618 nonnullis
1049 571 1367 631 usurpatum
1392 570 1494 619 est.
1531 570 1591 615 ut
1614 561 1671 615 lii
1692 560 1784 630 qui
1808 560 1951 614 nullo

377 657 674 713 ministerio
724 654 936 724 publico
986 653 1298 713 l’uleiuntur.
1345 663 1566 725 prapter
1611 669 1706 707 sua
1731 653 1853 708 odia
1896 661 1952 705 et

375 744 767 803 diversissimas
809 749 1110 798 votuutates
1153 757 1442 812 pessumas,
1497 740 1798 796 indebitum
1849 739 1950 794 sibi

376 843 637 905 usurpant
662 836 714 888 in
733 831 1067 889 vindicandis
1092 831 1353 902 proximis
1393 839 1449 885 et
1476 830 1531 884 in
1567 828 1953 884 interficiendis

378 929 394 959 ³
422 923 727 981 hominibus
759 922 1027 978 vindictae
1056 919 1437 982 ministerium,
1468 926 1521 974 et
1559 920 1701 988 quod
1723 934 1818 974 rex
1850 915 1954 972 sal-

379 1018 473 1072 tim
523 1017 576 1071 in
622 1032 730 1072 uno
779 1030 1030 1071 exercere
1071 1017 1090 1045 ²
1130 1015 1387 1070 debuerat
1426 1022 1643 1082 propter
1689 1020 1954 1066 terrorem

378 1109 688 1174 multorum,
721 1107 820 1176 ipsi
850 1107 1168 1175 inpudenter
1195 1105 1251 1158 in
1286 1104 1468 1159 multis
1508 1111 1822 1172 perpetrare
1848 1119 1955 1157 non

379 1208 625 1255 metuunt
650 1208 869 1268 propter
896 1195 1106 1260 odium,
1139 1205 1193 1250 et
1219 1203 1408 1265 putant
1443 1194 1542 1250 sibi
1584 1195 1744 1248 licere
1771 1194 1959 1248 0111111-

381 1289 698 1343 mititiarum
724 1286 1006 1351 vindictas,
1045 1286 1190 1355 quod
1221 1284 1408 1339 nolunt
1447 1292 1506 1337 ut
1527 1299 1619 1338 rex
1650 1282 1810 1338 faciat
1835 1298 1960 1354 pro-

377 1391 499 1451 pter
524 1379 618 1434 Dei
642 1376 953 1433 vindictam.
1664 1362 1676 1374 ’

453 1471 539 1524 10.
581 1471 656 1524 De
681 1483 706 1510 ει
738 1467 1022 1523 abbatibus
1051 1482 1178 1520 vero
1206 1464 1482 1521 canonicis
1507 1474 1561 1521 ct
1599 1463 1957 1536 regularibus,

381 1566 436 1613 et
461 1561 526 1616 de
553 1555 842 1614 abbatissis
862 1571 1006 1628 quae
1029 1553 1523 1610 sanctimonialibus
1546 1569 1764 1624 preesse
1784 1553 1962 1607 viden-

2053 472 2139 527 tis.
2176 481 2232 528 et
2255 474 2398 542 quod
2429 481 2608 526 tantae
2633 473 2736 526 diei
2764 471 3102 526 venerationi
3133 471 3422 541 competit,
3448 481 3503 524 et
3533 486 3634 524 vos

2050 559 2289 622 faciatis,
2321 571 2375 616 et
2412 571 2619 616 vestros
2647 551 2802 616 sacro
2845 569 3026 615 vestro
3070 559 3316 630 exemplo
3354 559 3634 616 edoceatis

2055 656 2114 703 et
2139 664 2301 718 agere
2333 651 2696 718 compellatis.
2738 708 2740 711 I

2119 741 2206 794 13.
2240 739 2348 794 Ded
2373 741 2722 809 perceptione
2744 755 2876 795 vero
2893 740 3034 794 sacri
3055 739 3306 809 corporis
3325 749 3381 793 et
3405 734 3629 809 sangui-

2051 828 2140 883 nis
2160 828 2373 885 Domini
2391 829 2783 884 niehilominus
2802 839 3178 894 monemus,ut
3203 829 3347 896 quod
3377 830 3634 883 christia-

2054 937 2154 976 nae
2176 921 2415 990 religioni
2443 919 2685 988 expedit,
2716 917 2858 971 sicut
2883 915 3036 970 vobis
3081 929 3113 967 a
3151 911 3395 982 patribus
3433 913 3636 966 nostris

2054 1015 2384 1069 admonitum
2407 1020 2490 1067 est
2516 1011 2566 1064 in
2593 1009 2711 1063 aliis
2737 1007 3108 1068 conventibus,
3137 1005 3348 1074 quando
3378 1004 3635 1074 possibite

2055 1107 2216 1161 fuerit
2241 1106 2468 1168 faciatis,
2498 1113 2553 1160 et
2574 1110 2755 1158 vestro
2787 1100 3035 1170 exemplo
3072 1099 3221 1154 vobis
3252 1097 3638 1151 famulantibus
3677 1158 3682 1160 _

2055 1208 2116 1253 ut
2138 1200 2240 1254 hoc
2259 1197 2458 1253 faciant
2491 1194 2789 1250 instruatis.

2128 1288 2214 1341 M.
2256 1287 2331 1343 De
2356 1296 2378 1322 ε
2415 1285 2647 1356 capitulo
2682 1282 2945 1356 siquidem
2969 1279 3112 1355 quod
3130 1287 3347 1356 propter
3374 1277 3642 1341 honorem

2057 1378 2478 1435 ecclesiasticum
2520 1379 2571 1433 in
2609 1378 2846 1448 generali
2891 1387 3158 1432 conventu
3215 1386 3395 1433 vestra
3430 1379 3449 1409 ⁷
3479 1372 3641 1432 celsi-

2059 1471 2186 1524 tudo
2222 1485 2280 1524 se
2313 1469 2570 1534 constitui
2617 1469 2756 1524 velle
2803 1470 3068 1533 decrevit,
3118 1470 3492 1524 tantummodo
3546 1486 3638 1524 ve-

2058 1567 2227 1614 stram
2269 1558 2524 1629 pietatem
2567 1561 2936 1630 deposcimus,
2973 1567 3032 1614 ut
3065 1562 3358 1615 secundum
3407 1561 3498 1615 Dei
3547 1578 3634 1615 vo-

384 1658 492 1713 ιιιτν
527 1648 640 1703 Sive
659 1647 725 1701 de
752 1645 904 1700 laiCiS
940 1644 1033 1714 qui
1075 1644 1402 1699 πιοηίιεῑθτίτι
1445 1645 1677 1710 habent.
1715 1644 1842 1697 ἰηιιά
1871 1659 1961 1697 V0—
2060 1649 2321 1705 luntatem
2344 1652 2486 1720 quod
2513 1652 2702 1707 melius
2723 1651 2916 1707 exinde
2951 1652 3104 1707 vobis
3139 1652 3314 1706 visum
3348 1651 3529 1717 fuerit,
3576 1653 3651 1708 ad

384 1748 529 1793 strae
553 1735 738 1806 pietati
762 1735 1129 1804 deposcimus,
1161 1743 1220 1789 ut
1244 1750 1388 1789 nunc
1424 1734 1476 1789 in
1500 1734 1735 1804 presenti
1767 1733 1964 1805 placito
1991 1722 2042 1783 Β
2067 1741 2315 1797 effectum
2350 1743 2673 1812 pel-ducaris,

386 1843 416 1880 a
442 1835 623 1881 vestra
671 1825 962 1880 serenitate
988 1839 1242 1896 expresse
1279 1827 1686 1892 admoneantur,
1718 1835 1777 1880 ut
1803 1827 1868 1881 de
1909 1842 1968 1881 se

386 1918 517 1987 ipsis
556 1917 784 1972 caeteris
827 1917 1029 1972 bonum
1061 1918 1362 1987 exemplum
1405 1919 1730 1987 praebeant,
1770 1916 1971 1972 011011-

386 2010 534 2080 giose
555 2008 693 2063 sicut
718 2009 871 2064 decet
889 2016 1296 2074 conversentur,
1309 2016 1364 2063 et
1385 2010 1528 2078 quod
1551 2009 1970 2078 uniuscuiusque

384 2098 704 2169 professioni
753 2097 1137 2153 inconveniens
1159 2106 1243 2153 est
1273 2104 1327 2153 et
1373 2099 1428 2152 in
1454 2097 1624 2154 sacris
1674 2097 1972 2153 canonibus

385 2189 716 2260 prohibetur,
744 2187 964 2243 omnino
994 2195 1237 2253 caveant,
1283 2196 1340 2244 et
1378 2189 1495 2244 loca
1535 2189 1636 2244 sibi
1681 2204 1710 2242 a
1750 2188 1906 2246 vobis
1950 2187 1970 2219 ³

385 2292 644 2333 concessa
689 2277 922 2346 diripere
967 2285 1021 2331 et
1062 2277 1263 2332 destrui
1305 2293 1400 2348 per
1433 2278 1822 2348 neglegentiam
1865 2293 1971 2333 non

387 2369 690 2430 demittant,
717 2375 769 2421 et
793 2369 1235 2438 congregationes
1262 2368 1362 2424 sibi
1391 2369 1705 2424 commissas
1733 2369 1847 2425 sive
1873 2369 1976 2439 spi-

387 2458 621 2513 ritaliter
644 2456 756 2510 sive
787 2457 1150 2526 temporaliter
1170 2465 1396 2526 paterno
1431 2457 1624 2513 affectu
1651 2459 1971 2529 gubernare,

387 2550 576 2619 eisque
607 2547 911 2602 necessaria
951 2548 1213 2617 stipendia
1254 2549 1633 2604 administrare
1662 2566 1769 2605 non
1793 2551 1973 2620 negle-

391 2648 553 2712 gant;
584 2653 652 2693 ne
679 2637 818 2693 forte
853 2647 1076 2708 propter
1114 2638 1349 2709 aliquam
1386 2641 1621 2710 inopiam
1659 2642 1836 2698 divina
1866 2641 1975 2696 olli-

389 2730 472 2785 cia
498 2729 870 2800 neglegantur,
899 2736 953 2783 et
976 2728 1125 2798 ipsae
1145 2731 1590 2802 congregationes
1610 2731 1973 2802 inrcligiosius

390 2822 574 2876 viVere
597 2820 990 2889 conpellantur,
1018 2830 1073 2875 et
1100 2831 1159 2876 ut
1181 2831 1420 2878 nostram
1460 2825 1882 2879 admonitionem
1911 2825 1975 2882 li-

391 2913 580 2968 benter
624 2913 862 2976 audiant,
908 2913 1138 2984 benigne
1189 2915 1502 2985 suscipiant,
1548 2923 1602 2970 et
1627 2915 1974 2970 oboedienter

387 3005 738 3076 adimpleant.
779 3003 1046 3072 Quoniam
1091 3004 1136 3060 si
1165 3005 1241 3060 illi
1269 3006 1468 3061 nostris
1514 3007 1971 3062 admonitionibus

391 3095 686 3165 paruerint,
736 3111 836 3151 nos
875 3096 986 3150 Deo
1009 3095 1302 3152 auxiliante
1326 3096 1347 3128 ⁸
1398 3097 1450 3151 id
1471 3112 1568 3167 per
1593 3105 1836 3152 nostrum
1861 3106 1976 3152 stu-
2002 3083 2049 3146 (ἶ

393 3188 541 3242 (1111111
581 3202 680 3257 pro
718 3187 923 3243 viribus
967 3186 1180 3244 ellicere
1223 3189 1488 3260 cupimus,
1532 3197 1591 3245 ut
1637 3191 1753 3260 ipsa
1787 3191 1976 3262 religio

393 3292 608 3348 semper
631 3279 685 3332 in
715 3278 910 3334 melius
948 3279 1218 3349 proﬁciat,
1266 3288 1320 3336 et
1354 3296 1561 3337 merces
1604 3283 1756 3338 vobis
1784 3284 1978 3339 exinde

393 3376 622 3433 crescat,
665 3383 875 3424 necnon
912 3377 968 3424 et
993 3369 1292 3440 periculum
1328 3380 1589 3442 quantum
1636 3372 1753 3428 ﬁeri
1801 3381 1978 3443 potest

394 3467 652 3519 caveatur
698 3460 720 3491 ⁸
757 3460 1079 3525 animarum,
1127 3454 1279 3517 et'ab
1327 3462 1549 3517 auribus
1588 3464 1784 3519 vestris
1830 3479 1980 3519 amo-

396 3558 588 3603 veatur
611 3563 712 3617 pro
732 3549 837 3603 hac
863 3564 1029 3604 causa
1065 3550 1267 3605 tedium
1287 3551 1671 3620 querellarum.

468 3640 555 3692 11.
596 3639 940 3695 Postulamus
967 3641 995 3680 ι’
1023 3641 1206 3706 etiam,
1233 3650 1293 3696 ut
1314 3643 1576 3698 celsitudo
1597 3652 1774 3698 vestra
1801 3644 1980 3701 missis

397 3730 593 3784 vestris
637 3730 942 3800 specialiter
986 3731 1245 3802 iniungat,
1296 3741 1357 3786 ut
1381 3735 1449 3789 ad
1490 3734 1624 3789 haec
1675 3736 1980 3806 peragenda

397 3821 625 3877 studiosi
646 3829 707 3876 et
734 3821 845 3876 veri
878 3821 1170 3887 adiutores,
1210 3823 1534 3895 ubicumque
1566 3825 1860 3880 necessitas
1885 3840 1982 3896 po-

395 3909 652 3980 poscerit,
681 3909 838 3966 nobis
873 3910 1132 3966 existant.

471 4004 558 4058 12.
599 4004 674 4057 De
699 4015 720 4042 ο
741 4003 1056 4072 presbiteris
1076 4011 1129 4058 et
1154 4003 1443 4073 capellanis
1473 4005 1495 4038 ⁸
1515 4006 1764 4077 palatinis
1792 4017 1979 4063 contra

398 4097 715 4154 canonicam
747 4097 1125 4151 auctoritatem
1157 4105 1212 4152 et
1233 4098 1686 4154 aecclcsiasticam
1727 4100 1983 4154 honesta-

399 4197 508 4242 tem
537 4186 836 4241 inconsulte
859 4186 1076 4254 babitis,
1100 4196 1335 4242 vestram
1357 4203 1637 4243 monemus
1662 4189 1976 4256 sollertiam,

403 4286 460 4330 ut
498 4293 528 4330 a
551 4285 728 4331 vestra
753 4284 1020 4345 potestate
1055 4277 1430 4333 inbibeantur:
1469 4279 1724 4348 quoniam
1762 4289 1982 4350 propter

2071 1878 2158 1933 DE
2195 1877 2306 1933 ms
2341 1878 2527 1947 QUAE
2578 1879 2848 1937 eorum
2892 1855 3384 1937 ADNUNTIANDA
3438 1881 3648 1938 sum.

2143 2010 2276 2065 Item
2309 2010 2543 2080 capitulo
2607 2010 2656 2064 l.
2697 2010 2813 2066 Hoc
2853 2010 2870 2050 ί
2911 2012 3306 2066 admonendum
3331 2011 3416 2065 vel
3448 2012 3658 2064 denun—

2071 2099 2314 2154 tiandum
2353 2099 2594 2156 ﬁdelibus
2620 2101 2924 2161 necessario
2948 2101 3298 2172 providimus,
3325 2110 3384 2154 ut
3413 2103 3437 2139 ε
3465 2101 3521 2155 111
3555 2099 3655 2170 qui

2072 2195 2233 2250 ﬁdem
2255 2194 2456 2251 Christi
2502 2202 2759 2264 expetunt
2806 2203 2860 2248 et
2899 2203 3186 2265 provectae
3241 2193 3436 2248 aetatis
3488 2201 3650 2256 sunt,

2071 2285 2386 2356 priusquam
2431 2287 2499 2340 ad
2528 2287 2852 2356 baptismum
2894 2287 3187 2348 accedant,
3225 2285 3566 2338 instruantur
3595 2292 3662 2337 et

2075 2377 2198 2434 fidei
2232 2385 2286 2430 et
2318 2377 2654 2446 baptismatis
2684 2385 3040 2432 sacramento.
3085 2374 3348 2430 Similiter
3377 2382 3433 2429 et
3463 2374 3538 2428 illi
3570 2374 3661 2427 in-

2075 2467 2312 2522 struendi
2340 2481 2480 2530 sunt,
2511 2467 2603 2537 qui
2635 2467 2889 2536 parvulos
2915 2467 2979 2521 de
3001 2479 3158 2520 sacro
3201 2463 3349 2519 fonte
3374 2465 3659 2533 suspicere

2073 2557 2357 2622 voluerint,
2393 2564 2452 2611 ut
2484 2557 2793 2628 intellegant
2821 2565 2875 2611 et
2900 2557 3006 2611 vim
3029 2556 3266 2610 eiusdem
3303 2553 3660 2618 sacramenti,

2072 2655 2128 2702 et
2148 2649 2290 2717 quod
2323 2663 2421 2717 pro
2447 2647 2565 2702 aliis
2588 2647 2971 2718 spoponderint
3000 2646 3084 2700 vel
3119 2660 3214 2715 per
3234 2661 3370 2715 quos
3393 2645 3413 2675 ⁸
3439 2643 3664 2699 ﬁdeius-

2073 2752 2225 2793 sores
2257 2738 2550 2793 extiterint.
2577 2739 2699 2794 Illos
2725 2747 2902 2793 tamen
2930 2737 3231 2806 specialiter
3253 2737 3320 2791 ab
3346 2737 3431 2790 bis
3464 2735 3669 2790 ciliciis

2072 2830 2424 2884 removendos
2448 2829 2774 2892 indicamus,
2813 2845 2880 2884 ne
2901 2827 3038 2884 alios
3074 2829 3138 2882 de
3163 2835 3514 2882 sacrosancto
3540 2825 3670 2878 fon-

2073 2919 2144 2974 tis
2176 2920 2496 2990 baptismate
2515 2918 2536 2949 ’
2562 2918 2889 2988 suscipiant,
2923 2933 3020 2972 nec
3050 2916 3212 2971 etiam
3246 2914 3313 2968 ad
3358 2913 3672 2984 percipien-

2075 3009 2201 3064 dum
2229 3009 2398 3063 sancti
2425 3007 2659 3077 Spiritus
2683 3009 2880 3063 donum
2906 3007 3132 3062 aliorum
3154 3005 3366 3076 patroni
3396 3005 3665 3066 existant,

2077 3098 2169 3169 qui
2192 3107 2246 3153 et
2285 3099 2661 3154 communione
2690 3098 2947 3154 canonica
2991 3097 3208 3168 privati,
3244 3105 3297 3152 et
3326 3096 3669 3165 peuitentiae

2076 3185 2286 3256 publice
2307 3195 2433 3240 sunt
2467 3185 2705 3250 subacti,
2747 3187 2916 3241 donec
2958 3200 3055 3255 per
3083 3185 3411 3255 penitentiae
3441 3183 3674 3238 satisfa-

2077 3278 2310 3332 ctionem
2335 3276 2826 3331 reconciliationem
2851 3284 3176 3330 mercantur.
3216 3275 3361 3341 Quos
3393 3273 3537 3328 enim
3573 3272 3670 3328 lex

2078 3366 2256 3423 divina
2282 3374 2335 3421 et
2365 3366 2661 3421 auctoritas
2682 3365 2940 3420 canonica
2969 3365 3036 3419 ab
3065 3364 3416 3419 ecclesiarum
3458 3361 3670 3416 limini-

2077 3460 2178 3514 bus
2207 3466 2261 3513 et
2286 3473 2318 3511 a
2357 3456 2551 3512 castris
2595 3457 2636 3487 ²⁰
2663 3456 3007 3519 militaribus,
3051 3469 3117 3509 ne
3147 3454 3302 3508 ruina
3334 3453 3442 3507 sint
3472 3451 3671 3522 populi

2079 3557 2401 3620 sequestrat,
2436 3548 2604 3603 multo
2629 3548 2799 3619 magis
2821 3549 2890 3602 ab
2913 3548 2999 3602 1115
3020 3547 3191 3601 sacris
3214 3547 3254 3576 ¹¹
3275 3544 3464 3599 01110115
3486 3559 3671 3613 usque

2078 3643 2145 3698 ad
2169 3652 2378 3713 tempus
2398 3641 2760 3711 poenitentiae
2799 3647 2859 3694 ut
2883 3640 2989 3693 iam
3017 3638 3220 3693 dictum
3241 3645 3324 3692 est
3351 3643 3667 3706 peractum,

2079 3739 2222 3788 sunt‘
2239 3731 2631 3802 sequestrandi.

2148 3825 2203 3880 2.
2244 3823 2315 3881 Ut
2337 3825 2366 3865 ιι
2389 3831 2542 3879 extra
2563 3830 2762 3878 statuta
2785 3828 3022 3890 tempora
3044 3834 3314 3874 canonum
3332 3817 3672 3888 baptismala

2080 3932 2186 3971 non
2209 3915 2576 3978 celebrentur,
2614 3913 2739 3981 quia
2771 3911 2910 3966 sacri
2945 3925 3179 3966 canones
3209 3911 3312 3965 hoc
3341 3910 3517 3964 modis
3549 3924 3676 3964 om.

2081 4010 2256 4073 nibus,
2289 4007 2393 4062 nisi
2422 4005 2624 4075 aliquid
2655 4004 2953 4074 periculum
2989 4002 3283 4065 institerit,
3321 4000 3436 4054 11011
3474 4001 3676 4070 prohi-

2080 4101 2234 4164 bent,
2271 4099 2323 4154 in
2357 4106 2564 4152 tantum
2599 4105 2660 4152 ut
2693 4097 2856 4151 etiam
2889 4111 2982 4151 eos
3028 4095 3122 4164 qui
3156 4093 3260 4148 alio
3297 4102 3544 4163 tempore
3572 4095 3674 4148 bac

2081 4191 2369 4260 ptizantur,
2400 4205 2428 4243 a
2455 4189 2708 4259 gradibus
2737 4186 3113 4242 ecclesiasticis
3135 4191 3373 4239 arceant.

2150 4282 2203 4336 5.
2247 4281 2366 4334 1)οί
2406 4295 2469 4334 eo
2511 4279 2674 4333 etiam
2719 4277 3031 4331 instruendo
3076 4275 3258 4330 ﬁdeles
3301 4275 3676 4328 necessarium

401 4367 503 4420 hoc
523 4374 577 4419 et
600 4366 774 4420 honor
808 4366 1206 4422 ecclesiasticus
1244 4368 1403 4423 vilior
1443 4368 1690 4433 edicitur,
1724 4377 1778 4423 et
1815 4371 1977 4425 vestri
2009 4421 2062 4480 Β
2084 4371 2465 4442 praevidimus,
2493 4377 2552 4423 ut
2573 4368 2884 4438 intellegant
2913 4377 3126 4437 pactum
3159 4366 3301 4436 quod
3329 4381 3455 4419 cum
3479 4365 3592 4419 Deo
3616 4366 3678 4419 in

401 4469 649 4480 ---Διυι-..ιι
673 4463 719 4480 ,ιι
749 4456 970 4480 ...ἀρίζηξ
1014 4458 1242 4480 ...ε-,εμιμε
1287 4459 1336 4480 2..
1385 4458 1562 4480 J!-I.---
1607 4459 1953 4480 -_Il-_-___SL_s-
2089 4461 2401 4480 L__.!_‘_A.-
2456 4459 2693 4480 P__-____.A
2763 4459 2829 4480 IL.
2846 4469 2980 4480 _._-_-
3022 4458 3159 4480 ..---.l
3199 4473 3313 4480 ιη-..-
3339 4457 3450 4480 ﬂ..-
3490 4457 3541 4480 :_
3576 4457 3638 4480 1.-

401 4469 652 4525 proceres
670 4463 724 4509 et
749 4456 973 4524 palatini
1014 4458 1245 4512 miniStri
1287 4459 1341 4513 in
1378 4458 1565 4514 diebus
1604 4459 1974 4525 sollemnibus,

403 4544 543 4598 sicut
588 4545 774 4611 decet,
822 4546 1105 4600 vobiscum
1160 4549 1225 4602 ad
1253 4549 1543 4602 missarum
1584 4549 1981 4605 celebrationes

403 4648 510 4687 non
531 4633 990 4702 procedunt.Nam
1013 4641 1067 4689 et
1097 4635 1293 4691 obnixe
1313 4640 1680 4706 deprecamur,
1715 4646 1775 4692 ut
1806 4639 1859 4693 in
1885 4640 1982 4694 ob-

403 4722 705 4777 servatione
730 4722 835 4777 diei
860 4721 1131 4789 dominici,
1161 4724 1318 4780 sicuti
1351 4725 1457 4780 iam
1489 4727 1689 4781 dudum
1712 4727 1981 4796 deprecati

403 4826 609 4876 sumus,
633 4811 872 4866 debitam
893 4812 1193 4866 adhibeatis
1217 4829 1426 4879 curam,
1453 4814 1710 4884 quatinus
1737 4816 1842 4870 nisi
1867 4834 1982 4872 ma-

403 4910 506 4972 gna
533 4901 864 4971 conpellente
910 4901 1261 4968 necessitate,
1312 4903 1366 4957 in
1404 4902 1517 4973 ipsa
1551 4904 1638 4959 die
1682 4919 1713 4958 a
1757 4906 1903 4961 curis
1930 4917 1984 4962 et

2087 4461 2406 4531 baptismate
2454 4459 2718 4515 fecerunt.
2763 4459 2984 4514 Pactum
3019 4458 3160 4526 quod
3194 4473 3316 4511 cum
3339 4457 3454 4510 Deo
3490 4457 3544 4510 in
3576 4457 3684 4510 ba.

2085 4553 2338 4622 ptismate
2383 4552 2426 4582 ¹¹
2471 4549 2547 4615 111,
2588 4566 2618 4603 a
2656 4550 2839 4605 multis
2869 4566 2935 4604 ex
2971 4556 3102 4614 toto,
3141 4563 3171 4602 a
3202 4547 3386 4602 multis
3427 4563 3494 4601 ex
3515 4557 3684 4616 parte

2089 4640 2499 4712 transgreditur.
2539 4638 2618 4692 Ex
2641 4646 2752 4693 toto
2781 4639 2979 4709 quippe
3013 4636 3425 4706 transgreditur,
3450 4636 3684 4703 quando

2090 4733 2211 4802 quis
2243 4732 2286 4762 "
2308 4739 2429 4800 post
2449 4738 2726 4799 acceptam
2758 4728 3098 4798 baptismatis
3119 4727 3344 4797 gratiam
3371 4735 3467 4778 aut
3494 4726 3563 4778 ad
3588 4725 3690 4778 111-

2092 4821 2401 4877 ﬁdelitatem
2425 4827 2516 4872 aut
2539 4819 2607 4872 ad
2638 4817 2872 4872 heresim
2899 4823 2989 4870 aut
3017 4822 3165 4869 certe
3187 4816 3253 4866 ad
3283 4813 3521 4866 sebisma
3541 4827 3688 4881 pro-

2091 4912 2321 4975 labitur;
2349 4925 2418 4965 ex
2436 4917 2588 4979 parte
2611 4923 2752 4973 vero,
2782 4907 2996 4961 (mando
3017 4904 3137 4973 quis
3156 4910 3249 4955 aut
3272 4904 3339 4956 ad
3357 4902 3688 4970 superbiam

1613 4995 2006 5056 VARIANTES
2039 5000 2438 5060 LECTIONES.

483 5095 500 5126 ¹
542 5092 960 5151 interfaciendis
986 5108 1035 5147 ε.
1108 5091 1130 5123 ¹
1155 5104 1453 5146 exercuere
1504 5105 1553 5147 ο.
1627 5089 1833 5145 ³1101115
1863 5111 1909 5148 c.

1986 5094 2007 5124 ⁸
2031 5094 2287 5147 auxiante
2314 5109 2363 5147 c.
2437 5093 2459 5124 '
2483 5097 2714 5146 cauatur
2732 5107 2797 5162 Ac.
2874 5092 2896 5123 ⁸
2921 5093 3144 5162 capellis
3167 5111 3218 5148 c.
3291 5096 3312 5128 ⁷
3339 5103 3546 5150 uestrae
3611 5115 3683 5155 ε.

409 5163 495 5236 ξε.
529 5180 574 5236 εἰ
607 5172 665 5218 et
690 5165 821 5236 quid
843 5178 893 5233 p.
915 5179 967 5236 a.
999 5180 1046 5236 s.
1071 5177 1125 5216 v.
1153 5177 1253 5231 pro
1278 5160 1502 5236 quibus.
1579 5161 1602 5192 ⁹
1626 5162 1666 5215 1.
1692 5177 1740 5215 e.
1768 5160 1916 5236 fonte
1948 5163 2320 5236 baptismatis.

2399 5164 2442 5194 ¹⁶
2464 5173 2518 5217 et
2535 5179 2563 5215 a
2581 5160 2776 5215 castris
2800 5176 2941 5216 corr.
2957 5160 3013 5218 et
3045 5179 3075 5218 a
3105 5164 3408 5222 canonicis.
3481 5167 3521 5198 “
3545 5168 3686 5223 mi-

411 5229 781 5292 litaribus..'...
806 5229 977 5290 sacris
1008 5229 1201 5286 desunt
1234 5229 1310 5285 c.‘
1367 5231 1410 5264 ¹¹
1427 5229 1800 5286 fecerunt.....
1833 5229 2166 5300 baptismate
2199 5233 2386 5286 desunt
2416 5249 2472 5302 p.
2547 5231 2707 5302 "qui
2738 5247 2788 5285 c.

1926 5324 2159 5382 NOTIE.
2684 5369 2689 5373 .

482 5436 503 5459 ⁸
548 5424 611 5480 L.
645 5439 731 5488 ttt,
767 5423 859 5478 18.
2157 5419 2179 5458 ί
2227 5419 2367 5475 Hinc
2393 5421 2514 5475 inde
2541 5421 2754 5475 Additio
2790 5418 3060 5477 Benedicti
3090 5422 3165 5476 If.

482 5499 511 5538 δ
553 5496 614 5549 L.
655 5511 738 5560 ιιι,
773 5495 867 5548 10.
2157 5491 2184 5562 β
2223 5491 2288 5562 11.
2328 5507 2365 5553 1,
2405 5491 2496 5562 5t.
2525 5507 2582 5562 p.
2619 5491 2758 5547 1635

489 5577 511 5604 ε
554 5565 694 5620 lbid.
725 5557 732 5560 ⁷
2157 5557 2184 5596 ¹ι
2226 5561 2290 5614 L.
2323 5576 2360 5623 l,
2397 5561 2452 5616 8.

491 5632 517 5670 ιι
560 5631 621 5684 1,.
667 5649 748 5694 Ill,
784 5631 877 5686 90.
2164 5627 2180 5667 ί
2226 5630 2287 5684 ι..
2318 5646 2355 5696 ι,
2393 5632 2447 5690 9.

494 5707 520 5736 ⁸
560 5698 622 5754 1..
665 5716 742 5768 111,
774 5701 866 5756 21.
