3974 6134
235 265 344 322 817

525 263 754 321 CODEX
788 261 1306 321 DIPLOMATICUS.
1340 295 1404 304 —
1432 263 1749 322 LUDOV'ICI
1787 265 1808 319 l
1848 265 1934 319 ET
1972 264 2293 320 LOTHARII
2331 264 2807 322 CAPITULARIA.
2846 295 2914 305 --
2949 267 3050 321 Art.
3089 267 3217 323 829.

3376 270 3481 327 618

233 389 330 434 aut
359 383 428 435 ad
449 379 702 435 invidiam
723 387 815 432 aut
834 380 903 433 ad
930 387 1141 432 caetera
1172 376 1299 430 vitia
1336 376 1649 444 spiritualia,
1685 391 1824 445 quae
1850 381 1901 440 Α
1995 377 2048 430 8.
2093 376 2275 430 Visum
2297 388 2322 415 ε
2345 387 2426 432 est
2449 378 2620 441 nobis,
2648 387 2708 432 ut
2730 379 3097 448 unusquisque
3117 379 3489 449 episcopon

235 487 303 526 ex
341 470 523 525 radice
562 470 577 500 ⁸
609 468 894 537 superbiae
925 468 1209 535 prodeunt,
1248 465 1466 520 labitur.

310 559 365 611 4.
406 556 545 623 Quid
586 568 612 596 ι
657 555 728 608 sit
777 554 1157 609 abrenuntiare
1203 552 1447 617 diabolo,
1491 553 1748 622 operibus
1773 561 1828 608 et

238 647 438 718 ponpis
467 646 604 707 eius,
627 643 779 699 valde
812 657 1002 697 omnes
1024 641 1210 697 ﬁdeles
1231 641 1554 712 intellegere
1587 651 1822 712 oportet.

242 737 582 805 Quapropter
621 747 842 788 necesse
867 740 970 796 est,
1009 740 1068 786 ut
1108 731 1512 801 praedicatores
1551 732 1606 786 in
1641 733 1826 787 admo-

245 827 422 882 nendo
467 833 522 878 et
547 824 819 878 auditores
866 823 920 876 in
947 823 1202 877 discendo
1220 830 1282 877 et
1322 839 1485 892 opere
1532 823 1829 892 conplendo

245 919 462 981 abhinc,
497 927 557 971 ut
578 932 736 971 suum
761 931 952 970 cavere
973 915 1181 984 possint
1201 915 1516 984 periculum,
1547 915 1720 985 magis
1743 914 1831 969 ad-

246 1010 470 1064 hibeant
511 1007 767 1061 studium.
821 1005 1220 1060 Abrenuntiare
1259 1004 1425 1078 igitur
1465 1003 1675 1060 diabolo
1716 1011 1827 1066 est,

251 1099 472 1169 penitus
493 1111 616 1151 eum
642 1110 911 1163 respuere,
937 1109 1212 1165 spernere,
1245 1095 1470 1156 reicere,
1519 1094 1677 1164 eique
1700 1109 1831 1149 wn-

251 1187 538 1248 tradicere,
590 1198 757 1253 seque
780 1199 1214 1252 unumquemque
1252 1185 1322 1238 ab
1344 1199 1410 1239 eo
1431 1184 1690 1248 alienare,
1720 1183 1834 1238 sive

251 1277 400 1331 aliud
423 1275 552 1346 quid
574 1274 719 1344 quod
744 1274 847 1329 hoc
879 1275 1043 1329 verbo
1075 1274 1131 1328 in
1156 1275 1258 1328 hoc
1291 1289 1452 1329 sensu
1478 1273 1701 1344 exprimi
1739 1287 1835 1342 po-

257 1377 386 1422 test.
422 1364 594 1434 Opera
618 1365 736 1419 eius
759 1372 905 1426 sunt,
937 1378 1074 1432 quae
1103 1364 1288 1432 utique
1307 1364 1559 1432 operibus
1588 1362 1834 1418 Salvato-

261 1459 340 1513 ris
375 1456 644 1511 contraria
677 1455 933 1510 existunt.
974 1454 1210 1508 Primum
1246 1455 1528 1524 superbia,
1563 1454 1719 1509 cuius
1750 1454 1839 1508 ille

264 1555 456 1601 auctor
499 1553 610 1608 est,
655 1552 710 1599 et
738 1559 876 1613 quae
894 1559 1016 1598 eum
1061 1558 1126 1598 ex
1146 1543 1334 1612 angelo
1361 1544 1642 1598 demonem
1677 1542 1835 1608 fecit;

265 1651 406 1706 quae
427 1644 511 1689 est
533 1634 696 1689 etiam
726 1633 937 1688 initium
959 1633 1133 1688 omnis
1165 1632 1394 1702 peccati.
1422 1632 1488 1686 Et
1510 1640 1689 1688 cetera
1711 1632 1841 1686 vitia

1929 465 2092 519 vitam
2147 475 2204 521 et
2261 467 2720 522 conversationem
2781 483 3100 538 morumque
3157 470 3496 529 emendatio-

1928 569 2051 610 nem
2092 568 2278 610 eorum
2307 557 2402 625 qui
2433 558 2656 626 gradum
2698 557 2952 612 amittimt
2979 565 3088 613 tam
3111 575 3208 629 per
3230 575 3290 616 se
3335 576 3498 634 quam

1929 643 2202 700 ministros
2225 644 2450 708 noverit,
2497 660 2700 716 eosque
2729 647 2986 703 canonice
3010 649 3341 718 penitentiae
3371 652 3501 707 sub-

1927 735 2056 790 dere
2088 749 2194 791 non
2228 735 2491 806 neglegat,
2527 737 2677 792 iuxta
2697 740 2839 808 quod
2865 739 2920 794 in
2940 740 3170 795 concilio
3199 740 3501 798 Cesariensi

1930 823 2084 878 titulo
2113 825 2286 893 primo
2325 827 2621 883 scribitur:
2660 845 2679 879 ι
2708 827 2980 884 Presbiter
3013 830 3058 885 si
3100 846 3324 886 uxorem
3359 834 3502 888 acci-

1929 913 2085 980 perit,
2116 914 2184 968 ab
2201 914 2390 970 ordine
2422 917 2746 985 deponatur;
2785 918 2833 972 si
2855 934 2985 974 vero
3017 919 3315 976 fomicatus
3339 921 3507 977 fuerit

1931 1009 2023 1053 aut
2045 999 2366 1056 adulterium
2405 1005 2810 1072 perpetraverit,
2843 1006 3073 1074 amplius
3105 1007 3227 1076 pelli
3254 1009 3413 1063 debet
3445 1018 3503 1064 et

1932 1091 2033 1144 sub
2059 1091 2349 1159 penitentia
2387 1095 2574 1162 redigi.
2607 1113 2627 1147 ι
2668 1095 2916 1150 Nonnulli
2939 1097 3084 1151 enim
3108 1099 3309 1154 amisso
3332 1101 3503 1169 gradu

1933 1178 2067 1233 adeo
2096 1178 2189 1233 ﬁlii
2213 1179 2376 1234 Belial
2414 1181 2731 1246 efﬁciuntur,
2767 1193 2826 1238 ut
2857 1198 2955 1240 nec
2987 1187 3235 1254 publicis,
3267 1188 3392 1257 quia
3428 1186 3511 1242 fas

1936 1282 2041 1321 non
2085 1276 2185 1332 est,
2234 1284 2334 1331 nec
2357 1272 2650 1335 canonicis,
2682 1282 2902 1342 propter
2934 1277 3269 1343 quorundam
3299 1278 3517 1346 episco--

1935 1371 2127 1425 porum
2153 1358 2432 1424 incuriam,
2468 1359 2674 1430 legibus
2709 1363 3162 1432 constringantur.

2009 1446 2042 1502 9
2081 1447 2122 1500 ⁸.
2165 1447 2352 1502 Visum
2376 1449 2540 1504 etiam
2574 1451 2731 1505 nobis
2761 1452 2862 1506 fuit
2894 1453 3022 1508 illud
3054 1453 3418 1517 inhibendum,
3451 1467 3514 1510 ut

1941 1536 2119 1591 nullus
2150 1539 2575 1607 presbiterorum
2615 1542 2762 1596 solus
2791 1544 3013 1599 missam
3047 1545 3320 1601 celebrare
3358 1561 3518 1616 prae-

1943 1637 2142 1691 sumat,
2178 1628 2304 1696 quia
2328 1629 2404 1682 ita
2432 1644 2532 1684 nec
2563 1632 2724 1685 verba
2755 1633 2955 1687 domini
2983 1633 3297 1700 Salvatoris,
3317 1639 3517 1706 quibus

263 1741 407 1794 quae
450 1737 516 1778 ex
541 1723 720 1780 radice
760 1723 1034 1791 prodeunt
1061 1722 1363 1790 superbiae.
1403 1721 1603 1790 Pompa
1646 1720 1842 1776 diaboli
1873 1726 1918 1786 ιι
1945 1718 2204 1787 mysteria
2238 1718 2482 1787 corporis
2516 1727 2572 1774 et
2593 1721 2872 1789 sanguinis
2893 1723 2977 1775 sui
3003 1723 3279 1792 discipulis
3302 1726 3417 1780 suis
3435 1741 3522 1781 ce-

268 1815 404 1868 haec
427 1821 510 1868 est
542 1827 682 1881 quae
703 1821 757 1865 et
786 1826 962 1880 ponpa
986 1811 1193 1876 mundi,
1225 1811 1279 1866 id
1302 1819 1384 1866 est
1405 1812 1650 1876 ambitio,
1696 1827 1844 1867 arro-

268 1901 474 1971 gantia,
499 1915 635 1954 vana
666 1899 859 1968 gloria,
897 1899 1180 1968 omnisque
1210 1899 1496 1955 cuiuslibet
1539 1899 1617 1954 rei
1657 1914 1846 1969 super-

263 1989 452 2044 fluitas
486 1990 540 2042 in
573 1988 824 2043 humanis
863 1988 1070 2051 usibus,
1117 1988 1258 2042 unde
1299 1987 1497 2042 crescit
1533 1987 1715 2052 elatio,
1743 2001 1848 2056 que

271 2079 590 2134 multotiens
630 2077 899 2134 honestati
949 2077 1084 2133 solet
1127 2077 1344 2141 ascribi,
1379 2084 1434 2132 et
1456 2085 1634 2132 cetera
1658 2075 1847 2132 huius-

270 2170 419 2224 modi
442 2184 581 2238 quae
601 2168 668 2222 de
689 2167 835 2244 fonte
881 2168 1167 2238 superbiae
1207 2167 1498 2238 procedere
1531 2174 1847 2222 noscuntur.

272 2261 423 2313 llaec
467 2268 520 2314 et
563 2259 649 2313 his
681 2258 874 2313 similia
918 2266 1044 2312 sunt
1083 2257 1246 2326 quae’
1271 2257 1642 2327 unusquisque
1680 2256 1852 2311 ﬁdelis

268 2358 518 2417 tempore
538 2347 873 2416 baptismatis
893 2362 924 2400 a
947 2361 1005 2402 se
1026 2347 1246 2412 reiecit,
1273 2347 1597 2418 Christoque
1625 2360 1682 2402 se
1706 2361 1852 2400 man-

264 2439 495 2508 cipavit,
519 2447 842 2507 pactumque
875 2452 998 2492 cum
1021 2437 1132 2492 Deo
1159 2437 1317 2502 fecit,
1352 2453 1420 2492 ne
1439 2437 1656 2506 penitus
1687 2436 1756 2492 ad
1791 2450 1854 2490 ea

264 2531 476 2602 quibus
512 2528 911 2583 abrenuntiavit
950 2529 1150 2583 rediret
1190 2529 1240 2594 ¹;
1279 2543 1466 2584 verum
1500 2527 1546 2584 si
1581 2527 1699 2582 iura
1754 2527 1858 2582 hu-

258 2637 468 2679 manae
491 2622 753 2692 pactionis
783 2620 1012 2676 ﬁrmiter
1042 2628 1453 2684 conservantur,
1485 2618 1645 2674 ﬁxins
1677 2624 1858 2672 tamen

257 2725 442 2784 atque
467 2712 762 2767 ferventius
781 2711 899 2765 iura
934 2711 1067 2765 tanti
1100 2710 1246 2779 pacti
1282 2724 1562 2780 quaecum
1586 2708 1696 2764 Deo
1717 2707 1859 2762 facta

261 2815 426 2866 sunt,
455 2802 834 2858 inviolabiliter
857 2811 984 2856 sunt
1017 2801 1374 2856 observanda.

1945 1806 2196 1862 lebranda
2222 1808 2578 1874 oontradidit,
2615 1824 2716 1864 nec
2755 1809 2983 1878 apostoli
3014 1809 3165 1866 Pauli
3200 1813 3519 1870 documenta

1946 1896 2238 1962 declarant,
2264 1911 2366 1954 nec
2397 1901 2560 1953 etiam
2587 1899 2642 1954 in
2673 1899 2804 1968 ipsis
2822 1900 3034 1955 actibus
3051 1901 3436 1970 apostolorum,
3470 1903 3519 1959 si

1947 1986 2269 2042 enucleatim
2293 1987 2314 2018 ‘
2349 1989 2614 2058 legantur,
2658 1989 2731 2044 ita
2759 1989 2876 2044 ﬁeri
2902 1990 3098 2046 debere
3121 1991 3230 2046 ullo
3261 1991 3420 2047 modo
3444 1991 3523 2048 ln-

1947 2075 2180 2130 vcnitur.
2249 2077 2396 2133 Unde
2451 2080 2848 2154 conveniendus
2901 2080 3064 2135 inuno
3113 2082 3524 2152 interrogandus

1951 2167 2106 2220 nobis
2130 2167 2345 2222 videtur
2378 2167 2684 2224 huiusmodi
2733 2169 2975 2239 corporis
3016 2180 3072 2225 et
3115 2173 3392 2240 sanguinis
3419 2173 3510 2228 Do

1952 2255 2083 2309 mini
2112 2254 2381 2311 solitarius
2406 2267 2782 2323 consecrator,
2807 2259 3003 2329 quibus
3044 2259 3208 2315 dicit:
3264 2259 3523 2316 Dominus

1953 2345 2254 2400 vobiscum?
2283 2346 2458 2401 Etiam
2489 2363 2597 2418 quo
2629 2347 2708 2404 illi
2736 2348 3128 2416 respondetur:
3170 2358 3219 2402 et
3253 2365 3372 2402 cum
3401 2347 3526 2420 Spi-

1957 2435 2059 2489 ritu
2080 2438 2209 2490 tuo?
2240 2437 2336 2492 Vel
2377 2452 2474 2506 pro
2514 2438 2709 2507 quibus
2746 2438 3096 2507 supplicando
3130 2437 3356 2492 Domino
3387 2438 3530 2494 inter

1957 2535 2139 2582 cetera
2167 2546 2180 2581 :
2217 2526 2475 2582 Memento
2497 2527 2748 2593 Domine,
2776 2538 2824 2582 et
2854 2529 3084 2582 omnium
3117 2527 3532 2583 circumdamu-

1959 2619 2118 2683 tium,
2160 2634 2283 2674 cum
2329 2619 2510 2675 nullus
2539 2620 2869 2684 circumstet,
2927 2619 3076 2675 dicit.
3117 2621 3265 2684 Quae
3293 2633 3526 2673 consue-

1961 2711 2090 2765 tudo
2121 2711 2248 2781 quia
2267 2710 2594 2780 apostolicae
2613 2719 2670 2766 et
2693 2710 3092 2767 eccksiasticae
3109 2708 3419 2765 auctoritati
3445 2720 3532 2762 re-

1962 2799 2222 2871 fragatur,
2245 2811 2301 2856 et
2324 2810 2474 2857 tanto
2495 2803 2737 2858 misterio
2759 2803 3027 2872 quandam
3055 2800 3530 2858 dehonorationem

351 2894 406 2947 5.
446 2893 592 2946 lntcr
613 2892 642 2932 δ
665 2906 762 2946 nos
779 2891 898 2961 pari
927 2904 1194 2946 consensu
1217 2887 1584 2950 decrevimus,
1613 2895 1674 2941 ut
1697 2900 1862 2940 unus-

263 2985 515 3055 quisque
537 2983 909 3052 episcoporum
935 2981 988 3036 in
1011 2981 1173 3036 scolis
1201 2981 1466 3035 habendis
1501 2979 1522 3010 ³
1555 2988 1609 3034 et
1629 2979 1697 3034 ad
1718 2977 1838 3032 utili

1963 2891 2202 2960 irrogare
2235 2891 2464 2956 videtur,
2495 2892 2749 2947 omnibus
2791 2892 2846 2947 in
2885 2905 3171 2946 commune
3214 2892 3388 2946 visum
3426 2897 3532 2954 est,

1965 2989 2026 3036 ut
2054 2983 2302 3050 deinceps
2331 2981 2700 3036 huiuscemodi
2730 2997 2860 3037 usus
2891 2981 3213 3036 inhibeatur.

265 3051 451 3130 t-aten—i
500 3051 792 3129 aecclesiae
839 3073 1102 3128 militibus
1151 3071 1352 3128 Christi
1396 3069 1780 3141 praeparandis
1809 3077 1866 3124 et
1889 3051 1936 3113 (ἶ
2042 3071 2128 3126 l0.
2170 3071 2308 3141 Sepc
2329 3086 2561 3142 namque
2591 3071 2644 3125 in
2677 3071 2798 3126 aliis
2827 3070 3069 3127 conciliis
3097 3081 3152 3125 et
3172 3083 3316 3124 nunc
3356 3067 3410 3122 in
3440 3083 3538 3122 no-

265 3165 604 3228 educandis,
640 3164 835 3218 abhinc
877 3163 1052 3218 maius
1085 3163 1322 3218 studium
1364 3161 1676 3224 adhiberet;
1724 3159 1866 3215 etin
1969 3162 2096 3218 stris
2131 3162 2484 3220 conventibus
2529 3161 2879 3217 constitutum
2923 3168 3036 3225 est,
3079 3169 3138 3215 ut
3181 3172 3540 3229 unaquaeque

267 3260 383 3312 hoc
446 3255 872 3324 uniuscuiusque
911 3254 1150 3309 studium
1199 3251 1448 3307 volumus
1491 3251 1749 3320 probare,
1808 3257 1868 3303 ut
1935 3249 2185 3316 ecclesia,
2218 3249 2263 3303 si
2292 3248 2520 3305 facultas
2547 3250 2810 3319 suppetit,
2860 3249 3134 3319 proprium
3177 3246 3534 3318 presbitemm

271 3345 502 3417 quando
529 3344 594 3398 ad
628 3343 956 3413 provinciale
999 3342 1374 3412 episcoporum
1420 3340 1706 3396 concilium
1738 3356 1868 3395 ven-
1970 3340 2166 3396 habeat
2195 3340 2242 3405 ',
2278 3347 2334 3394 et
2361 3339 2730 3410 unusquisque
2782 3339 3048 3408 presbiter
3081 3353 3191 3392 una
3225 3343 3433 3391 tantum
3465 3335 3540 3390 sit

275 3453 396 3494 tum
439 3437 633 3504 fuerit,
678 3440 1046 3510 unusquisque
1082 3448 1351 3494 rectorum
1395 3437 1709 3494 scolasticos
1743 3453 1869 3494 suos
1969 3437 2255 3485 contentus
2288 3428 2506 3484 eclosia.
2580 3439 2582 3441 ’

2040 3520 2127 3574 ll.
2167 3520 2311 3574 Inter
2343 3519 2358 3558 ί
2386 3527 2599 3576 caetera
2631 3534 2758 3575 vero
2779 3519 3161 3577 admonitionis
3187 3527 3403 3576 nostrae
3427 3517 3542 3574 olli-

1971 3609 2052 3664 cia
2077 3609 2210 3664 satis
2249 3609 2381 3666 illud
2420 3611 2578 3666 nobis
2617 3611 2984 3667 necessarium
3029 3611 3203 3666 visum
3233 3618 3338 3674 est,
3371 3618 3547 3682 utpo-

1970 3701 2112 3770 pulis
2142 3701 2389 3758 ﬁdelibus
2419 3703 2730 3759 terribiliter
2767 3703 3138 3768 denuntietur,
3175 3710 3237 3758 ut
3266 3703 3408 3758 diem
3445 3704 3545 3758 do-

1971 3795 2228 3850 minicum
2247 3836 2262 3860 ,
2299 3795 2353 3851 in
2381 3811 2489 3866 quo
2521 3805 2712 3852 auctor
2744 3797 2887 3851 vitae
2913 3796 3208 3851 resurrexit
3242 3809 3274 3848 a
3299 3793 3545 3856 mortuis,

1972 3887 2357 3943 honorabiliter
2375 3888 2573 3943 colant.
2602 3888 2736 3942 Nam
2758 3888 2802 3942 si
2826 3889 3017 3958 pagani
3048 3889 3119 3942 ob
3148 3887 3461 3941 memoriam
3494 3895 3553 3940 et

1972 3977 2329 4032 reverentiam
2351 3979 2573 4033 deorum
2594 3992 2812 4032 suorum
2831 3977 2948 4031 dies
2965 3975 3144 4030 colere
3161 3984 3217 4030 et
3236 3973 3381 4029 ludei
3399 3987 3553 4028 more

1971 4064 2175 4119 carnali
2229 4065 2513 4119 sabbatum
2577 4063 2865 4118 carnaliter
2917 4065 3208 4120 observare
3260 4070 3550 4134 satagunt,

1971 4162 2175 4223 quanto
2195 4154 2369 4224 magis
2407 4154 2734 4210 christianae
2773 4155 3048 4224 religionis
3095 4154 3308 4211 devotio
3346 4151 3417 4209 oh
3439 4165 3552 4208 me-

271 3540 463 3594 eidem
500 3535 730 3591 concilio
760 3533 948 3588 adesse
971 3531 1150 3597 faciat,
1186 3531 1440 3600 quatinus
1473 3539 1529 3584 et
1561 3531 1759 3586 ceteris
1781 3546 1870 3586 ec-

272 3627 472 3682 clesiis
497 3626 614 3680 noti
636 3625 778 3689 sint,
811 3632 866 3678 et
901 3623 924 3654 ⁸
959 3623 1146 3679 sollers
1180 3623 1417 3678 studium
1452 3622 1595 3676 circa
1629 3622 1869 3676 divinum

268 3719 492 3775 multum
527 3716 777 3770 omnibus
813 3713 1155 3768 manifestum
1187 3712 1297 3767 ﬁat.

347 3810 407 3863 6.
456 3808 533 3863 Ut
559 3818 580 3846 ο
609 3807 845 3876 episcopi
880 3805 1094 3860 nonnisi
1141 3805 1303 3860 ieiuni
1351 3819 1447 3874 per
1490 3803 1869 3874 inpositionem

270 3913 549 3956 manuum
587 3897 845 3968 Spiritum
891 3905 1135 3950 sanctum
1174 3895 1410 3960 tradant,
1447 3893 1686 3962 exceptis
1722 3891 1872 3947 inﬁr-

272 3994 389 4048 mis
416 4001 474 4045 et
497 3999 670 4046 morte
682 3985 1484 4059 periclitantibus.5icutautem
1507 3988 1716 4044 duobus
1737 3995 1872 4041 tem-

271 4082 532 4152 poribus,
565 4080 764 4148 pascba
789 4078 1033 4134 videlicet
1056 4086 1110 4132 et
1132 4087 1498 4147 pentecosten,
1523 4077 1869 4147 baptismum,

273 4171 357 4226 ita
385 4170 558 4224 etiam
591 4168 935 4223 traditionem
968 4167 1140 4223 sancti
1168 4167 1401 4237 Spiritus
1425 4182 1456 4220 a
1481 4165 1674 4221 ieiunis
1695 4164 1872 4235 ponti-

274 4262 486 4316 ticibus
507 4259 761 4314 convenit
796 4258 1088 4314 celebrare.
1973 4246 2200 4301 moriam
2231 4245 2498 4301 dominice
2519 4246 2930 4302 resurrectionis
2959 4248 3189 4302 eundem
3212 4246 3354 4302 diem
3379 4257 3548 4302 vene-

356 4351 415 4402 7.
463 4348 536 4404 Ut
556 4347 582 4386 d
605 4349 908 4417 presbiteri,
946 4349 1084 4404 sicut
1117 4349 1378 4404 hactenus
1413 4346 1614 4403 factum
1652 4354 1755 4409 est,
1787 4344 1871 4399 in.
1903 4389 1949 4417 η
1974 4336 2214 4391 rabiliter
2236 4343 2399 4404 atque
2423 4335 2810 4392 honorabiliter
2831 4337 3010 4392 colere
3033 4337 3210 4392 debet.
3230 4335 3379 4390 Multi
3406 4348 3554 4388 nam-

269 4441 530 4495 discrete
560 4453 656 4506 per
675 4438 886 4493 diversa
911 4453 1016 4493 non
1043 4439 1344 4504 mittantur,
1375 4452 1478 4492 nec
1501 4438 1570 4492 ab
1601 4435 1868 4505 episcopis
1901 4421 1949 4450 ν
1977 4445 2082 4499 que
2107 4437 2416 4485 nostrorum
2459 4428 2598 4495 visu,
2626 4427 2779 4484 multi
2809 4429 2973 4484 etiam
3019 4426 3356 4497 quorundam
3381 4421 3555 4479 relatu

272 4547 388 4585 nec
430 4530 504 4584 ab
537 4527 656 4582 aliis
697 4528 919 4597 prelatis
963 4543 1063 4583 nec
1095 4528 1258 4583 etiam
1288 4545 1319 4584 a
1345 4529 1512 4592 laicis,
1539 4544 1608 4583 ne
1651 4536 1876 4598 propter
1980 4520 2296 4583 didicimus,
2322 4525 2583 4590 quosdam
2618 4519 2673 4574 in
2713 4519 2815 4574 hac
2847 4519 2935 4575 die
2964 4533 3128 4588 opera
3164 4515 3364 4572 ruralia
3397 4528 3556 4569 exer-

270 4633 482 4673 eorum
519 4617 901 4672 abstinentiam
931 4626 985 4672 et
1012 4618 1312 4673 animarum
1353 4619 1590 4688 pericula
1624 4627 1678 4674 et
1701 4617 1847 4674 eccle

1981 4617 2194 4673 centes,
2231 4607 2454 4663 fulmine
2482 4608 2860 4678 interemptos,
2896 4609 3154 4678 quosdam
3185 4614 3398 4660 artuum
3423 4618 3556 4659 cou-

270 4709 533 4772 siarum,
586 4707 639 4762 in
669 4709 864 4778 quibus
903 4709 1182 4765 constituti
1219 4719 1374 4775 sunt,
1410 4709 1758 4780 neglegantur
1791 4707 1876 4765 of-
1985 4701 2249 4758 tractionc
2318 4701 2340 4732 ⁸
2364 4700 2638 4764 multatos.
2695 4701 2956 4771 (111083³111
3002 4700 3168 4755 etiam
3212 4695 3410 4753 ViSibi“
3435 4694 3559 4761 ίαιιο

275 4799 439 4852 ﬁcia.
1985 4794 2314 4861 absumptos,
2360 4791 2567 4847 subitos
2608 4792 2660 4846 in
2705 4793 2940 4848 cinerem
2992 4791 3256 4846 resolutos
3300 4782 3560 4856 penaliter

1507 4946 1896 5005 VARIANTES
1929 4946 2329 5004 LECTIONES.

1002 5078 1316 5135 redirediret
1361 5095 1407 5131 c.
1485 5079 1506 5110 ³
1543 5093 1588 5133 s.
1625 5080 1680 5132 h.
1709 5079 1764 5132 in
1801 5075 1914 5130 loco
1961 5093 2099 5131 raso.
2178 5078 2198 5108 ⁸
2225 5077 2366 5131 deest
2395 5077 2450 5130 in
2475 5095 2521 5130 ο.

783 5151 802 5179 ⁷
824 5148 964 5203 deest
985 5166 1032 5202 c.
1106 5149 1128 5180 ⁸
1152 5149 1562 5203 contratcitione
1577 5166 1622 5202 c.

364 5084 386 5116 ι
432 5079 551 5134 cod.
575 5080 866 5134 extradice.

2601 5077 2623 5106 '
2661 5092 2904 5131 numerus
2927 5076 3016 5145 ‘hic
3045 5073 3238 5128 excidit
3283 5075 3336 5127 in
3362 5072 3562 5127 codice.

280 5154 307 5187 ⁸
329 5151 631 5207 eueleatim
660 5165 707 5202 c.

1826 5275 2053 5334 NOTAE.

365 5432 402 5462 ι
449 5416 512 5472 L.
539 5435 580 5483 ι,
622 5415 707 5470 10.
2073 5409 2099 5448 ἀ
2135 5408 2208 5483 _L.
2246 5407 2412 5483 mihi.

369 5491 405 5531 δ
452 5487 514 5542 L.
544 5477 700 5552 1,50.
2073 5489 2096 5520 ³
2135 5477 2198 5534 L.
2238 5493 2274 5539 ι,
2308 5477 2400 5534 35.

367 5569 399 5600 ι
449 5556 561 5612 L.|
615 5558 706 5611 55.
2074 5545 2095 5588 ί
2135 5546 2221 5604 Cl'.
2259 5562 2344 5613 ιιι,
2372 5546 2426 5600 5.

722 5707 994 5770 Ρηιωι..
1036 5703 1282 5772 XCVII.
3108 5704 3188 5767 20
