3974 6134
497 149 600 201 θεῖς

1313 142 1371 194 Β.
1413 138 1659 195 CAROLI
1697 137 1906 193 MAGNI
1939 135 2086 192 OPP.
2129 136 2305 192 PARS
2340 137 2378 190 Ι.
2421 137 2658 193 SECTIO
2696 134 2925 192 ΡιιιΜΑ.

3633 141 3729 196 6ἳ4

499 273 618 310 nam
645 255 829 322 [aciem
867 268 1032 305 meam
1054 261 1233 306 contra
1255 267 1390 313 eam,
1418 260 1464 302 et
1491 248 1800 317 inter/icium
1827 247 1971 301 illam
1995 248 2059 301 de
2086 254 2136 312 Α
2163 249 2462 316 exemplum
2480 249 2599 303 aliis
2622 251 2883 318 praebere
2909 249 3170 314 volumus,
3199 259 3252 304 et
3277 251 3524 307 ﬁdelibus
3549 259 3732 313 vestris

500 346 666 399 medio
690 342 866 413 populi
889 343 990 396 sui.
1024 340 1437 408 Sancti/Scantini
1461 348 1510 392 et
1543 339 1709 392 dstote
1735 337 1856 410 (sic)
1876 339 2062 402 sancti,

496 437 620 504 quia
630 450 722 503 ego
734 440 942 486 sanctus
953 447 1066 484 sum
1079 429 1317 483 dominus
1332 427 1470 481 Deus
1483 436 1662 481 vester.
1677 424 1942 482 Custodite
1953 442 2069 496 pre-

499 534 646 592 cepta
669 538 784 575 mea
813 529 860 573 et
884 519 1040 588 facite
1064 535 1154 582 ea,
1189 518 1313 586 quia
1345 533 1440 586 ego
1475 515 1730 569 Dominus
1763 517 1850 584 qui
1874 515 2068 568 sancti-

499 613 600 679 [ἱσο
645 627 751 664 vos.
822 609 890 662 Et
940 608 1068 662 alibi
1116 622 1132 661 :
1183 606 1367 676 Magos
1403 615 1452 660 et
1489 605 1682 660 ariolos
1718 615 1767 660 et
1803 604 2066 674 maleficos

499 712 668 754 terrae
691 699 853 752 vivere
879 713 983 750 non
1005 696 1309 766 paciamim‘.
1343 695 1574 749 Dubium
1602 693 1800 748 etenim
1823 709 1931 747 non
1965 703 2068 758 est,

499 790 639 844 sicut
665 788 846 842 multis
875 796 956 842 est
981 796 1186 852 notum,
1212 787 1354 856 quod
1394 801 1424 840 a
1462 785 1778 855 quibusdam
1803 785 2072 854 prestigiis

499 891 660 950 atque
702 880 978 936 diabolicis
1018 878 1370 934 inlusionibns
1406 878 1477 932 ita
1507 884 1712 932 mentes
1736 877 2070 945 quorundam

500 971 740 1026 inficiant
775 971 984 1039 poculis
1029 968 1328 1032 amatoriis,
1367 967 1501 1022 cibis
1544 966 1628 1022 vel
1658 966 1972 1038 fylacteriis,
2014 975 2074 1020 ut

500 1062 555 1114 in
586 1063 601 1092 ¹
648 1061 915 1116 insaniam
973 1059 1117 1114 versi
1165 1074 1196 1112 a
1245 1057 1512 1127 plerisque
1563 1056 1862 1112 iudicentur
1882 1096 1897 1120 ,
1948 1055 2074 1110 dum

501 1151 747 1221 proprias
793 1166 900 1205 non
953 1150 1192 1207 sentiunt
1253 1146 1625 1202 contumelias.
1676 1145 1881 1202 Ferunt
1929 1145 2074 1200 enim

501 1241 614 1294 suis
651 1238 934 1294 maleficiis
976 1252 1102 1292 aera
1146 1243 1302 1306 pesse
1325 1236 1668 1301 conturbare,
1697 1243 1752 1291 et
1787 1235 2076 1306 grandines

502 1327 793 1392 inmittere,
844 1325 1024 1380 futura
1080 1325 1377 1394 predicere,
1420 1323 1627 1379 fructus
1657 1332 1712 1378 et
1739 1323 1821 1378 lac
1863 1325 2077 1379 auferre

503 1416 729 1484 aliisque
754 1416 903 1479 dare,
946 1422 1001 1468 et
1039 1414 1320 1468 innumera
1361 1428 1392 1467 a
1430 1413 1624 1470 talibus
1653 1412 1768 1467 fieri
1796 1413 2072 1478 dicuntur;

503 1505 595 1576 qui
621 1512 681 1559 ut
716 1503 915 1559 fuerint
959 1504 1262 1561 huiusmodi
1289 1503 1485 1572 reperti
1515 1503 1636 1567 viri,
1664 1503 1777 1558 sive
1823 1502 2072 1570 feminae,

2165 337 2438 391 humiliter
2463 337 2814 403 innotescere,
2838 347 2893 393 et
2915 339 3142 393 fideliter
3162 342 3479 396 denuntiare
3502 359 3733 400 necessa-

2167 427 2248 481 rio
2284 427 2603 484 iudicamus.
2641 427 2748 483 Sed
2788 437 2843 483 et
2875 430 3222 497 parroechias
3253 441 3462 487 vestras
3498 433 3520 464 '
3554 449 3736 492 omnes

2167 521 2504 575 admonendo
2533 521 2800 575 instruere
2840 522 3105 590 cupimus,
3133 539 3203 578 ne
3237 525 3386 592 quod
3421 526 3604 591 absit,
3653 541 3738 594 per

2166 622 2319 663 suam
2355 608 2710 678 ignorantiam
2751 616 2799 661 et
2840 617 3081 663 nostram
3124 611 3519 680 neglegentiam
3559 614 3739 668 huius-

2169 696 2374 751 cemodi
2393 694 2681 750 mortiferis
2701 695 3013 750 subiaceant
3027 697 3302 764 periculis.
3319 698 3698 769 Congessimus
3713 703 3738 740 δ

2169 788 2332 841 etiam
2373 787 2426 840 in
2460 801 2621 855 Opere
2653 795 2949 841 conventus
2987 788 3156 841 nostri
3203 790 3456 843 nonnulla
3499 791 3606 844 alia
3659 808 3738 847 ca-

2168 875 2334 945 pitula
2383 877 2450 930 ad
2502 875 2762 930 laicorum
2808 874 3043 930 fidelium
3087 879 3520 934 observationem
3565 891 3622 933 et
3665 896 3739 935 sa-

2170 963 2334 1018 lutem
2371 965 2713 1034 pertinentia,
2757 979 2984 1033 quorum
3023 965 3111 1020 hic
3150 967 3220 1021 ob
3253 967 3475 1022 nimiam
3518 969 3732 1038 prolixi-

2171 1063 2335 1108 tatem
2374 1055 2717 1109 mentionem
2759 1062 2968 1107 tantum
3026 1053 3284 1120 facimus,
3344 1058 3550 1112 scilicet
3607 1062 3741 1128 quod

2171 1158 2330 1199 nosse
2363 1159 2458 1220 eos
2491 1150 2736 1212 oporteat
2767 1143 3074 1211 coniugium
3115 1158 3146 1196 a
3187 1144 3296 1198 Deo
3327 1159 3444 1199 esse
3487 1147 3739 1200 constitu-

2175 1242 2308 1299 tum,
2352 1241 2406 1286 et
2440 1235 2589 1302 quod
2613 1248 2721 1287 non
2759 1232 2829 1298 sit
2852 1247 3014 1296 causa
3043 1231 3290 1288 luxuriae
3327 1235 3422 1289 sed
3457 1250 3628 1290 causa
3657 1251 3744 1304 po-

2175 1321 2280 1376 tius
2319 1320 2547 1376 ﬁliorum
2585 1321 2962 1390 appetendum.
3016 1321 3082 1374 Et
3138 1329 3196 1375 ut
3237 1322 3521 1392 virginitas
3544 1360 3566 1390 ,
3615 1325 3743 1379 sicut

2175 1413 2426 1467 doctores
2459 1410 2629 1464 nostri
2657 1411 2890 1474 tradunt,
2929 1425 3099 1478 usque
3137 1413 3205 1465 ad
3257 1412 3474 1481 nuptias
3515 1414 3593 1468 sit
3634 1428 3744 1468 cus-

2176 1501 2446 1566 todienda,
2493 1507 2549 1553 et
2581 1514 2778 1554 uxores
2808 1499 3064 1553 habentes
3095 1514 3269 1568 neque
3306 1501 3533 1571 pelicem
3582 1517 3744 1572 neque

505 1595 560 1648 in
595 1601 807 1648 tantum
833 1593 1112 1660 disciplina
1138 1601 1194 1645 et
1215 1593 1398 1661 vigore
1425 1592 1681 1661 principis
1707 1593 1886 1647 acrius
1908 1594 2078 1648 corri-
2115 1589 2154 1645 Β
2181 1589 2533 1645 concubinam
2561 1587 2766 1661 habere
2807 1587 3055 1641 debeant.
3092 1586 3370 1652 Quomodo
3410 1588 3465 1642 in
3507 1589 3745 1643 castitate

506 1681 665 1749 gendi
709 1682 729 1711 '
757 1689 900 1745 sunt,
928 1683 982 1734 in
1015 1689 1275 1749 quantum
1315 1680 1650 1736 manifestius
1682 1696 1816 1737 ausu
1848 1683 2079 1740 nefando

505 1779 562 1824 et
597 1770 884 1825 temerario
913 1771 1120 1825 servire
1159 1771 1370 1826 diabolo
1419 1786 1526 1826 non
1580 1780 1841 1828 metuunt.
1879 1775 1954 1830 De
1993 1776 2081 1830 his

509 1877 724 1932 quoque
749 1862 802 1915 in
847 1861 1075 1916 concilio
1104 1861 1417 1916 Anciritano
1443 1862 1594 1918 titulo
1619 1862 1691 1918 23
1716 1864 1790 1917 ita
1821 1865 2082 1933 scriptum

507 1958 627 2004 est:
668 1968 686 2000 ι
721 1949 822 2016 Qui
862 1949 1216 2004 divinationes
1257 1957 1515 2018 expetunt
1541 1959 1594 2005 et
1629 1967 1782 2007 more
1807 1953 2083 2021 gentilium

507 2043 906 2110 subsequuntur
931 2040 972 2105 ³,
1001 2048 1093 2094 aut
1127 2041 1181 2094 in
1220 2042 1406 2096 domos
1431 2057 1557 2098 suas
1584 2044 1950 2100 huiuscemodi
1990 2047 2084 2101 ho-

508 2133 684 2186 mines
725 2131 1070 2186 introducunt
1102 2132 1416 2202 exquirendi
1457 2133 1655 2203 aliquid
1699 2143 1815 2189 arte
1843 2136 2083 2192 malefica

509 2233 602 2278 aut
625 2224 872 2293 expiandi
909 2239 1092 2289 causa,
1137 2225 1236 2280 sub
1273 2225 1454 2295 regula
1489 2225 1837 2294 quinquennii
1879 2227 2089 2282 iaceant

509 2315 806 2370 secundum
846 2315 1044 2383 gradus
1092 2314 1456 2382 poenitentiae
1492 2314 1758 2369 definitos.
1793 2333 1812 2366 ι
1866 2315 2090 2384 Oportet

508 2403 654 2456 enim
671 2402 866 2471 haecjn
883 2402 1152 2466 omnibus,
1170 2410 1224 2455 et
1242 2402 1475 2456 maxime
1488 2403 1542 2456 in
1558 2402 1643 2456 bis
1659 2403 1809 2469 locis,
1837 2405 1929 2459 ubi
1948 2404 2090 2459 licite

508 2500 564 2545 et
587 2491 784 2559 inpune
808 2490 962 2544 multi
981 2506 1038 2546 se
1060 2505 1218 2559 posse
1241 2491 1344 2546 hoc
1367 2500 1676 2559 perpetrare
1698 2493 1972 2547 confidunt
1989 2533 2002 2556 ,
2032 2501 2091 2547 ut

509 2579 804 2634 studiosius
855 2587 910 2635 et
953 2579 1260 2649 diligentius
1313 2580 1703 2634 admoneantur
1749 2591 1804 2634 et
1853 2583 2092 2637 severius

511 2671 872 2740 corrigantur.
911 2669 1050 2725 Sunt
1079 2682 1106 2710 ι
1162 2678 1216 2725 et
1265 2670 1370 2724 alia
1418 2670 1729 2725 detestanda
1769 2671 1918 2737 vitia,
1953 2687 2092 2741 quae

511 2761 586 2814 ita
612 2760 877 2815 habentur
901 2761 1057 2829 quasi
1094 2760 1412 2814 naturaliter
1440 2760 1492 2814 in
1539 2776 1640 2815 usu
1684 2760 1728 2825 ⁸,
1766 2772 1826 2815 ιιι
1861 2777 1922 2815 ea
1965 2776 2087 2832 per-

511 2857 802 2918 petrantcs,
833 2849 1019 2918 quanti
1047 2849 1155 2904 sint
1180 2849 1441 2914 criminis,
1471 2865 1578 2904 non
1614 2850 1916 2904 advertant.
1941 2851 2092 2906 Sicut

2179 1695 2375 1736 uxores
2418 1694 2544 1733 suas
2572 1677 2810 1746 diligere,
2837 1677 3022 1746 eisque
3050 1684 3235 1746 utpote
3257 1679 3413 1747 quasi
3441 1678 3745 1733 infirmiori-

2179 1772 2281 1826 bus
2316 1771 2574 1825 honorem
2607 1769 2844 1824 debitum
2902 1769 3130 1824 debeant
3171 1769 3480 1837 inpendere.
3511 1769 3581 1822 Et
3617 1771 3746 1838 quod

2181 1862 2490 1919 commixtio
2528 1860 2759 1916 carnalis
2788 1861 2808 1890 ³
2833 1875 2958 1915 cum
3002 1861 3258 1914 uxoribus
3299 1860 3479 1930 gratia
3517 1859 3639 1914 fieri
3666 1861 3746 1914 de-

2181 1955 2308 2009 beat
2334 1952 2516 2022 prolis,
2556 1966 2661 2006 non
2704 1951 3009 2019 voluptatis,
3045 1958 3099 2004 et
3123 1949 3354 2019 qualiter
3388 1963 3419 2002 a
3454 1949 3602 2005 coitu
3631 1963 3744 2018 pre-

2184 2043 2461 2114 gnantium
2505 2056 2732 2097 uxorum
2783 2041 2914 2096 viris
2959 2040 3335 2095 abstinendum
3383 2039 3472 2102 sit,
3522 2048 3580 2093 et
3617 2039 3749 2108 quod

2187 2137 2288 2192 nisi
2309 2151 2468 2192 causa
2487 2134 2875 2199 fornicationis,
2900 2144 2960 2188 ut
2984 2133 3242 2189 Dominus
3269 2133 3362 2197 ait,
3393 2148 3499 2187 non
3529 2133 3604 2187 sit
3625 2147 3750 2186 uxor

2189 2217 2645 2292 dimittenda,'sed
2687 2227 2867 2296 potius
2913 2225 3243 2289 sustinenda,
3290 2232 3343 2279 et
3390 2225 3535 2293 quod
3568 2224 3625 2278 hi
3670 2223 3751 2293 qui

2188 2333 2349 2373 causa
2376 2315 2742 2370 fornicationis
2788 2314 3024 2370 dimissis
3067 2312 3327 2368 uxoribus
3374 2313 3510 2366 alias
3538 2313 3750 2375 ducunt,

2191 2407 2402 2462 Domini
2431 2405 2694 2460 sententia
2734 2403 2962 2458 adulteri
2988 2417 3108 2458 esse
3141 2409 3414 2458 notentur.
3443 2400 3572 2455 Sive
3599 2400 3749 2456 etiam

2190 2497 2419 2567 qualiter
2445 2497 2649 2550 incesta
2677 2510 2708 2548 a
2737 2494 3053 2550 christianis
3083 2493 3320 2548 cavenda
3366 2493 3503 2557 sint,
3533 2498 3589 2545 et
3622 2490 3752 2560 quod

2190 2586 2308 2641 loca
2333 2586 2443 2640 Deo
2472 2585 2647 2640 dicata
2682 2582 3014 2653 frequentius
3061 2581 3415 2648 devotiusque
3443 2595 3474 2632 a
3519 2577 3755 2633 ﬁdelibus

2191 2677 2259 2730 ad
2308 2675 2475 2729 Deum
2522 2675 2852 2729 exorandum
2890 2671 3099 2739 sibique
3138 2670 3404 2740 propitius
3458 2666 3754 2722 faciendum

2191 2765 2300 2820 sint
2328 2764 2588 2818 adeunda.
2618 2763 2686 2817 Et
2731 2761 2875 2831 quod
2903 2761 2958 2814 in
3007 2745 3245 2815 basilicis
3276 2760 3388 2814 Deo
3424 2758 3620 2814 dicatis
3660 2772 3753 2811 non

2193 2855 2264 2911 sit
2290 2855 2482 2910 fabulis
2507 2853 2694 2909 otiosis
2717 2853 3066 2922 turpibusque
3091 2859 3144 2906 et
3171 2849 3417 2906 obscenis
3447 2848 3756 2904 semotum-

511 2912 639 2992 sunt
662 2952 730 2992 ea
755 2912 891 3007 quae
917 2938 1190 3006 apostolus
1221 2945 1405 3008 aperte
1425 2912 1726 3004 enumerat,
1751 2939 1804 2994 id
1829 2947 1909 2994 est
1926 2941 2093 2997 ebrie-
2118 2912 2163 2973 Ε
2197 2946 2430 3001 tionibus
2462 2943 2776 3008 vacandum,
2805 2912 2873 2996 ἐι
2917 2912 3128 3012 negotia
3159 2939 3421 2996 secularia
3463 2940 3483 2970 τ
3528 2937 3755 3007 publica-

511 3033 670 3092 tates,
728 3028 1222 3091 commessationes,
1279 3028 1677 3094 contentiones,
1732 3027 1866 3093 irae,
1919 3029 2091 3095 rixae,

511 3117 904 3181 dissensiones,
971 3117 1359 3182 detractiones,
1423 3116 1684 3180 invidiae,
1751 3117 2090 3181 inimicitiae,

512 3221 656 3277 quae
689 3207 937 3262 homines
971 3207 1119 3262 iuxta
1155 3208 1384 3263 eundem
1411 3207 1710 3277 apostolum
1743 3223 1776 3261 a
1808 3221 1974 3276 regno
1998 3207 2095 3263 Dei

511 3297 822 3362 excludunt,
866 3297 942 3352 ita
980 3298 1230 3368 inquiens
1271 3312 1286 3351 :
1337 3297 1439 3363 Qui
1477 3299 1614 3351 enim
1639 3297 1770 3352 talia
1811 3307 1971 3368 agunt
2015 3315 2098 3352 re-

507 3408 678 3463 gnum
705 3391 802 3445 Dei
829 3408 933 3446 non
954 3401 1320 3445 consecuntur.
1348 3390 1405 3443 In
1437 3399 1644 3443 tantum
1673 3390 1815 3444 enim
1851 3405 1913 3444 ea
1943 3389 2097 3458 inpu-

506 3485 706 3536 denter
731 3488 787 3535 et
811 3479 1036 3534 ﬁdenter
1073 3479 1290 3547 quidam
1330 3477 1692 3542 committunt,
1721 3485 1780 3530 ut
1804 3477 1997 3532 merito
2030 3477 2096 3532 de

508 3572 614 3626 illis
644 3556 751 3625 dici
771 3568 982 3638 possit:
1017 3567 1268 3622 Letantur
1302 3581 1419 3618 cum
1450 3565 1824 3635 malefecerint,
1871 3575 1919 3619 et
1943 3564 2094 3619 eatul-

510 3670 624 3714 tant
651 3662 709 3714 in
734 3659 886 3713 rebus
909 3658 1163 3728 pessimis.
1199 3657 1350 3713 Unde
1375 3664 1606 3725 oportet,
1636 3664 1695 3710 ut
1719 3670 1908 3711 omnes
1946 3655 2093 3711 chri-

513 3751 675 3806 stiani
703 3751 838 3804 haec
881 3757 936 3804 ct
963 3748 1228 3804 subtiliter
1257 3747 1568 3815 intellegant
1609 3755 1663 3801 et
1706 3745 2096 3802 studiosissime

514 3847 777 3903 caveant,
833 3852 901 3891 ne
940 3851 1005 3891 ea
1057 3841 1464 3906 perpetrantes,
1515 3844 1569 3890 et
1623 3835 1728 3889 alia
1772 3836 1913 3892 bona
1959 3850 2096 3905 quae

514 3934 683 3995 agunt
711 3925 959 3994 perdant,
1004 3932 1060 3978 et
1084 3930 1304 3992 propter
1343 3922 1477 3977 haec
1505 3936 1536 3976 a
1564 3936 1728 3991 regno
1759 3921 1854 3976 Dei
1883 3935 1942 3976 se
1968 3920 2098 3976 alie-

514 4030 616 4069 nos
643 4013 860 4068 faciant.
892 4011 1154 4066 Similiter
1179 4011 1342 4066 etiam
1373 4013 1439 4067 de
1480 4011 1652 4066 otioso
1681 4025 1928 4065 sermone
1948 4051 1962 4077 ,
1997 4026 2096 4080 pro

515 4124 624 4176 quo
649 4108 800 4161 iuxta
844 4107 1057 4162 Domini
1089 4121 1272 4161 vocem
1321 4122 1496 4160 omnes
1542 4105 1797 4159 reddituri
1831 4123 2011 4160 sumus
2041 4107 2096 4161 in

2192 3051 2297 3107 que
2329 3036 2526 3106 placita
2566 3035 2833 3098 habenda,
2881 3040 2936 3088 et
2957 3033 3100 3100 quod
3129 3032 3220 3101 qui
3256 3031 3392 3086 haec
3433 3029 3489 3084 in
3528 3028 3756 3085 ecclesiis

2193 3125 2288 3180 Dei
2336 3123 2542 3178 faciunt
2590 3123 2798 3178 maiora
2855 3122 2958 3177 sibi
3007 3129 3227 3192 peccata
3273 3119 3638 3176 accumulent.
3690 3117 3759 3170 De

2192 3216 2334 3271 iusto
2363 3215 2552 3271 iuditio
2593 3215 2896 3280 iudicando,
2927 3222 2981 3269 et
3015 3227 3301 3268 munerum
3333 3211 3649 3281 acceptione
3680 3225 3757 3264 ca-

2192 3307 2385 3361 venda.
2436 3305 2511 3360 De
2561 3305 2698 3360 falso
2747 3303 3053 3359 testimonio
3098 3302 3316 3357 vitando
3349 3309 3405 3356 et
3438 3301 3758 3355 detractione

2194 3393 2434 3458 vitanda,
2473 3407 2575 3447 nec
2594 3407 2699 3446 non
2717 3399 2772 3446 et
2806 3392 2872 3447 de
2901 3391 3129 3446 caeteris
3153 3405 3291 3459 quae
3317 3402 3638 3443 enumerare
3657 3387 3749 3441 lon-

2195 3498 2322 3554 gum
2347 3490 2449 3538 est.
2481 3481 2619 3536 Sunt
2651 3481 2816 3536 etiam
2861 3479 2964 3534 alia
3006 3479 3159 3549 plura
3195 3478 3392 3548 ﬂagitia
3423 3490 3753 3548 pernecessa-

2195 3575 2334 3630 rium
2373 3574 2714 3642 corrigenda,
2765 3587 2905 3641 quae
2952 3587 3052 3627 nos
3101 3572 3221 3626 ideo
3268 3571 3355 3626 hic
3390 3571 3634 3625 inserere
3667 3582 3760 3621 non

2196 3663 2560 3720 necessarium
2612 3663 2881 3726 duximus,
2939 3661 3192 3730 quoniam
3240 3660 3373 3715 satis
3405 3659 3684 3715 evidenter
3714 3656 3760 3710 in

2196 3752 2391 3807 vestris
2417 3751 2667 3820 capitulis
2690 3765 2754 3805 ea
2786 3750 3172 3820 comprehensa
3201 3763 3321 3804 esse
3366 3748 3592 3813 scimus,
3638 3761 3760 3816 quae

2197 3857 2293 3897 vos
2325 3849 2504 3897 vestra
2537 3841 2856 3897 auctoritate
2885 3849 2939 3894 et
2963 3839 3199 3899 fidelium
3230 3840 3484 3896 consultu
3509 3854 3606 3910 per
3633 3848 3751 3893 stre

2198 3949 2335 3989 nuos
2365 3933 2559 3990 missos
2594 3941 2802 3990 vestros
2832 3934 3147 4003 corrigenda
3177 3946 3298 3988 esse
3326 3933 3700 3988 consuevistis.

2603 4025 2692 4080 DE
2723 4023 3041 4080 PERSONA
3079 4020 3355 4080 REGALI.

2271 4114 2401 4168 Item
2427 4114 2551 4168 alia.
2579 4113 2726 4170 Haec
2751 4125 2772 4152 ο
2809 4129 2906 4170 nos
2940 4114 3123 4170 ﬁdeles
3148 4122 3202 4168 et
3229 4114 3563 4170 devotissimi
3595 4110 3764 4168 fanndi

515 4198 601 4251 die
644 4197 818 4250 iuditii
861 4197 1134 4262 rationem,
1162 4196 1227 4252 de
1269 4196 1564 4251 scurilitate
1601 4203 1653 4250 et
1691 4195 2022 4266 stultiloquio
2045 4204 2099 4252 et
2128 4268 2160 4272 _
2200 4210 2254 4257 et
2286 4211 2530 4259 oratores
2575 4204 2739 4260 vestri
2791 4203 2941 4258 iuxta
2992 4203 3316 4272 parvitatem
3363 4218 3556 4258 sensus
3609 4201 3764 4256 nostri

518 4287 1015 4350 maledictionibus;
1055 4286 1311 4354 quoniam
1348 4286 1497 4340 iuxta
1530 4285 1832 4353 apostolum
1877 4283 2096 4340 maledi-
2127 4268 2178 4328 Β
2199 4303 2359 4364 prout,
2387 4295 2623 4350 brevitas
2649 4295 2904 4365 temporis
2929 4268 3190 4362 permisit,
3217 4295 3513 4348 secundum
3534 4300 3762 4347 sanctam

518 4381 690 4428 centes
714 4388 927 4442 regnum
954 4373 1051 4425 Dei
1078 4389 1181 4426 non
1200 4373 1566 4443 possidebunt;
1603 4372 1669 4426 de
1709 4373 2000 4438 mendatio,
2029 4373 2096 4428 de

519 4463 842 4532 periculoso,
869 4463 1048 4527 noxio,
1087 4463 1409 4531 assiduoque
1455 4463 1774 4528 iuramento,
1811 4472 1866 4519 et
1910 4466 2098 4520 obsce-

521 4556 607 4609 nis
638 4556 984 4622 turpibusque
1008 4555 1253 4618 canticis,
1281 4555 1531 4610 omnibus
1561 4555 1866 4610 christianis
1893 4556 2099 4611 intelle—

523 4645 754 4712 gendum
795 4653 849 4698 et
873 4645 1266 4698 observandum
1299 4653 1400 4707 est,
1445 4653 1504 4700 ut
1535 4659 1873 4714 summopere
1915 4647 1982 4700 ab
2016 4648 2100 4702 his

520 4751 582 4792 se
607 4742 852 4797 caveant,
883 4749 950 4787 ne
975 4733 1059 4788 his
1079 4734 1355 4788 studentes
1377 4750 1474 4803 per
1517 4734 1913 4803 neglegentiam
1935 4737 2102 4790 detri-

521 4833 765 4882 mentum
813 4839 1033 4878 suarum
1075 4823 1358 4892 paciantur
1383 4824 1707 4878 animarum.
1749 4823 1894 4878 llaec
1939 4825 2101 4894 igitur

524 4934 664 4989 quae
708 4919 947 4975 breviter
982 4917 1276 4988 praemissa
1337 4926 1480 4981 sunt,
1527 4917 1762 4986 primum
1816 4918 2103 4974 adiuvante

527 5011 704 5066 divina
743 5013 917 5083 gratia
959 5027 988 5065 a
1017 5011 1416 5080 nobismetipsis
1439 5013 1762 5078 abdicando,
1792 5011 2025 5067 formam
2048 5024 2104 5069 et

2201 4383 2594 4438 ordinationem
2642 4391 2896 4448 vestram,
2932 4385 2997 4438 de
3048 4383 3132 4437 his
3166 4398 3303 4451 quae
3336 4383 3406 4437 ad
3442 4390 3682 4437 nostram
3719 4387 3766 4433 et

2201 4475 2539 4528 sacerdotum
2565 4474 3036 4542 subiectorumque
3057 4481 3367 4529 nostrorum
3389 4473 3766 4527 correctionem

2201 4571 2256 4617 et
2285 4565 2712 4620 emendationem
2745 4565 3016 4634 pertinere
3047 4565 3443 4634 perspeximus,
3466 4578 3566 4618 nec
3584 4579 3688 4618 non
3720 4567 3767 4616 et

2204 4654 2270 4710 de
2294 4655 2379 4709 his
2409 4670 2546 4723 quae
2585 4656 2798 4724 populis
2833 4657 3137 4713 necessario
3187 4657 3552 4712 adnuntianda
3578 4663 3633 4709 et
3679 4653 3768 4707 ad-

2207 4745 2471 4801 mouenda
2501 4749 2883 4816 praevidimus,
2917 4749 3048 4804 illud
3075 4750 3239 4804 etiam
3269 4748 3412 4818 quod
3440 4757 3651 4802 vestrae
3669 4747 3774 4816 pie-

2209 4836 2306 4890 tati
2349 4837 2742 4906 deposcendum
2784 4839 3157 4894 tantummodo
3190 4838 3565 4903 indicavimus,
3608 4848 3766 4906 pauca

2210 4925 2278 4979 de
2307 4925 2491 4981 multis
2516 4941 2653 4996 quae
2677 4927 2731 4981 in
2757 4929 2958 4983 nostris
2983 4929 3340 4984 conventibus
3366 4937 3515 4998 gesta
3539 4935 3666 4982 sunt
3685 4938 3774 4982 ex-

2211 5026 2515 5085 cerpentcs,
2559 5019 2613 5073 in
2643 5034 2809 5073 unum
2858 5019 3148 5089 redigendo
3188 5019 3432 5075 succinte
3477 5027 3530 5074 et
3566 5017 3771 5075 ordina-

1733 5124 2123 5181 V'ARIANTES
2158 5127 2448 5185 LECTION
2455 5130 2559 5184 ES.

600 5237 618 5269 '
643 5237 803 5330 deest.
877 5239 898 5267 '
920 5237 1203 5292 corrucndi
1225 5255 1272 5290 c.

1385 5237 1404 5267 ³
1440 5237 1804 5294 subsecuntur
1825 5257 1873 5292 c.
1946 5240 1966 5271 ⁸
1990 5257 2146 5296 usum
2175 5259 2226 5295 σι
2301 5244 2420 5297 “sic.
2495 5243 2516 5273 ⁸
2539 5243 2848 5300 camalibus
2861 5261 2910 5298 c.
2971 5244 3248 5300 'seculara
3274 5261 3322 5300 c.

2057 5351 2286 5409 NOTAE.

599 5455 626 5484 ι
652 5441 754 5506 illc,
780 5445 831 5498 in
859 5443 1144 5498 Additione
1169 5458 1229 5504 ιι,
1254 5457 1374 5511 cap.
1404 5442 1492 5506 22,
1526 5443 1730 5512 incipit.

601 5513 629 5551 ι
658 5514 752 5568 llie
783 5515 966 5582 incipit
995 5512 1296 5568 Additionis
1321 5528 1360 5566 ιι
1388 5527 1505 5582 cap.
1529 5511 1616 5566 25.

2275 5458 2295 5486 ε
2321 5446 2440 5502 Lib.
2471 5464 2552 5514 ιιι,
2582 5461 2645 5502 ex
2671 5447 2915 5517 epistola,
2946 5462 3000 5518 p.
3031 5447 3187 5513 £656,
3211 5448 3352 5502 med.
