3974 6134
229 445 328 502 (ἱὶὸ

503 435 730 496 CODEX
763 389 1284 490 ‘DlPLOMATlCUS.
1314 459 1384 468 —
1412 425 1729 484 LUDOV'lCl
1767 425 1788 480 ι

1907 425 1910 444 ¹
1950 422 2270 480 LOTHARII
2303 419 2782 477 CAPITULARIA.
2815 449 2881 458 -—
2911 415 3008 472 Ax.
3050 417 3172 472 8‘29.

3361 419 3470 474 6’26

229 559 318 610 tim
347 550 742 609 adnotavimus.
775 545 882 600 Sed
909 557 1231 613 quamquam
1266 539 1452 595 ordine
1483 544 1794 607 prepostero
1827 543 1868 599 Α
1895 541 2190 604 potestates
2209 532 2546 588 necessariae
2569 545 2677 585 non
2721 537 2923 593 essent,
2957 529 3058 581 nisi
3087 537 3147 582 ut
3173 526 3314 594 quod
3359 543 3466 582 non

231 646 290 699 de
319 643 408 696 his
436 653 572 710 quae
593 635 862 710 premissa
889 633 904 664 ³
944 639 1072 688 sunt
1097 639 1276 686 vestro
1300 627 1677 683 ardentissimo
1709 625 1802 679 de-

255 731 431 786 iderio
475 727 626 798 prius
670 723 982 780 satisfacere
1037 720 1382 790 elegerimus,
1439 715 1569 770 illud
1621 723 1800 768 tamen

226 824 372 894 quod
395 823 454 876 in
477 819 651 888 capite
673 815 824 885 prius
845 811 1148 882 ponendum
1173 809 1348 864 fuerat
1371 815 1426 862 et
1461 805 1530 860 ad
1567 811 1800 860 vestram

227 911 535 982 specialiter
557 909 840 978 personam
865 900 1328 968 ministeriumque
1350 896 1618 967 pertinere
1660 895 1682 924 ’
1707 907 1800 948 co-

227 1001 533 1070 gnovimus,
577 994 880 1050 nullatenus
923 989 1178 1046 oblivioni
1205 987 1539 1049 tradidimus,
1571 982 1666 1038 sed
1707 996 1800 1050 po-

229 1092 336 1148 tius
385 1094 596 1142 vestrae
622 1082 782 1138 saluti
803 1093 806 1098 '
827 1079 1234 1150 prospicientes,
1283 1073 1538 1130 nonnulla
1565 1071 1802 1141 capitula

225 1175 546 1234 necessaria
563 1172 794 1228 ﬁdeliter
839 1168 1152 1238 collegimus
1192 1173 1247 1220 et
1269 1165 1420 1220 vobis
1465 1161 1818 1217 familiariter‘

225 1264 612 1324 admonitionis
633 1261 806 1333 gratia
833 1259 1152 1330 porrigenda
1183 1255 1514 1316 devovimus,
1539 1261 1600 1328 ut
1619 1259 1804 1320 aperte

223 1365 392 1426 atque
413 1353 662 1410 distincte
695 1349 1030 1419 inspiciendo
1073 1346 1298 1416 legendo
1322 1352 1380 1398 et
1400 1343 1685 1406 audiendo,
1721 1355 1806 1395 ve-

223 1453 334 1504 su'a
369 1455 698 1513 cognoscere
715 1439 890 1509 possit
911 1435 1169 1498 sollertia,
1194 1433 1260 1488 de
1277 1433 1472 1502 quibus
1491 1439 1546 1485 et
1569 1445 1666 1500 pro
1687 1430 1806 1500 qui-

224 1535 322 1586 bus
369 1533 424 1586 in
451 1529 763 1588 memoratis
789 1525 1140 1582 conventibus
1163 1523 1374 1594 nostris
1399 1519 1692 1576 secundum
1735 1520 1808 1574 vi-

223 1623 372 1678 rium
399 1616 1126 1690 possibilitatem'nostrarum
1156 1613 1384 1668 fideliter
1411 1611 1697 1682 egerimus.

289 1713 348 1764 i.
387 1710 458 1766 Ut
481 1723 504 1750 ει
535 1708 664 1778 quid
691 1723 790 1763 rex
817 1706 992 1761 dictus
1019 1705 1108 1770 sit,
1145 1703 1400 1760 Ysidorus
1425 1702 1480 1756 in
1505 1701 1646 1756 libro
1679 1714 1806 1756 sen-

222 1799 520 1854 tentiarum
545 1797 755 1852 scribit.
795 1813 814 1846 σ
849 1794 964 1849 Rex
991 1793 1138 1848 enim
1167 1791 1344 1860 inquit
1369 1806 1400 1845 a
1424 1797 1572 1844 recte
1598 1787 1807 1859 agendo

1899 621 2168 691 praevalet
2215 621 2464 676 sacerdos
2494 618 2702 674 ellicere
2721 631 2818 687 per
2841 615 3118 670 doctrinae
3142 630 3467 683 sermonem,

1900 719 2138 783 potestas
2161 713 2264 769 hoc
2291 712 2516 780 imperet
2535 725 2632 780 per
2665 708 2982 778 disciplinae
3005 716 3288 761 terrorem.
3319 726 3338 758 ι
3373 707 3471 761 Sa-

1901 802 2080 858 lomon
2122 803 2178 857 in
2201 801 2537 872 proverbiis:
2573 799 2934 852 Misericordia
2979 806 3026 850 et
3067 797 3256 850 veritas
3293 806 3469 849 custo—

1900 893 2050 948 diunt
2077 909 2266 962 regem,
2291 901 2340 945 et
2367 891 2644 946 roboratur
2664 887 2935 943 clementia
2961 888 3178 940 thronus
3202 887 3334 940 eius.
3361 885 3468 938 Ite-

1902 984 2020 1054 gale
2057 983 2078 1014 '
2099 983 2126 1022 ά
2155 997 2388 1052 namque
2407 981 2768 1036 ministerium
2792 978 3093 1048 specialiter
3113 987 3196 1036 est
3214 978 3468 1046 populum

1903 1071 1998 1126 Dei
2032 1072 2330 1139 gubernare
2355 1079 2410 1126 et
2433 1082 2619 1140 regere
2647 1083 2770 1123 cum
2813 1068 3050 1136 equitate
3077 1074 3132 1122 et
3167 1067 3392 1128 iustitia,
3417 1079 3474 1120 ct

1903 1167 1964 1213 ut
1985 1175 2172 1230 pacem
2213 1167 2266 1216 et
2287 1159 2630 1214 concordiam
2659 1156 2896 1210 habeant
2927 1155 3162 1210 studere.
3195 1154 3312 1224 ipse
3329 1154 3472 1208 enim

1903 1249 2064 1306 debet
2083 1250 2258 1320 primo
2283 1248 2534 1304 defensor
2553 1261 2674 1302 esse
2697 1244 3070 1310 ecclesiarum,
3117 1251 3174 1298 et
3196 1258 3474 1298 servorum

1905 1339 2019 1402 Dei,
2067 1339 2370 1404 viduarum,
2421 1335 2752 1401 orfanorum,
2795 1343 3236 1402 caeterorumque
3276 1348 3477 1402 paupe—

1905 1443 2044 1494 rum,
2089 1443 2190 1484 nec
2221 1443 2328 1484 non
2369 1435 2426 1482 et
2443 1426 2684 1482 omnium
2721 1423 3094 1494 indigentium.
3123 1422 3296 1492 ipsius
3331 1421 3476 1476 enim

1907 1525 2082 1572 terror
2107 1526 2162 1572 et
2185 1516 2422 1572 studium
2449 1514 2822 1570 huiuscemodi
2849 1514 2904 1568 in
2935 1521 3194 1581 quantum
3223 1511 3480 1580 possibile

1906 1614 1992 1662 est
2013 1620 2131 1660 esse
2155 1606 2331 1670 debet,
2372 1604 2549 1673 primo
2581 1613 2642 1658 ut
2666 1603 2812 1657 nulla
2841 1603 3103 1658 iniustitia
3131 1601 3246 1666 ﬁat,
3288 1600 3482 1655 deinde

1908 1695 1954 1748 si
1977 1695 2218 1750 evenerit
2255 1701 2315 1748 ut
2355 1692 2502 1748 nullo
2535 1695 2694 1748 modo
2715 1707 2834 1746 eam
2855 1691 3152 1746 subsistere
3175 1690 3475 1758 permittat,

1908 1799 2010 1841 nec
2048 1799 2198 1855 spem
2250 1782 2596 1840 delitescendi
2637 1781 2752 1836 sive
2796 1781 3070 1836 audatiam
3113 1777 3254 1834 male
3287 1778 3478 1846 agendi

221 1895 474 1952 vocatur,
504 1887 550 1942 si
571 1887 716 1942 enim
739 1887 828 1956 pie
845 1895 902 1940 et
922 1885 1062 1940 iuste
1097 1891 1152 1938 et
1175 1879 1598 1945 misericorditer
1640 1877 1796 1948 regit,
1833 1873 1880 1934 B
1906 1881 2154 1949 cuiquam
2183 1879 2468 1948 relinquat.
2501 1875 2608 1932 Sed
2633 1876 2808 1930 sciant
2825 1888 3032 1936 omnes,
3063 1872 3318 1941 quoniam
3344 1871 3388 1924 si
3412 1871 3478 1924 ad

219 1977 424 2032 merito
457 1991 550 2030 rex
579 1973 894 2044 appellatur.
925 1971 982 2027 Si
1013 1973 1100 2027 his
1141 1969 1396 2034 caruerit,
1425 1983 1531 2023 non
1571 1981 1668 2022 rex
1706 1963 1800 2021 s'ed

221 2073 496 2132 tyrannus
523 2071 626 2116 est.
661 2082 680 2114 ι
712 2061 934 2130 Antiqui
963 2069 1164 2126 autem,
1210 2067 1270 2114 ut
1305 2059 1444 2114 idem
1469 2055 1705 2111 Isidorus
1745 2054 1800 2108 in

220 2151 366 2206 libro
399 2149 866 2220 ethimologiarum
893 2149 1100 2214 scribit,
1129 2162 1318 2203 omnes
1363 2159 1517 2217 reges
1543 2153 1800 2216 tyrannos

219 2239 516 2293 vocabant.
546 2237 650 2292 Sed
685 2247 872 2307 postea
903 2238 991 2306 pie
1020 2245 1074 2292 et
1103 2237 1524 2292 misericorditer
1569 2234 1804 2305 regenti-

217 2327 320 2382 bus
351 2327 504 2396 regis
527 2343 720 2382 nomen
753 2328 978 2397 adeptis,
1008 2327 1168 2397 impie
1193 2342 1340 2392 vero,
1370 2326 1584 2390 iniuste,
1609 2325 1802 2380 crude-

219 2416 460 2484 llterque
507 2416 950 2485 principantibus,
985 2432 1090 2471 non
1119 2415 1260 2486 regis
1303 2416 1370 2470 ad
1405 2415 1434 2456 ιι
1465 2415 1802 2485 tyrannicum

215 2515 472 2575 aptatum
518 2514 600 2561 est
637 2521 855 2560 nomen.
899 2506 1051 2562 Unde
1089 2513 1144 2562 et
1181 2507 1372 2561 beatus
1403 2503 1696 2574 Gregorius
1731 2505 1806 2558 ait

216 2597 273 2650 in
299 2595 606 2651 moralibus
649 2615 662 2649 :
701 2615 718 2648 ε
753 2597 910 2652 Viros
937 2611 1167 2666 namque
1191 2604 1408 2652 sanctos
1449 2596 1674 2665 proinde
1716 2610 1806 2650 re-

213 2700 310 2756 ges
333 2686 532 2740 vocari
555 2685 610 2738 in
644 2685 816 2740 sacris
841 2685 953 2740 suis
977 2685 1204 2753 eloquiis
1227 2684 1512 2747 didicimus
1527 2723 1542 2748 ,
1575 2699 1640 2738 eo
1663 2683 1805 2752 quod

217 2785 376 2832 recte
403 2783 574 2845 agunt
597 2790 892 2843 sensusque
919 2776 1166 2844 proprios
1191 2775 1325 2830 bene
1351 2782 1569 2844 regant,
1597 2781 1651 2828 et
1691 2787 1806 2826 mo-

216 2877 306 2924 tas
357 2867 681 2922 resistentes
719 2867 820 2921 sibi
868 2866 1174 2921 rationabili
1221 2866 1549 2922 discretione
1595 2879 1807 2936 compo-

215 2965 378 3012 nant.
415 2975 436 3009 ι
464 2955 633 3011 Recte
665 2956 828 3027 igitur
855 2957 930 3010 illi
969 2971 1124 3028 reges
1155 2963 1432 3020 vocantur,
1469 2955 1560 3024 qui
1588 2963 1694 3009 tam
1722 2970 1805 3010 se-

217 3047 500 3116 metipsos
527 3061 686 3116 quam
709 3046 980 3101 subiectos
1003 3047 1140 3101 bene
1163 3046 1396 3114 gerendo
1414 3044 1699 3114 paciﬁcare
1719 3059 1812 3099 no-

213 3143 444 3192 verunt.
473 3135 544 3190 At
571 3147 593 3175 °
625 3136 750 3206 quid
788 3136 950 3190 etiam
999 3134 1322 3190 constitutus
1353 3134 1373 3164 ³
1399 3134 1471 3188 sit
1497 3134 1804 3204 imperator,

1901 1970 2070 2040 ipsius
2091 1969 2342 2024 notitiam
2365 1966 2674 2036 pervenerit
2697 1964 2966 2034 quippiam
2998 1962 3124 2016 mali
3149 1962 3292 2030 quod
3309 1960 3478 2014 admi-

1899 2058 2088 2123 serint,
2117 2071 2455 2126 nequaquam
2479 2055 2836 2109 incorrectum
2865 2061 2959 2106 aut
2983 2052 3212 2106 inultum
3237 2065 3476 2106 remane-

1897 2147 1998 2212 bit,
2025 2148 2120 2202 sed
2147 2147 2295 2200 iuxta
2321 2144 2450 2200 facti
2472 2143 2788 2213 qualitatem
2813 2142 2918 2198 erit
2943 2141 3132 2196 modus
3157 2140 3332 2194 iustae
3353 2154 3476 2194 cor-

1901 2236 2175 2293 rectionis.
2207 2233 2362 2290 Unde
2389 2240 2618 2302 oportet,
2651 2240 2712 2286 ut
2753 2231 2868 2301 ipse
2909 2231 3002 2298 qui
3031 2229 3190 2284 iudex
3220 2235 3304 2284 est
3329 2227 3472 2280 iudi-

1901 2347 2042 2394 cum,
2069 2344 2290 2386 causam
2323 2341 2618 2398 pauperum
2642 2325 2710 2380 ad
2735 2339 2794 2379 se
2828 2323 3034 2393 ingredi
3057 2324 3076 2354 ⁷
3107 2320 3288 2385 faciat,
3322 2328 3376 2376 et
3397 2319 3480 2374 di-

1900 2424 2130 2494 ligenter
2155 2422 2410 2490 inquirat,
2441 2434 2510 2474 ne
2537 2417 2676 2472 forte
2699 2417 2866 2486 aliqui
2893 2415 2986 2483 qui
3007 2414 3076 2468 ab
3101 2428 3166 2468 eo
3190 2410 3474 2468 constituti

1903 2523 2030 2570 sunt
2073 2522 2128 2570 et
2155 2513 2328 2568 vicem
2349 2512 2467 2568 eius
2503 2523 2664 2580 agere
2709 2508 2906 2564 debent
2936 2507 2992 2560 in
3031 2504 3250 2575 populo,
3281 2503 3480 2558 iniuste

1905 2613 1998 2658 aut
2029 2602 2376 2673 neglegenter
2399 2613 2666 2670 pauperes
2687 2595 3066 2666 oppressiones
3098 2593 3210 2664 pati
3253 2591 3480 2662 permit-

1906 2700 2043 2748 tant.
2071 2690 2224 2746 Scire
2251 2697 2434 2744 autem
2468 2699 2904 2754 unumquemque
2929 2681 3218 2738 cuiuslibet
3243 2681 3316 2736 sit
3338 2677 3484 2734 ordi-

1907 2785 1992 2839 nis
2021 2789 2253 2852 oportet,
2299 2780 2424 2849 quia
2459 2779 2506 2833 si
2547 2778 2612 2834 de
2651 2777 2834 2832 ocioso
2867 2789 3116 2830 sermone
3159 2772 3272 2828 Deo
3319 2771 3484 2828 ratio-

1907 2891 2029 2932 nem
2053 2873 2358 2930 redditurus
2387 2878 2488 2934 est,
2514 2868 2684 2924 multo
2721 2867 2894 2936 magis
2934 2865 3000 2920 de
3034 2863 3338 2918 ministerio
3379 2862 3482 2916 sibi

1909 2965 2164 3022 divinitus
2187 2963 2498 3019 commisso.
2525 2958 2678 3014 Unde
2705 2959 2896 3014 beatus
2939 2955 3032 3010 lob
3079 2972 3093 3008 :
3127 2953 3358 3022 Cumque
3393 2968 3478 3006 se-

1908 3059 2084 3111 derem
2127 3056 2278 3126 quasi
2319 3069 2410 3107 rea:
2433 3052 2798 3106 circumstante
2837 3047 3100 3112 exercitu,
3125 3060 3270 3100 eram
3309 3053 3484 3096 tamen

1909 3146 2216 3200 merentium
2241 3140 2568 3205 consolator;
2595 3138 2739 3194 auris
2763 3137 2984 3190 audiens
3023 3132 3350 3203 beatiﬁcabat
3380 3147 3480 3194 me,

215 3224 548 3294 Fulgentius
593 3224 649 3277 in
677 3223 814 3278 libro
863 3223 927 3278 de
971 3224 1196 3279 veritate
1240 3223 1712 3293 predestinationis
1754 3233 1807 3278 et

1910 3245 1958 3289 et
1985 3233 2192 3290 occulas
2219 3228 2766 3287 uidenstestimonium
2793 3225 3037 3278 reddebat
3066 3221 3224 3278 michi
3245 3219 3385 3291 quod
3414 3219 3480 3272 li-

213 3319 440 3387 g-ratiae
475 3318 700 3373 scribit:
745 3335 761 3368 ι
792 3317 1250 3372 Clementissimus
1286 3330 1497 3387 quoque
1523 3317 1812 3385 imperator

211 3424 334 3462 non
365 3405 494 3461 ideo
540 3415 622 3461 est
673 3422 767 3460 vas
795 3406 1194 3461 misericordiae
1223 3415 1564 3478 preparatum
1607 3405 1660 3459 in
1701 3404 1813 3474 glo-

211 3503 324 3566 ria,
365 3499 500 3568 quia
527 3497 732 3568 apicem
760 3499 958 3554 terreni
1002 3497 1336 3566 principatus
1377 3497 1602 3566 accepit,
1643 3497 1738 3552 sed
1765 3495 1810 3550 si

213 3585 506 3658 imperiali
552 3586 787 3641 culmine
833 3593 978 3640 recta
1023 3585 1128 3640 fide
1170 3585 1332 3650 vivat,
1373 3593 1427 3640 et
1468 3600 1594 3640 vera
1635 3583 1812 3640 cordis

207 3676 542 3732 humilitate
586 3676 850 3746 preditus,
894 3675 1104 3730 culmen
1153 3675 1332 3744 regiae
1373 3675 1650 3746 dignitatis
1689 3691 1813 3732 san-

209 3777 348 3823 ctae
391 3767 640 3838 religioni
673 3767 930 3833 subiciat;
982 3767 1028 3821 si
1077 3767 1249 3837 magis
1277 3768 1331 3822 in
1375 3768 1568 3822 timore
1609 3768 1814 3822 servire

213 3861 364 3924 Deo,
407 3873 570 3927 quam
613 3858 669 3912 in
725 3859 920 3914 timore
962 3858 1227 3912 dominari
1271 3857 1465 3927 populo
1496 3857 1811 3922 delectetur,

208 3950 260 4002 si
292 3949 356 4002 in
387 3963 456 4002 eo
485 3947 678 4002 lenitas
716 3947 1047 4004 iracundiam
1075 3948 1302 4018 mitiget,
1332 3956 1488 4003 ornet
1510 3949 1815 4018 benignitas

205 4043 585 4105 potestatem,
626 4037 672 4092 si
698 4051 755 4090 se
796 4037 968 4106 magis
1002 4035 1328 4105 diligendum
1371 4052 1532 4106 quam
1566 4045 1814 4092 metuen-

209 4127 358 4180 dum
389 4127 602 4182 cunctis
624 4127 854 4194 exibeat,
885 4127 930 4182 si
957 4127 1214 4182 subiectis
1236 4127 1526 4182 salubriter
1546 4127 1812 4192 consulat,

205 4215 256 4268 si
293 4215 573 4270 iustitiam
618 4216 696 4271 sic
723 4225 900 4270 teneat
943 4225 1004 4270 ut
1043 4216 1468 4272 misericordiam
1509 4231 1615 4272 non
1657 4217 1817 4272 relin-

207 4313 388 4372 quat,
438 4303 482 4357 si
525 4319 622 4374 pre
661 4305 910 4360 omnibus
935 4306 1007 4359 ita
1045 4320 1104 4360 se
1133 4312 1317 4360 sancte
1341 4305 1530 4358 matris
1557 4304 1816 4359 ecclesiae

209 4393 542 4478 catholicae
569 4395 876 4450 meminerit
905 4393 1095 4460 lilium,
1122 4404 1180 4449 ut
1201 4395 1316 4450 eius
1339 4395 1462 4465 paci
1485 4404 1644 4464 atque
1669 4404 1817 4450 tran-

205 4481 491 4549 quillitati
517 4495 613 4550 per
643 4482 951 4536 universum
981 4483 1237 4538 mundum
1263 4485 1519 4553 prodesse
1541 4499 1696 4538 suum
1736 4483 1809 4537 fa-

1914 3327 2170 3380 berassem
2209 3335 2488 3392 pauperem
2513 3316 2880 3386 vociferantem
2899 3324 2948 3370 et
2977 3312 3232 3384 pupillum
3265 3311 3351 3364 cui
3381 3326 3486 3364 non

1912 3423 2042 3470 esset
2065 3411 2295 3467 adiutor.
2341 3408 2640 3464 Benedictio
2661 3407 2904 3477 pauperis
2935 3419 3090 3475 super
3111 3420 3190 3457 me
3232 3402 3486 3464 veniebat,

1911 3513 1960 3558 et
1983 3518 2072 3556 cor
2111 3501 2298 3556 viduae
2321 3497 2616 3554 consolatus
2643 3513 2793 3562 sum;
2819 3497 3018 3550 iustitia
3039 3495 3252 3550 indutus
3273 3509 3412 3556 sum,
3439 3502 3488 3546 et

1912 3591 2086 3646 uestiui
2127 3606 2208 3644 me
2232 3589 2364 3644 sicut
2391 3587 2688 3642 vestimento
2716 3594 2764 3639 et
2801 3585 3097 3638 diademate
3120 3581 3308 3637 iuditio
3350 3597 3484 3636 meo.

1915 3677 2111 3735 Oculus
2135 3678 2214 3748 {ui
2239 3695 2356 3733 ceco
2385 3687 2433 3732 et
2461 3693 2548 3748 pes
2585 3676 2805 3740 claudo;
2834 3685 2984 3746 pater
3025 3690 3168 3730 eram
3203 3689 3490 3744 pauperum

1911 3781 1960 3826 et
1987 3789 2202 3828 causam
2240 3789 2398 3844 quam
2439 3771 2728 3828 nesciebam
2772 3769 3164 3840 diligentissime
3207 3769 3488 3837 investiga-

1915 3863 2052 3916 bam.
2083 3861 2424 3918 Conterebam
2450 3861 2610 3916 moles
2637 3861 2846 3930 iniquas
2877 3870 2924 3914 et
2947 3860 3188 3914 dentibus
3221 3858 3366 3911 illius
3399 3873 3490 3910 au-

1915 3953 2142 4022 ferebam
2168 3953 2436 4023 praedam.
2467 3951 2581 4006 Rea:
2599 3952 2688 4022 qui
2711 3951 2850 4006 sedet
2874 3951 2930 4004 in
2953 3949 3086 4004 solio
3127 3948 3304 4001 iuditii
3333 3947 3490 4000 dissi-

1913 4051 2002 4112 pat
2023 4058 2174 4096 omne
2197 4040 2395 4096 malum
2417 4051 2546 4096 nutu
2571 4057 2687 4095 suo.
2717 4041 2848 4094 ltem
2871 4037 3012 4093 idem
3033 4038 3088 4091 in
3113 4037 3252 4092 libro
3273 4036 3486 4104 sapien-

1917 4133 2054 4186 tiae:
2079 4131 2292 4202 Diligite
2313 4132 2568 4186 iustitiam
2593 4132 2682 4201 qui
2705 4130 2952 4184 iudicatis
2981 4137 3196 4192 terram,
3223 4128 3406 4181 sentite
3426 4127 3490 4180 de

1915 4220 2138 4275 Domino
2161 4220 2216 4273 in
2255 4219 2500 4284 bonitate,
2525 4228 2572 4274 et
2597 4220 2654 4274 in
2687 4219 3017 4290 simplicitate
3037 4216 3211 4272 cordis
3255 4217 3492 4288 quaerite

1915 4313 2085 4367 illum.
2126 4313 2257 4367 item
2285 4312 2360 4366 ibi
2403 4329 2416 4365 :
2447 4311 2636 4365 Audite
2673 4327 2793 4380 ergo
2817 4327 2959 4380 reges
2991 4319 3036 4363 et
3064 4308 3362 4378 intellegite,
3387 4308 3494 4361 dis-

1915 4405 2014 4458 cite
2037 4404 2236 4458 iudices
2273 4403 2460 4472 ﬁnium
2485 4411 2683 4466 terrae;
2730 4401 2967 4471 praebete
2994 4417 3147 4457 aures
3173 4409 3370 4454 uestras
3403 4399 3492 4468 qui

1915 4494 2188 4550 continetis
2214 4493 2590 4556 multitudines,
2627 4503 2673 4548 e'
2707 4491 2920 4562 placetis
2956 4491 3094 4546 vobis
3119 4491 3173 4546 in
3205 4490 3370 4544 turbis
3401 4507 3494 4544 na-

205 4571 334 4626 ciat
377 4571 760 4641 principatum.
807 4573 974 4643 Magis
1019 4575 1162 4628 enim
1208 4574 1561 4630 christianum
1605 4575 1807 4644 regitur

1913 4583 2132 4647 tionum,
2156 4582 2406 4652 quoniam
2434 4581 2561 4636 data
2593 4590 2668 4636 est
2697 4599 2728 4635 a
2756 4579 2984 4634 Domino
3025 4589 3250 4651 potestas
3281 4578 3423 4634 vobis
3443 4589 3494 4632 et

201 4660 545 4728 imperium:
569 4660 708 4760 ﬁlum
751 4662 1116 4760 θεοιθδίθεῑίοξ)
1149 4664 1308 4718 sum“
1337 4679 1432 4734 De?
1457 4679 1672 4720 omnem
1699 4673 1806 4718 ῑθν-
1907 4671 2070 4726 virtus
2093 4672 2160 4726 ab
2183 4671 2460 4726 altissimo.
2491 4671 2592 4737 Qui
2614 4688 2716 4725 non
2743 4671 3044 4726 custodistis
3071 4669 3234 4741 legem
3263 4669 3497 4724 iustitiae

203 4763 346 4802 mm
395 4747 712 4813 consulitur:
739 4765 898 4820 quam
929 4767 1051 4804 cum
1076 4752 1128 4805 ίη
1155 4761 1308 4821 Parte
1339 4767 1674 4822 quacumque
1703 4761 1810 4806 ιθΐ·
1909 4777 2070 4832 neque
2091 4762 2374 4818 secundum
2399 4761 2714 4818 voluntatem
2748 4763 2845 4816 Dei
2872 4761 3202 4830 ambulastis,
3239 4757 3495 4816 horrende

201 4853 423 4893 rarum
447 4853 547 4907 pro
573 4841 852 4909 temporali
877 4842 1165 4897 securitate
1201 4853 1470 4913 pugnatur
1517 4843 1558 4898 δ.
1591 4865 1608 4896 ι
1659 4843 1811 4900 Unde
1910 4861 1956 4903 et
1987 4851 2088 4904 cito
2132 4852 2398 4922 apparebit
2442 4852 2581 4906 vobis
2613 4852 2898 4917 Dominus,
2943 4853 3191 4923 quoniam
3240 4850 3490 4904 iuditium

199 4939 266 4983 et
305 4925 580 4982 Ysidorus
610 4931 798 4984 scribit
825 4949 838 4984 :
875 4949 892 4981 α
923 4931 1198 5002 Principes
1228 4949 1458 5003 namque
1485 4933 1650 4990 seculi
1679 4951 1807 4990 non-

1913 4940 2253 4994 durissimum
2297 4941 2352 4994 in
2373 4941 2454 4995 his
2501 4942 2589 5011 qui
2637 4951 2885 5011 praesunt
2931 4941 3046 5010 ﬁat.
3099 4939 3308 5007 Exiguo
3353 4934 3492 4988 enim

199 5031 534 5084 stumquam
575 5019 718 5073 intra
768 5021 1048 5076 ecclesiam
1099 5024 1383 5093 potestatis
1430 5025 1656 5094 adeptae
1695 5025 1807 5080 cul-

1917 5028 2219 5082 conceditur
2265 5029 2640 5091 misericordia,
2685 5039 2912 5099 potentes
2943 5029 3080 5082 enim
3114 5034 3347 5096 potenter
3385 5031 3494 5074 tor-

199 5110 388 5158 mina
417 5114 616 5171 tenent,
661 5116 722 5161 ut
747 5124 842 5178 per
864 5111 1086 5166 eandem
1128 5119 1450 5180 potestatem
1477 5113 1807 5181 disciplinam

1917 5128 2088 5171 menta
2111 5119 2406 5188 paciuntur.
2438 5119 2562 5172 Non
2583 5120 2720 5172 enim
2745 5117 3008 5171 subtrahet
3023 5128 3296 5184 personam
3320 5110 3496 5165 cuius-

195 5197 662 5255 ecclesiasticam
705 5201 966 5256 muniant.
1000 5203 1254 5258 Ceterum
1294 5203 1434 5258 intra
1478 5203 1758 5259 ecclesiam
1794 5207 1814 5236 ⁵
1915 5225 2072 5277 quam
2133 5208 2427 5273 Dominus,
2495 5225 2584 5262 nec
2645 5207 2953 5262 reverebitur
3015 5203 3322 5272 cuiusquam
3381 5217 3494 5252 ma-

1479 5333 1863 5388 V'ARIANTES
1893 5335 2294 5391 LECTIONES.

293 5447 320 5474 '
351 5443 622 5510 promissa
646 5459 692 5496 c.
770 5446 788 5474 '
817 5446 954 5501 deest
1001 5465 1045 5500 c.
1125 5447 1428 5502 ’constitus
1471 5465 1515 5500 c.

199 5535 342 5588 lem
390 5545 435 5582 ε.
553 5533 756 5588 incrcdi
789 5552 834 5589 c.

1613 5446 1631 5476 ³
1662 5455 1922 5517 purgatur
1967 5447 2082 5501 cod.
2175 5449 2194 5478 ⁵
2220 5448 2591 5518 potestatis...
2619 5447 2900 5503 ecclesiam
2931 5449 3116 5502 desunt
3164 5459 3210 5500 ο.
3289 5443 3308 5474 ⁸
3341 5459 3492 5515 roga-

1757 5626 1987 5682 ΝΟΤΑΞ.

2001 5731 2018 5754 ί·
2052 5717 2089 5770 l.
2117 5735 2187 5778 c.,
2220 5719 2304 5772 ad.

2000 5787 2024 5825 ά
2059 5787 2118 5852 ll,
2151 5787 2204 5852 2,
2235 5803 2284 5856 ιι.
2335 5787 2488 5843 1659.

293 5715 328 5777 f
369 5701 454 5777 ςῐ.
487 5707 622 5772 n.1,
654 5723 707 5777 p.
745 5709 892 5764 1636.

293 5775 334 5813 ³³
371 5771 420 5826 ι.
447 5791 516 5842 c.,
541 5785 612 5830 at.
