3974 6134
272 366 378 422 6‘29

552 360 776 420 GODEX
820 355 1338 416 DIPLOMATICUS.
1373 389 1443 399 —
1471 356 1788 416 LUDOVICI
1825 355 1845 412 1
1884 354 1972 410 ET
2008 355 2332 414 LOTHABII
2367 355 2848 421 CAPITULABIA.
2886 387 2955 398 ——
2981 357 3081 412 AN.
3120 357 3245 414 829.

3423 357 3532 414 650

269 479 552 544 erudiatis,
568 477 728 534 sicuti
751 476 1397 542 etfacitis,etinmntua
1425 474 1738 530 dilectionis
1755 488 1845 529 ca-
1873 472 2301 531 Accelesiarum
2345 482 2404 528 et
2441 488 2479 527 a
2527 471 2865 542 principibus
2915 479 2974 525 et
3007 487 3043 525 a
3088 470 3296 540 reliquo
3329 473 3541 541 populo
3577 472 3586 484 '

268 573 432 626 ritate
450 575 510 624 ‘et
533 566 888 623 fraternitatis
927 581 1112 622 amore
1137 574 1298 636 atque
1319 565 1696 627 unanimitatis
1722 579 1853 620 con—

268 659 452 714 cordia
476 657 713 712 vicissim
741 657 1058 720 consistant,
1091 655 1273 712 sedula
1299 665 1628 726 paternaque
1667 655 1854 710 admo-

270 753 472 806 nitione
492 748 791 812 insinuctis,
819 755 874 803 et
895 763 964 803 ne
992 747 1212 803 inlicitis
1235 747 1443 802 actibus
1470 747 1732 802 creatoris
1769 746 1851 800 sui

273 841 536 897 oll'ensam
549 839 845 903 incurrant,
858 838 1078 908 provida
1091 835 1400 907 sollertique
1423 833 1854 906 circumspectio-

272 945 340 988 ne
365 931 716 987 nihilominus
743 929 1059 999 invigiietis,
1099 930 1452 984 adtendentes
1489 929 1708 986 beatum
1725 927 1850 994 Iob,

266 1023 422 1076 cuius
441 1018 679 1076 studium
700 1018 786 1072 vir
809 1019 1000 1074 huius
1024 1019 1378 1090 Gsegoriusin
1387 1019 1684 1077 moralibus
1703 1017 1862 1074 libris

267 1109 499 1166 scribit:
533 1107 685 1162 Circa
724 1105 864 1177 ﬁlios
907 1108 1221 1164 erudiendos
1270 1108 1391 1163 talis
1417 1109 1614 1172 extitit,
1647 1116 1705 1162 ut
1751 1123 1855 1166 non

265 1197 437 1254 solum
461 1214 549 1252 eos
575 1197 802 1253 exterius
826 1196 1053 1268 perfecto
1089 1214 1240 1268 opere
1279 1207 1326 1252 et
1351 1214 1590 1253 sermone
1615 1194 1852 1269 eﬁiceret,

266 1304 443 1344 verum
495 1287 654 1342 etiam
713 1287 874 1342 corda
928 1289 1184 1357 sacriﬁcii
1241 1288 1504 1345 oblatione
1549 1290 1850 1346 mandaret.

265 1375 548 1433 Adtendite
596 1377 760 1432 etiam
803 1384 858 1430 et
903 1377 1074 1433 David
1110 1377 1466 1435 instruentem
1507 1378 1852 1438 Salomonem

267 1468 432 1522 lilium
467 1481 642 1532 suum,
671 1467 736 1522 de
757 1482 862 1537 quo
886 1467 939 1522 in
959 1467 1136 1538 primo
1159 1469 1297 1525 libro
1321 1467 1607 1528 Malachim
1629 1471 1851 1544 legitur:

265 1557 379 1628 Ego
427 1557 599 1628 inquit
629 1555 898 1628 ingredior
927 1557 1063 1612 viam
1113 1559 1384 1618 universae
1409 1569 1615 1628 terrae;
1639 1561 1852 1633 confor-

263 1661 376 1703 tare
394 1657 443 1703 et
473 1659 580 1704 esto
627 1650 704 1704 vir
727 1647 900 1720 fortis,
931 1657 978 1710 et
1017 1651 1230 1712 observa
1252 1664 1309 1710 ut
1329 1655 1594 1714 custodias
1614 1667 1854 1729 precepta

261 1737 462 1792 domini
489 1737 586 1794 Dei
623 1737 720 1802 tui,
749 1747 808 1792 ut
831 1738 1062 1796 ambules
1093 1742 1147 1796 in
1186 1742 1288 1798 viis
1319 1743 1470 1810 eius,
1498 1753 1549 1800 et
1587 1738 1852 1801 Eustodias

261 1827 582 1882 ceremonias
605 1827 717 1882 eius
747 1837 793 1882 et
814 1827 1004 1884 iuditia
1027 1831 1222 1896 eius,et
1250 1843 1524 1904 praecepta
1549 1843 1596 1889 et
1627 1835 1853 1896 testimo-

261 1917 350 1970 nia
368 1957 383 1981 ,
407 1917 542 1970 sicut
559 1917 811 1988 scriptum
833 1931 908 1974 est
929 1919 986 1973 in
1007 1917 1115 1992 lege
1141 1920 1334 1992 Moysi,
1357 1932 1405 1978 et
1426 1924 1482 1980 in
1518 1923 1651 1986 libro
1680 1925 1852 1982 Para-

185 2025 194 2033 -
258 2003 578 2076 lipomenou.
623 2005 700 2060 Tu
727 2017 900 2062 autem
931 2004 1220 2076 Salomon,
1267 2011 1348 2081 ﬁli
1379 2013 1479 2080 mi,
1529 2014 1660 2070 scito
1681 2014 1853 2072 Deum

257 2096 424 2166 patris
447 2098 546 2162 tui,
572 2106 620 2150 et
659 2097 792 2152 servi
817 2097 864 2152 ei
895 2099 1051 2154 corde
1077 2099 1306 2172 perfecto
1327 2111 1376 2156 et
1403 2103 1579 2160 animo
1622 2103 1873 2166 volunta-.

260 2185 362 2238 rio.
395 2183 681 2241 Adtendite
729 2187 896 2242 etiam
933 2185 1163 2246 Tobiam
1189 2191 1255 2248 de
1285 2207 1391 2262 quo
1440 2192 1668 2268 legitur,
1709 2196 1853 2266 quod

259 2290 386 2329 cum
433 2273 608 2332 factus
651 2289 796 2332 esset
854 2277 956 2352 vir,
996 2281 1204 2350 accepit
1254 2297 1481 2340 uxorem
1515 2283 1730 2346 Annam
1781 2301 1852 2344 ex

259 2365 404 2422 tribu
425 2382 544 2432 sua,
581 2375 636 2422 et
665 2368 848 2440 genuit
881 2384 947 2424 ex
974 2385 1037 2425 ea
1066 2367 1236 2428 ﬁlium
1271 2387 1472 2434 nomen
1505 2391 1666 2432 suum
1697 2375 1851 2447 inpo-

259 2472 397 2512 nens
440 2457 521 2522 ei;
559 2473 718 2528 quem
754 2461 824 2516 ab
861 2459 1086 2516 infantia
1123 2461 1314 2519 timere
1361 2463 1530 2522 Deum
1584 2467 1766 2524 docuit
1795 2475 1852 2524 et

261 2546 538 2602 abstinere
591 2547 662 2604 ab
697 2549 844 2605 omni
893 2557 1137 2622 peccato.
1175 2546 1307 2607 Item
1365 2553 1504 2610 idem
1555 2555 1850 2628 adloquens

257 2636 488 2690 eundem
525 2635 693 2692 lilium
719 2653 874 2693 suum
909 2657 922 2694 :
964 2639 1218 2696 Omnibus
1253 2641 1453 2712 inquit
1485 2644 1669 2700 diebus
1715 2647 1848 2700 vitae

259 2737 384 2781 tuae
403 2726 542 2781 habe
570 2726 738 2785 Deum
777 2729 833 2782 in
863 2741 1054 2798 mente,
1081 2741 1129 2785 et
1159 2749 1280 2788 cave
1317 2749 1380 2788 ne
1419 2734 1705 2806 aliquando
1730 2751 1848 2806 pec-

257 2826 377 2871 cato
415 2820 730 2887 consentias,
781 2830 828 2875 et
852 2823 1198 2892 pretermittas
1227 2825 1243 2856 ¹
1283 2836 1523 2896 precepta
1546 2825 1644 2881 Dei
1663 2828 1844 2882 nostri.

259 2908 348 2964 Ea:
369 2909 661 2965 substantia
687 2921 778 2967 tua
797 2911 882 2982 [ac
901 2913 1260 2986 elimosynam,
1283 2925 1330 2970 et
1365 2915 1472 2970 noli
1507 2929 1740 2983 avertere
1765 2917 1848 2987 [a-

261 3001 395 3054 ciem
423 3009 572 3054 tuam
602 3001 666 3054 ab
705 2999 813 3056 ullo
837 3019 1082 3072 paupere.
1113 3003 1200 3058 Ita
1225 3003 1364 3059 enim
1391 3003 1508 3075 ﬁet,
1536 3013 1594 3060 ‘ut
1621 3023 1714 3061 nec
1739 3025 1771 3062 a
1797 3018 1848 3062 te

155 3128 168 3133 -
257 3097 534 3143 avertatur
573 3089 734 3162 {acies
770 3089 1002 3145 Domini.
1033 3090 1308 3158 Quomodo
1332 3097 1584 3164 potueris,
1623 3096 1699 3150 ita
1736 3104 1845 3150 esto

258 3177 579 3244 misericors,
598 3189 648 3233 et
684 3189 871 3234 cetera.
911 3181 1042 3236 item
1081 3181 1241 3254 paulo
1269 3190 1435 3253 post:
1471 3184 1708 3240 Adtende
1752 3186 1848 3240 tibi

252 3265 338 3334 ﬁli
360 3267 427 3320 ab
453 3269 595 3322 omni
620 3267 966 3338 fornicatione
986 3279 1034 3324 et
1058 3281 1230 3340 preter
1250 3289 1465 3327 uxorem
1485 3283 1629 3327 tuam
1655 3291 1848 3346 nequa-

253 3366 418 3426 quam
442 3359 678 3428 paciaris
708 3361 905 3414 crimen
939 3361 1092 3414 scire.
1130 3360 1442 3430 Superbiam
1481 3381 1766 3436 numquam
1791 3366 1846 3420 in

254 3455 348 3500 tuo
399 3463 554 3501 sensu
606 3449 782 3507 autin
819 3451 910 3502 tuo
947 3450 1103 3505 corde
1149 3451 1414 3506 dominari
1462 3455 1748 3522 permittas.
1780 3453 1848 3509 In

253 3537 374 3606 ipsa
408 3536 546 3590 enim
579 3537 788 3591 initium
820 3540 1039 3609 sumpsit
1093 3540 1262 3594 omnis
1315 3541 1557 3612 perditio.
1587 3542 1656 3595 Et
1707 3541 1848 3598 idem

257 3642 370 3682 non
395 3634 519 3696 post
545 3629 768 3686 multum
797 3648 810 3684 :
843 3629 1132 3686 Consilium
1159 3648 1360 3703 semper
1397 3650 1430 3686 a
1457 3635 1689 3704 sapiente
1731 3652 1849 3706 per-

252 3718 432 3786 quire,
460 3719 602 3773 omni
622 3729 851 3792 tempore
875 3721 1086 3777 benedic
1109 3721 1241 3788 Deo,
1267 3733 1314 3778 et
1332 3733 1446 3795 pete
1470 3726 1534 3780 ab
1569 3743 1628 3782 eo
1654 3737 1708 3780 ut
1739 3729 1848 3782 vias

254 3821 381 3862 tuas
409 3809 622 3880 dirigat,
649 3821 695 3866 et
718 3813 896 3868 omnia
919 3813 1137 3868 consilia
1159 3825 1251 3868 tua
1283 3815 1337 3869 in
1355 3815 1466 3887 ipso
1481 3809 1844 3888 'pennaneant.

253 3899 394 3953 Item
430 3897 592 3955 idem.
634 3899 824 3956 Audite
852 3919 974 3975 ergo
1020 3904 1122 3974 filii
1165 3906 1266 3959 mei
1297 3907 1317 3936 ’
1362 3917 1562 3977 patrem
1600 3919 1849 3976 vestrum,

251 3991 448 4044 servile
484 3989 707 4045 Domino
753 3993 807 4046 in
861 3993 1108 4060 bonitate,
1149 4006 1196 4050 et
1246 3997 1491 4068 inquirite
1545 4010 1601 4052 ut
1639 3999 1849 4069 faciatis

247 4096 394 4150 quae
419 4087 542 4132 sunt
563 4080 760 4152 placita
803 4079 904 4150 illi,
950 4093 999 4138 et
1026 4084 1154 4154 ﬁliis
1179 4087 1357 4140 vestris
1393 4087 1638 4142 mandate
1664 4099 1719 4142 ut
1766 4088 1849 4160 fa-

249 4172 403 4227 ciant
424 4172 653 4226 iustitias
690 4183 739 4228 et
764 4173 1107 4246 elemosynas,
1128 4186 1251 4232 etut
1277 4179 1379 4232 sint
1407 4196 1657 4235 memores
1683 4179 1780 4240 Dei
1799 4191 1847 4236 et

247 4261 567 4317 benedicant
589 4281 706 4318 eum
725 4265 781 4320 in
817 4268 1222 4340 omnitempore,
1245 4271 1302 4324 in
1327 4270 1538 4328 veritate
1565 4283 1614 4330 et
1649 4275 1704 4328 in
1739 4283 1850 4330 tota

248 4357 452 4409 virtute
477 4372 595 4410 sua.

1867 3139 1922 3204 (ἒ

1953 563 2212 620 hactenus
2239 561 2481 631 neglecta
2514 559 2811 624 extiterint,
2855 569 2912 614 et
2959 559 3118 614 aliter
3149 575 3311 631 quam
3347 561 3534 618 divina

1952 651 2251 706 auctoritas
2274 665 2332 705 se
2364 649 2564 704 habeat
2593 648 2646 702 in
2679 648 2764 704 bis
2808 662 2904 703 eos
2935 648 3112 718 egisse
3152 658 3208 702 et
3239 662 3401 718 agerc
3433 663 3532 704 no-

1953 741 2146 798 vimus.
2193 739 2299 796 Sed
2343 740 2388 794 si
2427 740 2562 794 haec
2604 747 2788 794 nostra
2827 739 3180 794 sacerdotalis
3231 739 3529 794 admonitio

1953 830 2200 887 effectum
2223 831 2334 888 Deo
2375 837 2632 900 operante
2672 844 2770 901 per
2793 839 3034 886 vestrum
3059 831 3262 887 bonum
3289 829 3554 902 studium,

1954 921 2151 978 abhinc
2170 920 2486 986 obtinuerit,
2519 921 2788 978 credimus
2813 921 2955 992 quod
2980 920 3147 976 multa
3170 936 3309 991 quae
3333 927 3363 976 a
3395 921 3531 978 mul-

1954 1012 2044 1080 tis,
2073 1013 2232 1067 aliter
2249 1025 2412 1083 quam
2437 1013 2618 1068 diuina
2649 1012 2944 1068 auctoritas
2961 1025 3026 1068 se
3061 1012 3284 1078 habeas.
3309 1012 3530 1070 dimissa

1953 1113 2100 1170 sunt,
2123 1119 2264 1176 quae
2289 1119 2410 1167 non.
2434 1104 2774 1168 tenebantur,
2813 1105 3169 1173 corrigentur.
3203 1103 3341 1158 Nam
3387 1111 3443 1157 et
3469 1103 3537 1158 il-

1955 1191 2046 1248 lud
2070 1193 2218 1262 quod
2250 1193 2306 1247 in
2347 1193 2547 1248 eisdem
2589 1191 2844 1260 capitulis
2890 1191 3227 1255 continetur,
3255 1198 3315 1245 ut
3358 1191 3534 1244 mani-

1954 1279 2152 1340 festum
2174 1279 2346 1347 ﬁeret,
2373 1295 2520 1350 quae
2533 1295 2714 1339 causa.
2728 1279 2786 1336 id
2803 1278 3044 1348 adegerit
3063 1286 3128 1337 ut
3150 1279 3459 1340 sacerdotes
3480 1287 3537 1334 et

1951 1371 2223 1442 principes
2247 1385 2278 1424 a
2299 1377 2448 1426 recto
2483 1369 2699 1426 tramite
2725 1370 3060 1432 deviassent,
3105 1369 3346 1446 exceptis
3378 1383 3536 1440 prae-

1951 1455 2135 1515 missis
2168 1459 2420 1529 capitulis
2457 1459 2512 1514 in
2560 1459 2757 1529 quibus
2789 1461 2930 1516 sicut
2958 1459 3193 1516 diximus
3222 1459 3393 1514 multa
3433 1475 3533 1515 ne-

1952 1547 2331 1619 glegebantur,
2361 1547 2669 1619 specialiter
2697 1561 2874 1604 unum
2890 1549 3238 1610 altatae-Nm
3257 1547 3326 1604 e’x
3362 1549 3536 1605 ntqu

1953 1648 2201 1710 tempore
2230 1641 2339 1695 iam
2361 1639 2651 1696 inolevisse
2687 1641 3070 1712 cognovimus;
3105 1642 3164 1696 id
3187 1650 3279 1696 est
3317 1641 3449 1712 quia
3477 1651 3558 1698 ct-

1871 1725 1878 1733 ’
1949 1727 2266 1799 principalis
2298 1737 2560 1800 potestas,
2607 1729 2838 1786 diversis
2879 1730 3263 1790 «(uisionibus
3303 1728 3540 1789 interve-

1883 1803 1927 1864 Β
1954 1819 2248 1885 mentibus,
2271 1831 2430 1875 secus
2470 1829 2634 1890 quam
2665 1821 2974 1876 auctoritas
2989 1815 3171 1880 divine
3221 1834 3282 1876 se
3317 1818 3538 1886 habeat,

1953 1911 2010 1966 in
2035 1925 2234 1967 causas
2279 1910 2680 1967 ecclesiasticas
2729 1911 3070 1981 prosibret‘it,
3093 1919 3148 1967 et
3188 1912 3500 1974 sacer-(btet
3519 1953 3533 1976 ,

1951 2002 2154 2072 partim
2180 2002 2516 2074 neglegentia
2540 2003 2740 2072 partim
2759 2003 3072 2074 ignorantia
3091 2004 3290 2074 partim
3329 2003 3541 2074 cupidi-

1952 2103 2080 2159 tate,
2107 2095 2160 2150 in
2186 2094 2521 2152 secularibus
2551 2095 2787 2166 negotiis
2827 2103 2884 2150 et
2912 2094 3364 2152 sollicitudinibus
3394 2095 3541 2151 ultra

1951 2201 2114 2256 quam
2153 2187 2451 2242 debuerant
2476 2201 2536 2242 se
2570 2186 2972 2256 occupaverint,
3019 2192 3076 2241 et
3110 2186 3213 2242 hac
3253 2185 3548 2242 occasione

1953 2274 2112 2330 aliter
2137 2287 2306 2344 main
2349 2264 2532 2330 divina
2591 2274 2896 2330 auctoritas
2937 2275 3149 2338 doceat,
3197 2274 3258 2330 in
3304 2283 3541 2345 utraque

1950 2373 2108 2435 parte
2129 2373 2310 2421 actum
2334 2365 2583 2422 extitisse
2609 2365 2833 2421 dubium
2859 2377 2965 2421 non
2992 2371 3098 2419 est.
3125 2361 3398 2434 Sodquia,
3428 2364 3542 2420 Deo

1950 2454 2262 2520 miserante,
2298 2469 2331 2510 ε
2363 2454 2800 2526 progenitoribus
2837 2461 2892 2509 et
2918 2455 3168 2526 genitore
3191 2461 3380 2509 vestro
3407 2462 3465 2509 et
3507 2470 3540 2508 a

1950 2543 2104 2600 vobis
2123 2543 2298 2599 multa
2325 2551 2570 2600 correcta
2604 2544 3035 2616 gratulabantur,
3079 2543 3130 2598 si
3173 2555 3236 2598 ea
3270 2554 3412 2612 quin
3444 2543 3542 2598 ad-

1951 2651 2232 2692 monemus
2255 2651 2582 2707 prosperum
2595 2645 2906 2692 successum
2927 2635 3238 2701 habuerint,
3267 2635 3545 2692 credimus

1949 2728 2094 2797 quod
2111 2729 2180 2783 ad
2196 2727 2548 2799 perfectionis
2583 2733 2787 2783 statmu
2807 2735 2988 2783 vostra
3029 2724 3302 2782 intentio'
3325 2735 3543 2784 ucstra-

1948 2833 2054 2887 que
2086 2818 2307 2874 devotio
2337 2819 2452 2874 Deo
2481 2827 2810 2888 cooperante
2844 2819 3132 2888 pervenire
3156 2819 3178 2850 "
3207 2818 3398 2888 possit.
3432 2820 3540 2874 Vc-

1949 2924 2069 2964 rum
2093 2917 2277 2964 tamen
2309 2909 2437 2979 quia
2455 2907 2712 2965 novimus
2727 2916 2932 2964 statum
2959 2908 3130 2964 huius
3144 2907 3294 2980 regni
3321 2910 3425 2964 sub
3443 2909 3540 2963 tati

1948 2999 2254 3055 conditione
2277 3007 2332 3054 et
2352 2999 2524 3054 teneri
2544 3007 2600 3054 et
2623 2999 2860 3054 crevisse
2873 3007 3040 3067 atque
3065 2999 3354 3054 dilatatam
3395 3011 3535 3064 esse,

1951 3097 2008 3143 et
2037 3103 2068 3144 a
2102 3089 2541 3158 prudentissimis
2581 3089 2894 3160 sanctisque
2928 3089 3399 3160 prodecessoribus
3440 3105 3538 3146 no-

1951 3179 2096 3243 stris,
2124 3179 2242 3236 sive
2277 3179 2489 3248 scilicet
2527 3181 2600 3236 ab
2653 3181 2921 3251 episcopis
2967 3181 3082 3246 sive
3121 3181 3566 3252 aprineipibus..

1949 3272 2092 3330 hanc
2133 3285 2352 3328 causam
2377 3287 2444 3328 ex
2485 3279 2600 3330 toto
2635 3280 2938 3336 correctam
2975 3287 3082 3333 non
3120 3273 3287 3332 fuisse
3313 3280 3540 3344 propter

1949 3362 2088 3418 haec
2101 3376 2241 3431 quae
2269 3377 2370 3418 suo
2399 3370 2641 3432 tempore
2800 3371 3060 3434 possunt,
3095 3372 3152 3421 et
3177 3363 3390 3434 pondus
3417 3371 3540 3425 tan-

1949 3461 2042 3508 tae
2089 3453 2542 3512 considerationis
2575 3455 2860 3523 pmitalis
2887 3463 3072 3512 nostro
3113 3455 3257 3512 vires
3281 3455 3537 3520 eIoessit.

1949 3542 2204 3612 quoniam
2230 3557 2332 3598 nec
2349 3543 2520 3605 otium
2551 3557 2651 3600 nec
2688 3543 2924 3614 spatium
2947 3545 3204 3614 temporis
3236 3559 3340 3605 nec
3367 3545 3544 3625 pleni—

1949 3632 2190 3688 tudinem
2235 3634 2682 3694 consacerdotum
2737 3642 3070 3700 metrorum.
3101 3635 3241 3692 sicut
3283 3635 3404 3706 ipsa
3443 3650 3540 3694 uc-

1948 3724 2178 3780 cessitas
2203 3726 2548 3794 exposcebat,
2577 3724 2886 3791 habuimus,
2915 3725 3038 3782 ideo
3078 3725 3217 3783 haec
3236 3740 3538 3797 congruen-

1952 3816 2082 3876 tiori
2103 3825 2164 3874 et
2189 3816 2384 3886 aptiori
2424 3823 2668 3885 tempore
2695 3817 2806 3872 vita
2835 3815 3054 3881 comite,
3081 3816 3126 3869 si
3157 3816 3300 3878 Deus
3325 3816 3404 3874 ita
3443 3832 3540 3874 an-

1951 3908 2149 3972 nuerit,
2181 3903 2461 3961 tractanda
2491 3921 2556 3960 ac
2602 3905 2991 3960 consideranda
3023 3904 3358 3970 distulishus.
3394 3907 3542 3973 ψο-

1949 3997 2100 4054 niam
2155 4003 2336 4052 tantae
2381 3995 2827 4050 considerationis
2863 3994 3124 4068 perfectio
3190 3994 3396 4068 indiget
3451 4011 3538 4050 as-

1949 4101 2114 4144 sensu
2156 4094 2211 4142 et
2257 4085 2527 4146 adiutorio
2553 4085 2880 4156 principum,
2922 4093 2978 4140 et
3003 4085 3351 4142 multitudine
3377 4093 3540 4158 atque

1940 4173 2234 4236 devotione
2260 4192 2361 4236 nec
2388 4193 2497 4232 non
2544 4183 2601 4232 et
2646 4176 2824 4236 studio
2862 4177 3226 4242 sacerdotum,
3276 4185 3333 4234 et
3367 4178 3536 4236 oboe-

1951 4269 2152 4326 dientia
2188 4267 2272 4324 vel
2314 4265 2608 4324 concordia
2657 4265 2860 4341 populi,
2915 4274 2970 4322 et
3006 4267 3362 4338 congruentia
3409 4267 3536 4334 loci,

1951 4362 2314 4432 temporisque
2337 4360 2530 4430 spatio.

322 4443 403 4544 6._
426 4441 525 4498 His
562 4457 588 4484 ι
627 4445 878 4544 omnibus
931 4449 1248 4544 praelibatis
1300 4453 1627 4511 noteseimus
1671 4457 1848 4524 vobis,
1876 4481 1931 4544 ι)
2026 4453 2082 4506 ’1.
2125 4451 2294 4508 Porro
2333 4451 2362 4490 δ
2394 4449 2462 4506 de
2485 4449 2780 4544 episcopali
2812 4449 3080 4544 libertate,
3122 4451 3538 4544 qualnerat!—

242 4535 405 4603 quod
434 4549 500 4590 ea
539 4551 678 4606 quae
728 4537 781 4590 in
831 4539 1080 4609 capitulis
1114 4541 1309 4598 vestris
1357 4543 1509 4599 nobis
1563 4548 1844 4602 tractanda

241 4623 634 4690 commisistis,
672 4626 877 4682 scilicet
907 4631 1036 4698 quid
1063 4631 1084 4662 ³
1130 4647 1160 4685 a
1187 4632 1518 4702 principibus
1543 4643 1598 4689 et
1639 4637 1846 4706 reliquo

239 4715 460 4784 populo
485 4716 569 4769 vel
589 4716 662 4770 ita
685 4725 743 4772 ut
768 4719 946 4774 divina
993 4722 1288 4778 auctoritas
1323 4723 1542 4789 doceat,
1570 4733 1663 4780 aut
1691 4725 1850 4782 aliter

243 4812 516 4860 teneatur
547 4807 632 4869 vel
665 4809 795 4878 quid
824 4809 844 4839 ⁸
879 4810 1002 4867 inde
1053 4827 1122 4867 ex
1152 4821 1306 4882 parte
1359 4822 1452 4872 aut
1501 4831 1568 4874 ex
1603 4825 1719 4874 toto
1765 4819 1848 4874 di-

241 4895 492 4950 missum
525 4895 598 4952 sit
630 4905 690 4952 ut
707 4914 817 4956 non
837 4907 1102 4965 teneatur,
1129 4900 1362 4959 fatemur
1381 4905 1512 4973 quia
1541 4905 1602 4962 in
1647 4907 1730 4962 bis
1753 4925 1848 4963 ca-

236 4983 452 5053 pitulis
477 4999 584 5054 que
605 4987 854 5056 superius
871 4990 1234 5052 continentur,
1266 5001 1478 5047 necnon
1503 4994 1556 5048 in
1603 4995 1687 5075 bis
1713 5013 1856 5067 quae

237 5078 539 5148 praesenti
585 5095 728 5136 anno
762 5082 1034 5136 conscribi
1079 5091 1134 5138 et
1181 5098 1278 5152 per
1306 5084 1501 5142 missos
1545 5097 1754 5145 vestros
1781 5093 1856 5147 ob

240 5168 390 5223 vitia
442 5169 844 5238 comprimenda
878 5185 976 5240 per
1030 5171 1314 5242 imperium
1359 5183 1599 5236 vestrum
1655 5179 1856 5236 direvi-

1955 4553 2155 4602 nuente
2182 4552 2470 4612 vestroque
2492 4541 2816 4598 adminiculo
2851 4541 3184 4614 sullragante
3213 4542 3443 4614 adipisci
3466 4545 3534 4600 ad

1904 4630 1923 4638 “
1953 4634 2049 4689 Dei
2073 4635 2350 4689 servitium
2385 4633 2749 4704 peragendum
2775 4633 3037 4703 cupimus,
3085 4649 3185 4690 suo
3221 4635 3273 4689 in
3298 4643 3539 4706 tempore

1955 4723 2106 4780 vobis
2133 4723 2359 4780 dicenda
2389 4732 2550 4794 atque
2583 4724 2862 4780 vobiscum
2885 4723 3211 4780 conferenda
3247 4727 3539 4782 reservavi-

1956 4833 2100 4884 mus,
2142 4815 2396 4886 quatinus
2420 4815 2492 4868 ita
2519 4815 2612 4880 sit,
2638 4824 2699 4872 ut
2741 4823 2798 4870 et
2820 4815 3180 4889 nosmetipsos
3198 4816 3449 4888 .salvare,
3479 4823 3538 4869 et

1955 4907 2154 4978 populo
2214 4906 2371 4962 nobis
2407 4905 2652 4962 subiecto
2691 4905 2896 4960 utiliter
2914 4904 3192 4974 prodesse,-
3227 4912 3390 4972 atqne
3436 4917 3538 4970 pro

1954 4999 2106 5055 vobis
2148 5005 2202 5053 et
2227 4997 2522 5053 stabilitate
2563 4995 2774 5066 imperil
2806 4994 3237 5070 vestrl‘liberius
3262 4993 3536 5071 valeamus

1953 5109 2198 5160 exorare,
2231 5101 2368 5148 etut
2401 5091 2595 5148 vestris
2618 5089 2890 5166 obsequiis
2914 5097 2972 5144 et
2991 5087 3139 5158 regni
3163 5085 3428 5165 adiutorio
3452 5101 3536 5142 so-

1953 5186 2141 5240 latium
2161 5184 2403 5240 debitum
2429 5182 2652 5237 minimc
2687 5179 3056 5242 subtrahatur,
3087 5177 3250 5236 sodli
3274 5176 3542 5247 posibilo

237 5257 356 5312 sti.
405 5255 453 5322 ⁸,
487 5257 659 5312 multa
707 5257 1080 5362 dempnstrata
1133 5269 1259 5316 sunt
1303 5273 1444 5331 quae
1472 5277 1502 5316 a
1547 5265 1855 5332 pastoribus
1956 5269 2139 5342 fuerit,
2165 5275 2345 5352 potius
2377 5279 2656 5342 augeatur.

1475 5399 1868 5462 VARIANTES
1904 5405 2305 5464 LEGTIONES.

327 5501 347 5530 ‘
407 5502 757 5582 protermitas
782 5523 832 5560 c.
907 5509 927 5540 ²
963 5507 1036 5564 mi
1063 5524 1112 5563 c.
1190 5507 1211 5540 ³
1235 5508 1360 5580 quia
1390 5525 1436 5564 c.

235 5569 260 5602 '
289 5571 634 5644 peruincerc
655 5584 716 5628 c.‘

1792 5713 2001 5774 NOTAE

318 5797 596 5866 $111.25.

1537 5508 1558 5540 ‘
1577 5511 1716 5570 deest
1740 5531 1788 5568 c.
1867 5516 2212 5576 “sternam...
2235 5505 2514 5578 diretistis
2540 5512 2724 5570 desunt
2767 5497 2814 5570 ὸ.
2912 5513 2938 5544 ⁸
2971 5505 3358 5588 δι’ωδιηειω
3389 5512 3446 5572 d.
3477 5533 3530 5573 c.

2011 5755 2053 5840 ἰ»
2092 5799 2158 5868 ll,
2192 5797 2281 5870 ξιτ,
