  <div class='ocr_page' id='page_1' title='image "/cluster/home/n/w/nwhite01/storage/ocr_20150623/97/hvd.32044054759667/326.png"; bbox 0 0 3974 6134; ppageno 0'>
   <div class='ocr_carea' id='block_1_1' title="bbox 242 392 346 446">
    <p class='ocr_par' dir='ltr' id='par_1_1' title="bbox 242 392 346 446">
     <span class='ocr_line' id='line_1_1' title="bbox 242 392 346 446; baseline -0.029 0"><span class='ocrx_word' id='word_1_1' title='bbox 242 392 346 446; x_wconf 78' lang='lat'><strong>637</strong></span> 
     </span>
    </p>
   </div>
   <div class='ocr_carea' id='block_1_2' title="bbox 539 380 3201 446">
    <p class='ocr_par' dir='ltr' id='par_1_2' title="bbox 539 380 3201 446">
     <span class='ocr_line' id='line_1_2' title="bbox 539 380 3201 446; baseline -0.004 0"><span class='ocrx_word' id='word_1_2' title='bbox 539 391 765 446; x_wconf 77' lang='lat' dir='ltr'><strong>CODEX</strong></span> <span class='ocrx_word' id='word_1_3' title='bbox 804 389 1324 446; x_wconf 78' lang='lat' dir='ltr'><strong>DIPLOMATICUS.</strong></span> <span class='ocrx_word' id='word_1_4' title='bbox 1355 416 1424 427; x_wconf 85' lang='lat'><strong>-—-</strong></span> <span class='ocrx_word' id='word_1_5' title='bbox 1451 384 1769 442; x_wconf 76' lang='lat' dir='ltr'><strong>LUDDVICI</strong></span> <span class='ocrx_word' id='word_1_6' title='bbox 1805 382 1824 435; x_wconf 88' lang='grc'><strong>1</strong></span> <span class='ocrx_word' id='word_1_7' title='bbox 1860 381 1947 435; x_wconf 87' lang='grc' dir='ltr'><strong>ΕΤ</strong></span> <span class='ocrx_word' id='word_1_8' title='bbox 1977 384 2300 440; x_wconf 75' lang='lat' dir='ltr'><strong>LOTHARII</strong></span> <span class='ocrx_word' id='word_1_9' title='bbox 2328 380 2807 440; x_wconf 68' lang='lat' dir='ltr'><strong>CAPITULARIA.</strong></span> <span class='ocrx_word' id='word_1_10' title='bbox 2839 412 2910 422; x_wconf 93' lang='lat'><strong>—</strong></span> <span class='ocrx_word' id='word_1_11' title='bbox 2937 381 3035 436; x_wconf 71' lang='lat' dir='ltr'><strong>Au.</strong></span> <span class='ocrx_word' id='word_1_12' title='bbox 3077 382 3201 438; x_wconf 74' lang='lat'><strong>829.</strong></span> 
     </span>
    </p>
   </div>
   <div class='ocr_carea' id='block_1_3' title="bbox 3380 381 3485 437">
    <p class='ocr_par' dir='ltr' id='par_1_3' title="bbox 3380 381 3485 437">
     <span class='ocr_line' id='line_1_3' title="bbox 3380 381 3485 437; baseline 0 -2"><span class='ocrx_word' id='word_1_13' title='bbox 3380 381 3485 437; x_wconf 70' lang='lat'><strong>638</strong></span> 
     </span>
    </p>
   </div>
   <div class='ocr_carea' id='block_1_4' title="bbox 242 492 3490 568">
    <p class='ocr_par' dir='ltr' id='par_1_4' title="bbox 242 492 3490 568">
     <span class='ocr_line' id='line_1_4' title="bbox 242 492 3490 568; baseline -0.001 -14"><span class='ocrx_word' id='word_1_14' title='bbox 242 503 315 556; x_wconf 80' lang='lat' dir='ltr'><strong>Iis</strong></span> <span class='ocrx_word' id='word_1_15' title='bbox 344 500 624 556; x_wconf 78' lang='lat' dir='ltr'><strong>mttltetur.</strong></span> <span class='ocrx_word' id='word_1_16' title='bbox 655 500 770 553; x_wconf 73' lang='lat' dir='ltr'><strong>Nisi</strong></span> <span class='ocrx_word' id='word_1_17' title='bbox 801 499 940 554; x_wconf 85' lang='lat' dir='ltr'><strong>forte</strong></span> <span class='ocrx_word' id='word_1_18' title='bbox 963 509 1019 553; x_wconf 89' lang='lat' dir='ltr'><strong>et</strong></span> <span class='ocrx_word' id='word_1_19' title='bbox 1048 501 1162 568; x_wconf 81' lang='lat' dir='ltr'><strong>ipse</strong></span> <span class='ocrx_word' id='word_1_20' title='bbox 1195 507 1386 552; x_wconf 89' lang='lat' dir='ltr'><strong>auctor</strong></span> <span class='ocrx_word' id='word_1_21' title='bbox 1408 504 1708 551; x_wconf 76' lang='lat' dir='ltr'><strong>commotae</strong></span> <span class='ocrx_word' id='word_1_22' title='bbox 1737 495 1818 548; x_wconf 91' lang='lat' dir='ltr'><strong>in-</strong></span> <span class='ocrx_word' id='word_1_23' title='bbox 1844 493 1891 549; x_wconf 82' lang='lat' dir='ltr'><strong>A</strong></span> <span class='ocrx_word' id='word_1_24' title='bbox 1920 495 2185 557; x_wconf 68' lang='lat' dir='ltr'><strong>uestibus,</strong></span> <span class='ocrx_word' id='word_1_25' title='bbox 2216 503 2439 563; x_wconf 77' lang='lat' dir='ltr'><strong>excepta</strong></span> <span class='ocrx_word' id='word_1_26' title='bbox 2463 508 2561 549; x_wconf 87' lang='lat' dir='ltr'><strong>sua</strong></span> <span class='ocrx_word' id='word_1_27' title='bbox 2583 493 2817 563; x_wconf 76' lang='lat' dir='ltr'><strong>legitima</strong></span> <span class='ocrx_word' id='word_1_28' title='bbox 2840 492 3137 548; x_wconf 81' lang='lat' dir='ltr'><strong>hereditate</strong></span> <span class='ocrx_word' id='word_1_29' title='bbox 3159 504 3302 562; x_wconf 87' lang='lat' dir='ltr'><strong>quae</strong></span> <span class='ocrx_word' id='word_1_30' title='bbox 3321 495 3371 549; x_wconf 90' lang='lat' dir='ltr'><strong>ei</strong></span> <span class='ocrx_word' id='word_1_31' title='bbox 3394 508 3490 562; x_wconf 79' lang='lat' dir='ltr'><strong>per</strong></span> 
     </span>
    </p>
   </div>
   <div class='ocr_carea' id='block_1_5' title="bbox 242 587 1815 650">
    <p class='ocr_par' dir='ltr' id='par_1_5' title="bbox 242 587 1815 650">
     <span class='ocr_line' id='line_1_5' title="bbox 242 587 1815 650; baseline -0.005 -3"><span class='ocrx_word' id='word_1_32' title='bbox 242 604 325 650; x_wconf 83' lang='lat' dir='ltr'><strong>ter</strong></span> <span class='ocrx_word' id='word_1_33' title='bbox 375 606 471 648; x_wconf 83' lang='lat' dir='ltr'><strong>eos</strong></span> <span class='ocrx_word' id='word_1_34' title='bbox 520 592 671 645; x_wconf 80' lang='lat' dir='ltr'><strong>rixae</strong></span> <span class='ocrx_word' id='word_1_35' title='bbox 711 599 964 645; x_wconf 77' lang='lat' dir='ltr'><strong>inventus</strong></span> <span class='ocrx_word' id='word_1_36' title='bbox 990 590 1197 645; x_wconf 82' lang='lat' dir='ltr'><strong>fuerit:</strong></span> <span class='ocrx_word' id='word_1_37' title='bbox 1232 600 1361 644; x_wconf 88' lang='lat' dir='ltr'><strong>tunc</strong></span> <span class='ocrx_word' id='word_1_38' title='bbox 1386 588 1638 643; x_wconf 79' lang='lat' dir='ltr'><strong>dominus</strong></span> <span class='ocrx_word' id='word_1_39' title='bbox 1678 587 1815 649; x_wconf 84' lang='lat' dir='ltr'><strong>eius,</strong></span> 
     </span>
    </p>
   </div>
   <div class='ocr_carea' id='block_1_6' title="bbox 242 679 1822 751">
    <p class='ocr_par' dir='ltr' id='par_1_6' title="bbox 242 679 1822 751">
     <span class='ocr_line' id='line_1_6' title="bbox 242 679 1822 751; baseline -0.004 -14"><span class='ocrx_word' id='word_1_40' title='bbox 242 686 392 738; x_wconf 80' lang='lat' dir='ltr'><strong>iusta</strong></span> <span class='ocrx_word' id='word_1_41' title='bbox 417 680 561 751; x_wconf 78' lang='lat' dir='ltr'><strong>quod</strong></span> <span class='ocrx_word' id='word_1_42' title='bbox 597 680 875 750; x_wconf 74' lang='lat' dir='ltr'><strong>wirgildus</strong></span> <span class='ocrx_word' id='word_1_43' title='bbox 914 681 930 713; x_wconf 87' lang='grc'>¹</span> <span class='ocrx_word' id='word_1_44' title='bbox 958 689 1046 735; x_wconf 85' lang='lat' dir='ltr'><strong>est</strong></span> <span class='ocrx_word' id='word_1_45' title='bbox 1082 681 1248 745; x_wconf 84' lang='lat' dir='ltr'><strong>illius,</strong></span> <span class='ocrx_word' id='word_1_46' title='bbox 1293 679 1360 735; x_wconf 90' lang='lat' dir='ltr'><strong>ad</strong></span> <span class='ocrx_word' id='word_1_47' title='bbox 1386 680 1667 734; x_wconf 82' lang='lat' dir='ltr'><strong>ecclesiam</strong></span> <span class='ocrx_word' id='word_1_48' title='bbox 1698 691 1822 748; x_wconf 89' lang='lat' dir='ltr'><strong>per-</strong></span> 
     </span>
    </p>
   </div>
   <div class='ocr_carea' id='block_1_7' title="bbox 242 765 1816 833">
    <p class='ocr_par' dir='ltr' id='par_1_7' title="bbox 242 765 1816 833">
     <span class='ocr_line' id='line_1_7' title="bbox 242 765 1816 833; baseline -0.004 -8"><span class='ocrx_word' id='word_1_49' title='bbox 242 770 439 833; x_wconf 84' lang='lat' dir='ltr'><strong>solvat,</strong></span> <span class='ocrx_word' id='word_1_50' title='bbox 468 778 564 823; x_wconf 88' lang='lat' dir='ltr'><strong>aut</strong></span> <span class='ocrx_word' id='word_1_51' title='bbox 594 783 740 832; x_wconf 83' lang='lat' dir='ltr'><strong>eum,</strong></span> <span class='ocrx_word' id='word_1_52' title='bbox 766 769 813 823; x_wconf 87' lang='lat' dir='ltr'><strong>si</strong></span> <span class='ocrx_word' id='word_1_53' title='bbox 843 768 1093 833; x_wconf 68' lang='lat' dir='ltr'><strong>voluerit,</strong></span> <span class='ocrx_word' id='word_1_54' title='bbox 1122 769 1301 824; x_wconf 81' lang='lat' dir='ltr'><strong>eidem</strong></span> <span class='ocrx_word' id='word_1_55' title='bbox 1325 768 1586 823; x_wconf 85' lang='lat' dir='ltr'><strong>ecclesiae</strong></span> <span class='ocrx_word' id='word_1_56' title='bbox 1617 765 1816 825; x_wconf 78' lang='lat' dir='ltr'><strong>tradat.</strong></span> 
     </span>
    </p>
   </div>
   <div class='ocr_carea' id='block_1_8' title="bbox 246 858 1823 917">
    <p class='ocr_par' dir='ltr' id='par_1_8' title="bbox 246 858 1823 917">
     <span class='ocr_line' id='line_1_8' title="bbox 246 858 1823 917; baseline -0.004 0"><span class='ocrx_word' id='word_1_57' title='bbox 246 862 322 917; x_wconf 87' lang='lat' dir='ltr'><strong>De</strong></span> <span class='ocrx_word' id='word_1_58' title='bbox 340 859 708 916; x_wconf 83' lang='lat' dir='ltr'><strong>ecclesiastico</strong></span> <span class='ocrx_word' id='word_1_59' title='bbox 729 868 784 914; x_wconf 89' lang='lat' dir='ltr'><strong>et</strong></span> <span class='ocrx_word' id='word_1_60' title='bbox 796 858 1043 915; x_wconf 83' lang='lat' dir='ltr'><strong>ilsealino</strong></span> <span class='ocrx_word' id='word_1_61' title='bbox 1062 868 1118 914; x_wconf 91' lang='lat' dir='ltr'><strong>et</strong></span> <span class='ocrx_word' id='word_1_62' title='bbox 1130 858 1473 914; x_wconf 74' lang='lat' dir='ltr'><strong>beneﬁciaria</strong></span> <span class='ocrx_word' id='word_1_63' title='bbox 1492 871 1650 915; x_wconf 81' lang='lat' dir='ltr'><strong>servo</strong></span> <span class='ocrx_word' id='word_1_64' title='bbox 1670 858 1823 912; x_wconf 72' lang='lat' dir='ltr'><strong>volu-</strong></span> 
     </span>
    </p>
   </div>
   <div class='ocr_carea' id='block_1_9' title="bbox 247 947 1827 1018">
    <p class='ocr_par' dir='ltr' id='par_1_9' title="bbox 247 947 1827 1018">
     <span class='ocr_line' id='line_1_9' title="bbox 247 947 1827 1018; baseline -0.003 -13"><span class='ocrx_word' id='word_1_65' title='bbox 247 966 387 1013; x_wconf 89' lang='lat' dir='ltr'><strong>mus,</strong></span> <span class='ocrx_word' id='word_1_66' title='bbox 427 958 489 1003; x_wconf 90' lang='lat' dir='ltr'><strong>ut</strong></span> <span class='ocrx_word' id='word_1_67' title='bbox 528 964 628 1018; x_wconf 91' lang='lat' dir='ltr'><strong>pro</strong></span> <span class='ocrx_word' id='word_1_68' title='bbox 653 964 759 1002; x_wconf 73' lang='lat' dir='ltr'><strong>una</strong></span> <span class='ocrx_word' id='word_1_69' title='bbox 801 950 920 1006; x_wconf 85' lang='lat' dir='ltr'><strong>vice</strong></span> <span class='ocrx_word' id='word_1_70' title='bbox 944 948 1223 1018; x_wconf 77' lang='lat' dir='ltr'><strong>wirgildus</strong></span> <span class='ocrx_word' id='word_1_71' title='bbox 1251 947 1367 1002; x_wconf 89' lang='lat' dir='ltr'><strong>eius</strong></span> <span class='ocrx_word' id='word_1_72' title='bbox 1390 962 1489 1017; x_wconf 82' lang='lat' dir='ltr'><strong>pro</strong></span> <span class='ocrx_word' id='word_1_73' title='bbox 1531 960 1596 1001; x_wconf 89' lang='lat' dir='ltr'><strong>eo</strong></span> <span class='ocrx_word' id='word_1_74' title='bbox 1625 956 1827 1015; x_wconf 80' lang='lat' dir='ltr'><strong>conpo-</strong></span> 
     </span>
    </p>
   </div>
   <div class='ocr_carea' id='block_1_10' title="bbox 249 1032 1819 1103">
    <p class='ocr_par' dir='ltr' id='par_1_10' title="bbox 249 1032 1819 1103">
     <span class='ocr_line' id='line_1_10' title="bbox 249 1032 1819 1103; baseline -0.002 -13"><span class='ocrx_word' id='word_1_75' title='bbox 249 1046 427 1099; x_wconf 87' lang='lat' dir='ltr'><strong>natur,</strong></span> <span class='ocrx_word' id='word_1_76' title='bbox 451 1036 621 1089; x_wconf 80' lang='lat' dir='ltr'><strong>altera</strong></span> <span class='ocrx_word' id='word_1_77' title='bbox 638 1036 757 1090; x_wconf 77' lang='lat' dir='ltr'><strong>vice</strong></span> <span class='ocrx_word' id='word_1_78' title='bbox 778 1035 893 1103; x_wconf 89' lang='lat' dir='ltr'><strong>ipse</strong></span> <span class='ocrx_word' id='word_1_79' title='bbox 915 1044 1105 1090; x_wconf 78' lang='lat' dir='ltr'><strong>servus</strong></span> <span class='ocrx_word' id='word_1_80' title='bbox 1123 1035 1191 1091; x_wconf 86' lang='lat' dir='ltr'><strong>ad</strong></span> <span class='ocrx_word' id='word_1_81' title='bbox 1212 1035 1529 1103; x_wconf 78' lang='lat' dir='ltr'><strong>supplicium</strong></span> <span class='ocrx_word' id='word_1_82' title='bbox 1557 1032 1819 1089; x_wconf 72' lang='lat' dir='ltr'><strong>tradatur.</strong></span> 
     </span>
    </p>
   </div>
   <div class='ocr_carea' id='block_1_11' title="bbox 251 1123 1826 1194">
    <p class='ocr_par' dir='ltr' id='par_1_11' title="bbox 251 1123 1826 1194">
     <span class='ocr_line' id='line_1_11' title="bbox 251 1123 1826 1194; baseline -0.001 -14"><span class='ocrx_word' id='word_1_83' title='bbox 251 1125 534 1181; x_wconf 80' lang='lat' dir='ltr'><strong>Hereditas</strong></span> <span class='ocrx_word' id='word_1_84' title='bbox 560 1133 741 1178; x_wconf 79' lang='lat' dir='ltr'><strong>tamen</strong></span> <span class='ocrx_word' id='word_1_85' title='bbox 764 1123 921 1179; x_wconf 82' lang='lat' dir='ltr'><strong>liberi</strong></span> <span class='ocrx_word' id='word_1_86' title='bbox 961 1124 1215 1188; x_wconf 80' lang='lat' dir='ltr'><strong>hominis,</strong></span> <span class='ocrx_word' id='word_1_87' title='bbox 1242 1125 1332 1193; x_wconf 87' lang='lat' dir='ltr'><strong>qui</strong></span> <span class='ocrx_word' id='word_1_88' title='bbox 1364 1132 1583 1194; x_wconf 87' lang='lat' dir='ltr'><strong>propter</strong></span> <span class='ocrx_word' id='word_1_89' title='bbox 1606 1123 1714 1178; x_wconf 86' lang='lat' dir='ltr'><strong>tale</strong></span> <span class='ocrx_word' id='word_1_90' title='bbox 1744 1124 1826 1178; x_wconf 77' lang='lat' dir='ltr'><strong>fa-</strong></span> 
     </span>
    </p>
   </div>
   <div class='ocr_carea' id='block_1_12' title="bbox 251 1210 1827 1285">
    <p class='ocr_par' dir='ltr' id='par_1_12' title="bbox 251 1210 1827 1285">
     <span class='ocr_line' id='line_1_12' title="bbox 251 1210 1827 1285; baseline -0.001 -13"><span class='ocrx_word' id='word_1_91' title='bbox 251 1216 408 1272; x_wconf 86' lang='lat' dir='ltr'><strong>cinus</strong></span> <span class='ocrx_word' id='word_1_92' title='bbox 438 1215 509 1270; x_wconf 79' lang='lat' dir='ltr'><strong>ad</strong></span> <span class='ocrx_word' id='word_1_93' title='bbox 544 1223 776 1269; x_wconf 82' lang='lat' dir='ltr'><strong>mortem</strong></span> <span class='ocrx_word' id='word_1_94' title='bbox 801 1212 967 1269; x_wconf 68' lang='grc' dir='ltr'><strong>[πει-ει</strong></span> <span class='ocrx_word' id='word_1_95' title='bbox 989 1215 1277 1279; x_wconf 81' lang='lat' dir='ltr'><strong>iudicatus,</strong></span> <span class='ocrx_word' id='word_1_96' title='bbox 1303 1216 1371 1270; x_wconf 88' lang='lat' dir='ltr'><strong>ad</strong></span> <span class='ocrx_word' id='word_1_97' title='bbox 1402 1214 1673 1285; x_wconf 71' lang='lat' dir='ltr'><strong>legitimos</strong></span> <span class='ocrx_word' id='word_1_98' title='bbox 1706 1210 1827 1271; x_wconf 81' lang='lat' dir='ltr'><strong>eius</strong></span> 
     </span>
    </p>
   </div>
   <div class='ocr_carea' id='block_1_13' title="bbox 253 1302 1826 1372">
    <p class='ocr_par' dir='ltr' id='par_1_13' title="bbox 253 1302 1826 1372">
     <span class='ocr_line' id='line_1_13' title="bbox 253 1302 1826 1372; baseline -0.001 -12"><span class='ocrx_word' id='word_1_99' title='bbox 253 1306 275 1337; x_wconf 83' lang='grc'><strong><em>⁸</em></strong></span> <span class='ocrx_word' id='word_1_100' title='bbox 313 1304 545 1360; x_wconf 83' lang='lat' dir='ltr'><strong>heredes</strong></span> <span class='ocrx_word' id='word_1_101' title='bbox 578 1303 879 1372; x_wconf 67' lang='lat' dir='ltr'><strong>paveniat.</strong></span> <span class='ocrx_word' id='word_1_102' title='bbox 939 1302 997 1358; x_wconf 92' lang='lat' dir='ltr'><strong>Si</strong></span> <span class='ocrx_word' id='word_1_103' title='bbox 1042 1304 1098 1357; x_wconf 91' lang='lat' dir='ltr'><strong>in</strong></span> <span class='ocrx_word' id='word_1_104' title='bbox 1141 1304 1284 1358; x_wconf 86' lang='lat' dir='ltr'><strong>atrio</strong></span> <span class='ocrx_word' id='word_1_105' title='bbox 1324 1303 1617 1367; x_wconf 86' lang='lat' dir='ltr'><strong>ecclesiae,</strong></span> <span class='ocrx_word' id='word_1_106' title='bbox 1671 1302 1826 1359; x_wconf 82' lang='lat' dir='ltr'><strong>cuius</strong></span> 
     </span>
    </p>
   </div>
   <div class='ocr_carea' id='block_1_14' title="bbox 253 1392 1830 1463">
    <p class='ocr_par' dir='ltr' id='par_1_14' title="bbox 253 1392 1830 1463">
     <span class='ocr_line' id='line_1_14' title="bbox 253 1392 1830 1463; baseline 0 -14"><span class='ocrx_word' id='word_1_107' title='bbox 253 1402 410 1463; x_wconf 80' lang='lat' dir='ltr'><strong>porta</strong></span> <span class='ocrx_word' id='word_1_108' title='bbox 686 1401 995 1448; x_wconf 82' lang='lat' dir='ltr'><strong>sanctorum</strong></span> <span class='ocrx_word' id='word_1_109' title='bbox 1013 1401 1330 1450; x_wconf 85' lang='lat' dir='ltr'><strong>consecrata</strong></span> <span class='ocrx_word' id='word_1_110' title='bbox 1349 1402 1453 1457; x_wconf 88' lang='lat' dir='ltr'><strong>est,</strong></span> <span class='ocrx_word' id='word_1_111' title='bbox 1493 1394 1830 1449; x_wconf 80' lang='lat' dir='ltr'><strong>huiuscemo-</strong></span> 
     </span>
    </p>
   </div>
   <div class='ocr_carea' id='block_1_15' title="bbox 256 1480 1831 1552">
    <p class='ocr_par' dir='ltr' id='par_1_15' title="bbox 256 1480 1831 1552">
     <span class='ocr_line' id='line_1_15' title="bbox 256 1480 1831 1552; baseline -0.003 -10"><span class='ocrx_word' id='word_1_112' title='bbox 256 1486 309 1542; x_wconf 93' lang='lat' dir='ltr'><strong>di</strong></span> <span class='ocrx_word' id='word_1_113' title='bbox 330 1482 679 1541; x_wconf 83' lang='lat' dir='ltr'><strong>homicidium</strong></span> <span class='ocrx_word' id='word_1_114' title='bbox 700 1490 1071 1552; x_wconf 83' lang='lat' dir='ltr'><strong>perpetratum</strong></span> <span class='ocrx_word' id='word_1_115' title='bbox 1092 1480 1274 1546; x_wconf 69' lang='lat' dir='ltr'><strong>Interit.</strong></span> <span class='ocrx_word' id='word_1_116' title='bbox 1289 1482 1453 1537; x_wconf 83' lang='lat' dir='ltr'><strong>simili</strong></span> <span class='ocrx_word' id='word_1_117' title='bbox 1470 1482 1630 1538; x_wconf 86' lang='lat' dir='ltr'><strong>modo</strong></span> <span class='ocrx_word' id='word_1_118' title='bbox 1645 1496 1831 1537; x_wconf 76' lang='lat' dir='ltr'><strong>emen-</strong></span> 
     </span>
    </p>
   </div>
   <div class='ocr_carea' id='block_1_16' title="bbox 258 1570 1832 1641">
    <p class='ocr_par' dir='ltr' id='par_1_16' title="bbox 258 1570 1832 1641">
     <span class='ocr_line' id='line_1_16' title="bbox 258 1570 1832 1641; baseline -0.003 -12"><span class='ocrx_word' id='word_1_119' title='bbox 258 1575 418 1629; x_wconf 91' lang='lat' dir='ltr'><strong>detur</strong></span> <span class='ocrx_word' id='word_1_120' title='bbox 447 1572 533 1628; x_wconf 90' lang='lat' dir='ltr'><strong>vel</strong></span> <span class='ocrx_word' id='word_1_121' title='bbox 552 1580 903 1640; x_wconf 87' lang='lat' dir='ltr'><strong>conponatur.</strong></span> <span class='ocrx_word' id='word_1_122' title='bbox 928 1570 985 1625; x_wconf 89' lang='lat' dir='ltr'><strong>Si</strong></span> <span class='ocrx_word' id='word_1_123' title='bbox 1010 1585 1137 1627; x_wconf 87' lang='lat' dir='ltr'><strong>vero</strong></span> <span class='ocrx_word' id='word_1_124' title='bbox 1160 1579 1318 1641; x_wconf 89' lang='lat' dir='ltr'><strong>porta</strong></span> <span class='ocrx_word' id='word_1_125' title='bbox 1340 1571 1600 1628; x_wconf 77' lang='lat' dir='ltr'><strong>ecclesiae</strong></span> <span class='ocrx_word' id='word_1_126' title='bbox 1618 1586 1728 1627; x_wconf 84' lang='lat' dir='ltr'><strong>non</strong></span> <span class='ocrx_word' id='word_1_127' title='bbox 1745 1578 1832 1626; x_wconf 85' lang='lat' dir='ltr'><strong>est</strong></span> 
     </span>
    </p>
   </div>
   <div class='ocr_carea' id='block_1_17' title="bbox 259 1658 1832 1731">
    <p class='ocr_par' dir='ltr' id='par_1_17' title="bbox 259 1658 1832 1731">
     <span class='ocr_line' id='line_1_17' title="bbox 259 1658 1832 1731; baseline -0.003 -10"><span class='ocrx_word' id='word_1_128' title='bbox 259 1671 596 1729; x_wconf 83' lang='lat' dir='ltr'><strong>consecrata,</strong></span> <span class='ocrx_word' id='word_1_129' title='bbox 624 1676 691 1717; x_wconf 87' lang='lat' dir='ltr'><strong>eo</strong></span> <span class='ocrx_word' id='word_1_130' title='bbox 720 1658 878 1719; x_wconf 84' lang='lat' dir='ltr'><strong>modo</strong></span> <span class='ocrx_word' id='word_1_131' title='bbox 904 1668 1240 1731; x_wconf 77' lang='lat' dir='ltr'><strong>conponamr</strong></span> <span class='ocrx_word' id='word_1_132' title='bbox 1267 1663 1411 1731; x_wconf 87' lang='lat' dir='ltr'><strong>quod</strong></span> <span class='ocrx_word' id='word_1_133' title='bbox 1438 1662 1494 1717; x_wconf 89' lang='lat' dir='ltr'><strong>in</strong></span> <span class='ocrx_word' id='word_1_134' title='bbox 1522 1663 1665 1718; x_wconf 85' lang='lat' dir='ltr'><strong>atrio</strong></span> <span class='ocrx_word' id='word_1_135' title='bbox 1684 1675 1832 1718; x_wconf 86' lang='lat' dir='ltr'><strong>com-</strong></span> 
     </span>
    </p>
   </div>
   <div class='ocr_carea' id='block_1_18' title="bbox 262 1752 1833 1824">
    <p class='ocr_par' dir='ltr' id='par_1_18' title="bbox 262 1752 1833 1824">
     <span class='ocr_line' id='line_1_18' title="bbox 262 1752 1833 1824; baseline 0.001 -16"><span class='ocrx_word' id='word_1_136' title='bbox 262 1754 518 1819; x_wconf 82' lang='lat' dir='ltr'><strong>mittitur,</strong></span> <span class='ocrx_word' id='word_1_137' title='bbox 542 1753 682 1808; x_wconf 82' lang='lat' dir='ltr'><strong>sicut</strong></span> <span class='ocrx_word' id='word_1_138' title='bbox 711 1752 959 1821; x_wconf 83' lang='lat' dir='ltr'><strong>contponi</strong></span> <span class='ocrx_word' id='word_1_139' title='bbox 992 1753 1154 1809; x_wconf 79' lang='lat' dir='ltr'><strong>debet</strong></span> <span class='ocrx_word' id='word_1_140' title='bbox 1192 1753 1217 1787; x_wconf 83' lang='grc'><em>³</em></span> <span class='ocrx_word' id='word_1_141' title='bbox 1243 1754 1388 1824; x_wconf 81' lang='lat' dir='ltr'><strong>quod</strong></span> <span class='ocrx_word' id='word_1_142' title='bbox 1414 1754 1472 1808; x_wconf 82' lang='lat' dir='ltr'><strong>in</strong></span> <span class='ocrx_word' id='word_1_143' title='bbox 1494 1754 1833 1810; x_wconf 81' lang='lat' dir='ltr'><strong>immunitate</strong></span> 
     </span>
    </p>
   </div>
   <div class='ocr_carea' id='block_1_19' title="bbox 260 1840 960 1915">
    <p class='ocr_par' dir='ltr' id='par_1_19' title="bbox 260 1840 960 1915">
     <span class='ocr_line' id='line_1_19' title="bbox 260 1840 960 1915; baseline -0.004 -16"><span class='ocrx_word' id='word_1_144' title='bbox 260 1843 463 1900; x_wconf 85' lang='lat' dir='ltr'><strong>violata</strong></span> <span class='ocrx_word' id='word_1_145' title='bbox 486 1841 843 1915; x_wconf 69' lang='lat' dir='ltr'><strong>committitur</strong></span> <span class='ocrx_word' id='word_1_146' title='bbox 865 1840 905 1895; x_wconf 72' lang='grc'><strong>⁸.</strong></span> <span class='ocrx_word' id='word_1_147' title='bbox 940 1860 960 1896; x_wconf 72' lang='grc' dir='ltr'>ι</span> 
     </span>
    </p>
   </div>
   <div class='ocr_carea' id='block_1_20' title="bbox 331 1953 1831 2029">
    <p class='ocr_par' dir='ltr' id='par_1_20' title="bbox 331 1953 1831 2029">
     <span class='ocr_line' id='line_1_20' title="bbox 331 1953 1831 2029; baseline 0.001 -21"><span class='ocrx_word' id='word_1_148' title='bbox 331 1954 388 2010; x_wconf 71' lang='lat'><strong>2.</strong></span> <span class='ocrx_word' id='word_1_149' title='bbox 417 1953 753 2024; x_wconf 79' lang='lat' dir='ltr'><strong>Quicumque</strong></span> <span class='ocrx_word' id='word_1_150' title='bbox 772 1962 995 2025; x_wconf 79' lang='lat' dir='ltr'><strong>pmpter</strong></span> <span class='ocrx_word' id='word_1_151' title='bbox 1033 1953 1380 2025; x_wconf 83' lang='lat' dir='ltr'><strong>cupiditatem</strong></span> <span class='ocrx_word' id='word_1_152' title='bbox 1408 1966 1590 2011; x_wconf 85' lang='lat' dir='ltr'><strong>rerum</strong></span> <span class='ocrx_word' id='word_1_153' title='bbox 1620 1962 1831 2029; x_wconf 81' lang='lat' dir='ltr'><strong>patrem</strong></span> 
     </span>
    </p>
   </div>
   <div class='ocr_carea' id='block_1_21' title="bbox 265 2044 1828 2115">
    <p class='ocr_par' dir='ltr' id='par_1_21' title="bbox 265 2044 1828 2115">
     <span class='ocr_line' id='line_1_21' title="bbox 265 2044 1828 2115; baseline -0.001 -16"><span class='ocrx_word' id='word_1_154' title='bbox 265 2052 361 2099; x_wconf 92' lang='lat' dir='ltr'><strong>aut</strong></span> <span class='ocrx_word' id='word_1_155' title='bbox 382 2053 640 2111; x_wconf 82' lang='lat' dir='ltr'><strong>matrem,</strong></span> <span class='ocrx_word' id='word_1_156' title='bbox 667 2052 760 2099; x_wconf 83' lang='lat' dir='ltr'><strong>aut</strong></span> <span class='ocrx_word' id='word_1_157' title='bbox 794 2044 1036 2111; x_wconf 76' lang='lat' dir='ltr'><strong>fratrem,</strong></span> <span class='ocrx_word' id='word_1_158' title='bbox 1070 2056 1165 2101; x_wconf 87' lang='lat' dir='ltr'><strong>aut</strong></span> <span class='ocrx_word' id='word_1_159' title='bbox 1192 2060 1432 2102; x_wconf 83' lang='lat' dir='ltr'><strong>sororem</strong></span> <span class='ocrx_word' id='word_1_160' title='bbox 1464 2047 1509 2112; x_wconf 85' lang='grc'><strong>⁸,</strong></span> <span class='ocrx_word' id='word_1_161' title='bbox 1552 2053 1828 2115; x_wconf 84' lang='lat' dir='ltr'><strong>nepotem,</strong></span> 
     </span>
    </p>
   </div>
   <div class='ocr_carea' id='block_1_22' title="bbox 265 2131 1845 2203">
    <p class='ocr_par' dir='ltr' id='par_1_22' title="bbox 265 2131 1845 2203">
     <span class='ocr_line' id='line_1_22' title="bbox 265 2131 1845 2203; baseline 0.001 -17"><span class='ocrx_word' id='word_1_162' title='bbox 265 2134 351 2188; x_wconf 90' lang='lat' dir='ltr'><strong>vel</strong></span> <span class='ocrx_word' id='word_1_163' title='bbox 379 2134 545 2187; x_wconf 84' lang='lat' dir='ltr'><strong>alium</strong></span> <span class='ocrx_word' id='word_1_164' title='bbox 587 2133 943 2203; x_wconf 77' lang='lat' dir='ltr'><strong>propinquum</strong></span> <span class='ocrx_word' id='word_1_165' title='bbox 983 2147 1139 2189; x_wconf 86' lang='lat' dir='ltr'><strong>suum</strong></span> <span class='ocrx_word' id='word_1_166' title='bbox 1182 2131 1514 2199; x_wconf 75' lang='lat' dir='ltr'><strong>interﬁccrit,</strong></span> <span class='ocrx_word' id='word_1_167' title='bbox 1565 2134 1845 2189; x_wconf 87' lang='lat' dir='ltr'><strong>hereditas-</strong></span> 
     </span>
    </p>
   </div>
   <div class='ocr_carea' id='block_1_23' title="bbox 266 2223 1832 2296">
    <p class='ocr_par' dir='ltr' id='par_1_23' title="bbox 266 2223 1832 2296">
     <span class='ocr_line' id='line_1_23' title="bbox 266 2223 1832 2296; baseline 0.001 -19"><span class='ocrx_word' id='word_1_168' title='bbox 266 2223 536 2278; x_wconf 78' lang='lat' dir='ltr'><strong>intertecti</strong></span> <span class='ocrx_word' id='word_1_169' title='bbox 566 2225 633 2279; x_wconf 87' lang='lat' dir='ltr'><strong>ad</strong></span> <span class='ocrx_word' id='word_1_170' title='bbox 658 2224 792 2279; x_wconf 87' lang='lat' dir='ltr'><strong>alios</strong></span> <span class='ocrx_word' id='word_1_171' title='bbox 817 2240 944 2280; x_wconf 89' lang='lat' dir='ltr'><strong>suos</strong></span> <span class='ocrx_word' id='word_1_172' title='bbox 983 2225 1249 2296; x_wconf 76' lang='lat' dir='ltr'><strong>legitimos</strong></span> <span class='ocrx_word' id='word_1_173' title='bbox 1275 2227 1501 2282; x_wconf 89' lang='lat' dir='ltr'><strong>heredes</strong></span> <span class='ocrx_word' id='word_1_174' title='bbox 1527 2226 1832 2296; x_wconf 77' lang='lat' dir='ltr'><strong>perveniat;</strong></span> 
     </span>
    </p>
   </div>
   <div class='ocr_carea' id='block_1_24' title="bbox 267 2310 1839 2389">
    <p class='ocr_par' dir='ltr' id='par_1_24' title="bbox 267 2310 1839 2389">
     <span class='ocr_line' id='line_1_24' title="bbox 267 2310 1839 2389; baseline 0.003 -22"><span class='ocrx_word' id='word_1_175' title='bbox 267 2312 634 2369; x_wconf 78' lang='lat' dir='ltr'><strong>interfectoris</strong></span> <span class='ocrx_word' id='word_1_176' title='bbox 652 2327 783 2369; x_wconf 89' lang='lat' dir='ltr'><strong>vero</strong></span> <span class='ocrx_word' id='word_1_177' title='bbox 805 2310 1079 2371; x_wconf 71' lang='lat' dir='ltr'><strong>hereditas</strong></span> <span class='ocrx_word' id='word_1_178' title='bbox 1103 2317 1157 2370; x_wconf 91' lang='lat' dir='ltr'><strong>in</strong></span> <span class='ocrx_word' id='word_1_179' title='bbox 1185 2314 1374 2372; x_wconf 81' lang='lat' dir='ltr'><strong>iiscum</strong></span> <span class='ocrx_word' id='word_1_180' title='bbox 1402 2316 1693 2389; x_wconf 74' lang='lat' dir='ltr'><strong>redigatur.</strong></span> <span class='ocrx_word' id='word_1_181' title='bbox 1721 2318 1839 2387; x_wconf 89' lang='lat' dir='ltr'><strong>ipse</strong></span> 
     </span>
    </p>
   </div>
   <div class='ocr_carea' id='block_1_25' title="bbox 266 2402 1840 2477">
    <p class='ocr_par' dir='ltr' id='par_1_25' title="bbox 266 2402 1840 2477">
     <span class='ocr_line' id='line_1_25' title="bbox 266 2402 1840 2477; baseline 0.005 -22"><span class='ocrx_word' id='word_1_182' title='bbox 266 2416 398 2459; x_wconf 82' lang='lat' dir='ltr'><strong>vero</strong></span> <span class='ocrx_word' id='word_1_183' title='bbox 429 2404 711 2460; x_wconf 75' lang='lat' dir='ltr'><strong>ordinante</strong></span> <span class='ocrx_word' id='word_1_184' title='bbox 752 2402 1003 2475; x_wconf 82' lang='lat' dir='ltr'><strong>episcopo</strong></span> <span class='ocrx_word' id='word_1_185' title='bbox 1038 2402 1280 2476; x_wconf 85' lang='lat' dir='ltr'><strong>publicae</strong></span> <span class='ocrx_word' id='word_1_186' title='bbox 1311 2408 1674 2477; x_wconf 85' lang='lat' dir='ltr'><strong>poenitentiae</strong></span> <span class='ocrx_word' id='word_1_187' title='bbox 1713 2406 1840 2464; x_wconf 85' lang='lat' dir='ltr'><strong>sub—</strong></span> 
     </span>
    </p>
   </div>
   <div class='ocr_carea' id='block_1_26' title="bbox 270 2494 451 2549">
    <p class='ocr_par' dir='ltr' id='par_1_26' title="bbox 270 2494 451 2549">
     <span class='ocr_line' id='line_1_26' title="bbox 270 2494 451 2549; baseline 0 -2"><span class='ocrx_word' id='word_1_188' title='bbox 270 2494 451 2549; x_wconf 78' lang='lat' dir='ltr'><strong>datur.</strong></span> 
     </span>
    </p>
   </div>
   <div class='ocr_carea' id='block_1_27' title="bbox 341 2603 1845 2680">
    <p class='ocr_par' dir='ltr' id='par_1_27' title="bbox 341 2603 1845 2680">
     <span class='ocr_line' id='line_1_27' title="bbox 341 2603 1845 2680; baseline 0.005 -20"><span class='ocrx_word' id='word_1_189' title='bbox 341 2604 377 2661; x_wconf 80' lang='lat'><strong>3</strong></span> <span class='ocrx_word' id='word_1_190' title='bbox 400 2606 421 2638; x_wconf 82' lang='lat'><strong><em>°</em></strong></span> <span class='ocrx_word' id='word_1_191' title='bbox 441 2618 490 2661; x_wconf 76' lang='grc' dir='ltr'><strong>ι.</strong></span> <span class='ocrx_word' id='word_1_192' title='bbox 520 2603 854 2678; x_wconf 83' lang='lat' dir='ltr'><strong>Quicumque</strong></span> <span class='ocrx_word' id='word_1_193' title='bbox 892 2603 1109 2680; x_wconf 87' lang='lat' dir='ltr'><strong>propria</strong></span> <span class='ocrx_word' id='word_1_194' title='bbox 1135 2624 1302 2667; x_wconf 80' lang='lat' dir='ltr'><strong>uxore</strong></span> <span class='ocrx_word' id='word_1_195' title='bbox 1322 2609 1576 2667; x_wconf 85' lang='lat' dir='ltr'><strong>derelicta</strong></span> <span class='ocrx_word' id='word_1_196' title='bbox 1608 2618 1704 2667; x_wconf 88' lang='lat' dir='ltr'><strong>aut</strong></span> <span class='ocrx_word' id='word_1_197' title='bbox 1725 2612 1845 2667; x_wconf 87' lang='lat' dir='ltr'><strong>sine</strong></span> 
     </span>
    </p>
   </div>
   <div class='ocr_carea' id='block_1_28' title="bbox 269 2694 1843 2769">
    <p class='ocr_par' dir='ltr' id='par_1_28' title="bbox 269 2694 1843 2769">
     <span class='ocr_line' id='line_1_28' title="bbox 269 2694 1843 2769; baseline 0.003 -19"><span class='ocrx_word' id='word_1_198' title='bbox 269 2711 433 2751; x_wconf 84' lang='lat' dir='ltr'><strong>causa</strong></span> <span class='ocrx_word' id='word_1_199' title='bbox 470 2695 491 2727; x_wconf 88' lang='lat'><strong><em>&quot;</em></strong></span> <span class='ocrx_word' id='word_1_200' title='bbox 519 2694 829 2763; x_wconf 75' lang='lat' dir='ltr'><strong>interfecta,</strong></span> <span class='ocrx_word' id='word_1_201' title='bbox 857 2697 1018 2752; x_wconf 75' lang='lat' dir='ltr'><strong>aliam</strong></span> <span class='ocrx_word' id='word_1_202' title='bbox 1058 2696 1079 2730; x_wconf 84' lang='grc'><strong><em>⁸</em></strong></span> <span class='ocrx_word' id='word_1_203' title='bbox 1108 2696 1320 2754; x_wconf 80' lang='lat' dir='ltr'><strong>duxerit</strong></span> <span class='ocrx_word' id='word_1_204' title='bbox 1351 2699 1393 2764; x_wconf 85' lang='lat'><strong>’,</strong></span> <span class='ocrx_word' id='word_1_205' title='bbox 1426 2699 1593 2756; x_wconf 84' lang='lat' dir='ltr'><strong>armis</strong></span> <span class='ocrx_word' id='word_1_206' title='bbox 1630 2699 1843 2769; x_wconf 87' lang='lat' dir='ltr'><strong>deposi-</strong></span> 
     </span>
    </p>
   </div>
   <div class='ocr_carea' id='block_1_29' title="bbox 271 2784 1846 2859">
    <p class='ocr_par' dir='ltr' id='par_1_29' title="bbox 271 2784 1846 2859">
     <span class='ocr_line' id='line_1_29' title="bbox 271 2784 1846 2859; baseline 0.004 -19"><span class='ocrx_word' id='word_1_207' title='bbox 271 2784 341 2841; x_wconf 87' lang='lat' dir='ltr'><strong>tis</strong></span> <span class='ocrx_word' id='word_1_208' title='bbox 368 2784 637 2855; x_wconf 80' lang='lat' dir='ltr'><strong>publicam</strong></span> <span class='ocrx_word' id='word_1_209' title='bbox 657 2796 782 2859; x_wconf 75' lang='lat' dir='ltr'><strong>agat</strong></span> <span class='ocrx_word' id='word_1_210' title='bbox 811 2788 1217 2858; x_wconf 90' lang='lat' dir='ltr'><strong>poenitentiam.</strong></span> <span class='ocrx_word' id='word_1_211' title='bbox 1248 2791 1314 2845; x_wconf 89' lang='lat' dir='ltr'><strong>Et</strong></span> <span class='ocrx_word' id='word_1_212' title='bbox 1335 2791 1382 2847; x_wconf 88' lang='lat' dir='ltr'><strong>si</strong></span> <span class='ocrx_word' id='word_1_213' title='bbox 1415 2792 1703 2846; x_wconf 79' lang='lat' dir='ltr'><strong>contumax</strong></span> <span class='ocrx_word' id='word_1_214' title='bbox 1728 2791 1846 2846; x_wconf 76' lang='lat' dir='ltr'><strong>fue-</strong></span> 
     </span>
    </p>
   </div>
   <div class='ocr_carea' id='block_1_30' title="bbox 276 2873 1849 2946">
    <p class='ocr_par' dir='ltr' id='par_1_30' title="bbox 276 2873 1849 2946">
     <span class='ocr_line' id='line_1_30' title="bbox 276 2873 1849 2946; baseline 0.005 -18"><span class='ocrx_word' id='word_1_215' title='bbox 276 2873 366 2939; x_wconf 87' lang='lat' dir='ltr'><strong>rit,</strong></span> <span class='ocrx_word' id='word_1_216' title='bbox 394 2877 876 2946; x_wconf 85' lang='lat' dir='ltr'><strong>comprehendatur</strong></span> <span class='ocrx_word' id='word_1_217' title='bbox 905 2893 935 2932; x_wconf 89' lang='lat' dir='ltr'><strong>a</strong></span> <span class='ocrx_word' id='word_1_218' title='bbox 975 2880 1173 2936; x_wconf 87' lang='lat' dir='ltr'><strong>comite</strong></span> <span class='ocrx_word' id='word_1_219' title='bbox 1205 2889 1259 2936; x_wconf 90' lang='lat' dir='ltr'><strong>et</strong></span> <span class='ocrx_word' id='word_1_220' title='bbox 1288 2879 1432 2937; x_wconf 80' lang='lat' dir='ltr'><strong>ferro</strong></span> <span class='ocrx_word' id='word_1_221' title='bbox 1461 2881 1747 2946; x_wconf 80' lang='lat' dir='ltr'><strong>vinciatur,</strong></span> <span class='ocrx_word' id='word_1_222' title='bbox 1792 2889 1849 2936; x_wconf 91' lang='lat' dir='ltr'><strong>et</strong></span> 
     </span>
    </p>
   </div>
   <div class='ocr_carea' id='block_1_31' title="bbox 276 2962 1846 3033">
    <p class='ocr_par' dir='ltr' id='par_1_31' title="bbox 276 2962 1846 3033">
     <span class='ocr_line' id='line_1_31' title="bbox 276 2962 1846 3033; baseline 0.006 -15"><span class='ocrx_word' id='word_1_223' title='bbox 276 2962 330 3019; x_wconf 91' lang='lat' dir='ltr'><strong>in</strong></span> <span class='ocrx_word' id='word_1_224' title='bbox 358 2966 599 3021; x_wconf 87' lang='lat' dir='ltr'><strong>custodia</strong></span> <span class='ocrx_word' id='word_1_225' title='bbox 623 2966 881 3033; x_wconf 81' lang='lat' dir='ltr'><strong>mittatur,</strong></span> <span class='ocrx_word' id='word_1_226' title='bbox 911 2966 1083 3025; x_wconf 90' lang='lat' dir='ltr'><strong>donec</strong></span> <span class='ocrx_word' id='word_1_227' title='bbox 1115 2984 1204 3025; x_wconf 90' lang='lat' dir='ltr'><strong>res</strong></span> <span class='ocrx_word' id='word_1_228' title='bbox 1230 2970 1297 3026; x_wconf 88' lang='lat' dir='ltr'><strong>ad</strong></span> <span class='ocrx_word' id='word_1_229' title='bbox 1335 2978 1576 3026; x_wconf 87' lang='lat' dir='ltr'><strong>nostram</strong></span> <span class='ocrx_word' id='word_1_230' title='bbox 1598 2971 1846 3027; x_wconf 83' lang='lat' dir='ltr'><strong>notitiam</strong></span> 
     </span>
    </p>
   </div>
   <div class='ocr_carea' id='block_1_32' title="bbox 275 3055 588 3110">
    <p class='ocr_par' dir='ltr' id='par_1_32' title="bbox 275 3055 588 3110">
     <span class='ocr_line' id='line_1_32' title="bbox 275 3055 588 3110; baseline 0 -1"><span class='ocrx_word' id='word_1_231' title='bbox 275 3055 588 3110; x_wconf 84' lang='lat' dir='ltr'><strong>deducatur.</strong></span> 
     </span>
    </p>
   </div>
   <div class='ocr_carea' id='block_1_33' title="bbox 341 3163 1919 3240">
    <p class='ocr_par' dir='ltr' id='par_1_33' title="bbox 341 3163 1919 3240">
     <span class='ocr_line' id='line_1_33' title="bbox 341 3163 1919 3240; baseline 0.004 -19"><span class='ocrx_word' id='word_1_232' title='bbox 341 3169 396 3222; x_wconf 71' lang='grc'><strong>4.</strong></span> <span class='ocrx_word' id='word_1_233' title='bbox 434 3168 769 3240; x_wconf 83' lang='lat' dir='ltr'><strong>Quicumque</strong></span> <span class='ocrx_word' id='word_1_234' title='bbox 810 3187 899 3228; x_wconf 91' lang='lat' dir='ltr'><strong>res</strong></span> <span class='ocrx_word' id='word_1_235' title='bbox 942 3173 1144 3230; x_wconf 90' lang='lat' dir='ltr'><strong>alienas</strong></span> <span class='ocrx_word' id='word_1_236' title='bbox 1180 3175 1399 3229; x_wconf 89' lang='lat' dir='ltr'><strong>cuilibet</strong></span> <span class='ocrx_word' id='word_1_237' title='bbox 1436 3174 1639 3230; x_wconf 92' lang='lat' dir='ltr'><strong>homini</strong></span> <span class='ocrx_word' id='word_1_238' title='bbox 1664 3175 1846 3230; x_wconf 88' lang='lat' dir='ltr'><strong>vendi-</strong></span> <span class='ocrx_word' id='word_1_239' title='bbox 1874 3163 1919 3227; x_wconf 90' lang='lat' dir='ltr'><strong><em>C</em></strong></span> 
     </span>
    </p>
   </div>
   <div class='ocr_carea' id='block_1_34' title="bbox 275 3258 1847 3327">
    <p class='ocr_par' dir='ltr' id='par_1_34' title="bbox 275 3258 1847 3327">
     <span class='ocr_line' id='line_1_34' title="bbox 275 3258 1847 3327; baseline 0.003 -14"><span class='ocrx_word' id='word_1_240' title='bbox 275 3258 437 3319; x_wconf 87' lang='lat' dir='ltr'><strong>derit,</strong></span> <span class='ocrx_word' id='word_1_241' title='bbox 470 3267 523 3311; x_wconf 90' lang='lat' dir='ltr'><strong>et</strong></span> <span class='ocrx_word' id='word_1_242' title='bbox 550 3258 661 3327; x_wconf 91' lang='lat' dir='ltr'><strong>ipse</strong></span> <span class='ocrx_word' id='word_1_243' title='bbox 684 3260 845 3316; x_wconf 91' lang='lat' dir='ltr'><strong>homo</strong></span> <span class='ocrx_word' id='word_1_244' title='bbox 871 3263 1086 3317; x_wconf 89' lang='lat' dir='ltr'><strong>easdem</strong></span> <span class='ocrx_word' id='word_1_245' title='bbox 1124 3278 1212 3318; x_wconf 92' lang='lat' dir='ltr'><strong>res</strong></span> <span class='ocrx_word' id='word_1_246' title='bbox 1246 3262 1405 3318; x_wconf 90' lang='lat' dir='ltr'><strong>alicui</strong></span> <span class='ocrx_word' id='word_1_247' title='bbox 1447 3260 1599 3317; x_wconf 89' lang='lat' dir='ltr'><strong>alteri</strong></span> <span class='ocrx_word' id='word_1_248' title='bbox 1642 3261 1847 3318; x_wconf 83' lang='lat' dir='ltr'><strong>dederit</strong></span> 
     </span>
    </p>
   </div>
   <div class='ocr_carea' id='block_1_35' title="bbox 274 3342 1848 3423">
    <p class='ocr_par' dir='ltr' id='par_1_35' title="bbox 274 3342 1848 3423">
     <span class='ocr_line' id='line_1_35' title="bbox 274 3342 1848 3423; baseline 0.003 -22"><span class='ocrx_word' id='word_1_249' title='bbox 274 3347 387 3402; x_wconf 85' lang='lat' dir='ltr'><strong>sive</strong></span> <span class='ocrx_word' id='word_1_250' title='bbox 408 3349 705 3404; x_wconf 85' lang='lat' dir='ltr'><strong>vendiderit</strong></span> <span class='ocrx_word' id='word_1_251' title='bbox 728 3348 769 3383; x_wconf 69' lang='grc' dir='ltr'><strong>ιο</strong></span> <span class='ocrx_word' id='word_1_252' title='bbox 796 3392 812 3416; x_wconf 89' lang='grc'><strong><em>,</em></strong></span> <span class='ocrx_word' id='word_1_253' title='bbox 843 3342 895 3406; x_wconf 78' lang='lat' dir='ltr'><strong>et</strong></span> <span class='ocrx_word' id='word_1_254' title='bbox 919 3352 1033 3423; x_wconf 92' lang='lat' dir='ltr'><strong>ipse</strong></span> <span class='ocrx_word' id='word_1_255' title='bbox 1076 3350 1166 3422; x_wconf 91' lang='lat' dir='ltr'><strong>qui</strong></span> <span class='ocrx_word' id='word_1_256' title='bbox 1192 3361 1318 3407; x_wconf 90' lang='lat' dir='ltr'><strong>tunc</strong></span> <span class='ocrx_word' id='word_1_257' title='bbox 1347 3354 1561 3408; x_wconf 89' lang='lat' dir='ltr'><strong>easdem</strong></span> <span class='ocrx_word' id='word_1_258' title='bbox 1592 3369 1679 3407; x_wconf 89' lang='lat' dir='ltr'><strong>res</strong></span> <span class='ocrx_word' id='word_1_259' title='bbox 1702 3368 1848 3408; x_wconf 90' lang='lat' dir='ltr'><strong>com-</strong></span> 
     </span>
    </p>
   </div>
   <div class='ocr_carea' id='block_1_36' title="bbox 273 3436 1847 3513">
    <p class='ocr_par' dir='ltr' id='par_1_36' title="bbox 273 3436 1847 3513">
     <span class='ocr_line' id='line_1_36' title="bbox 273 3436 1847 3513; baseline 0.004 -22"><span class='ocrx_word' id='word_1_260' title='bbox 273 3446 490 3505; x_wconf 85' lang='lat' dir='ltr'><strong>paratas</strong></span> <span class='ocrx_word' id='word_1_261' title='bbox 509 3436 690 3504; x_wconf 87' lang='lat' dir='ltr'><strong>habet,</strong></span> <span class='ocrx_word' id='word_1_262' title='bbox 713 3454 811 3509; x_wconf 90' lang='lat' dir='ltr'><strong>per</strong></span> <span class='ocrx_word' id='word_1_263' title='bbox 844 3443 1046 3496; x_wconf 89' lang='lat' dir='ltr'><strong>malum</strong></span> <span class='ocrx_word' id='word_1_264' title='bbox 1073 3441 1349 3513; x_wconf 78' lang='lat' dir='ltr'><strong>ingenium</strong></span> <span class='ocrx_word' id='word_1_265' title='bbox 1376 3443 1591 3513; x_wconf 86' lang='lat' dir='ltr'><strong>proprio</strong></span> <span class='ocrx_word' id='word_1_266' title='bbox 1617 3442 1725 3497; x_wconf 82' lang='lat' dir='ltr'><strong>lilio</strong></span> <span class='ocrx_word' id='word_1_267' title='bbox 1754 3454 1847 3497; x_wconf 88' lang='lat' dir='ltr'><strong>aut</strong></span> 
     </span>
    </p>
   </div>
   <div class='ocr_carea' id='block_1_37' title="bbox 277 3529 1849 3604">
    <p class='ocr_par' dir='ltr' id='par_1_37' title="bbox 277 3529 1849 3604">
     <span class='ocr_line' id='line_1_37' title="bbox 277 3529 1849 3604; baseline 0.004 -22"><span class='ocrx_word' id='word_1_268' title='bbox 277 3529 432 3584; x_wconf 87' lang='lat' dir='ltr'><strong>alteri</strong></span> <span class='ocrx_word' id='word_1_269' title='bbox 462 3531 679 3587; x_wconf 88' lang='lat' dir='ltr'><strong>cuilibet</strong></span> <span class='ocrx_word' id='word_1_270' title='bbox 723 3534 950 3588; x_wconf 87' lang='lat' dir='ltr'><strong>necdum</strong></span> <span class='ocrx_word' id='word_1_271' title='bbox 994 3534 1261 3604; x_wconf 79' lang='lat' dir='ltr'><strong>legitimos</strong></span> <span class='ocrx_word' id='word_1_272' title='bbox 1291 3549 1461 3590; x_wconf 89' lang='lat' dir='ltr'><strong>annos</strong></span> <span class='ocrx_word' id='word_1_273' title='bbox 1488 3535 1704 3589; x_wconf 89' lang='lat' dir='ltr'><strong>habenti</strong></span> <span class='ocrx_word' id='word_1_274' title='bbox 1724 3575 1738 3599; x_wconf 96' lang='lat'><strong>,</strong></span> <span class='ocrx_word' id='word_1_275' title='bbox 1768 3535 1849 3589; x_wconf 93' lang='lat' dir='ltr'><strong>iu-</strong></span> 
     </span>
    </p>
   </div>
   <div class='ocr_carea' id='block_1_38' title="bbox 277 3619 1850 3692">
    <p class='ocr_par' dir='ltr' id='par_1_38' title="bbox 277 3619 1850 3692">
     <span class='ocr_line' id='line_1_38' title="bbox 277 3619 1850 3692; baseline 0.003 -19"><span class='ocrx_word' id='word_1_276' title='bbox 277 3619 455 3673; x_wconf 89' lang='lat' dir='ltr'><strong>stitiae</strong></span> <span class='ocrx_word' id='word_1_277' title='bbox 479 3620 744 3675; x_wconf 88' lang='lat' dir='ltr'><strong>tollendae</strong></span> <span class='ocrx_word' id='word_1_278' title='bbox 768 3638 931 3677; x_wconf 76' lang='lat' dir='ltr'><strong>causa</strong></span> <span class='ocrx_word' id='word_1_279' title='bbox 972 3623 1269 3688; x_wconf 87' lang='lat' dir='ltr'><strong>tradiderit,</strong></span> <span class='ocrx_word' id='word_1_280' title='bbox 1296 3624 1543 3679; x_wconf 87' lang='lat' dir='ltr'><strong>volumus</strong></span> <span class='ocrx_word' id='word_1_281' title='bbox 1573 3631 1733 3692; x_wconf 90' lang='lat' dir='ltr'><strong>atque</strong></span> <span class='ocrx_word' id='word_1_282' title='bbox 1758 3624 1850 3677; x_wconf 77' lang='lat' dir='ltr'><strong>ltr-</strong></span> 
     </span>
    </p>
   </div>
   <div class='ocr_carea' id='block_1_39' title="bbox 277 3709 1849 3783">
    <p class='ocr_par' dir='ltr' id='par_1_39' title="bbox 277 3709 1849 3783">
     <span class='ocr_line' id='line_1_39' title="bbox 277 3709 1849 3783; baseline 0.006 -22"><span class='ocrx_word' id='word_1_283' title='bbox 277 3709 436 3762; x_wconf 88' lang='lat' dir='ltr'><strong>miter</strong></span> <span class='ocrx_word' id='word_1_284' title='bbox 475 3711 832 3779; x_wconf 89' lang='lat' dir='ltr'><strong>praecipimus</strong></span> <span class='ocrx_word' id='word_1_285' title='bbox 858 3719 918 3767; x_wconf 92' lang='lat' dir='ltr'><strong>ut</strong></span> <span class='ocrx_word' id='word_1_286' title='bbox 942 3713 986 3767; x_wconf 91' lang='lat' dir='ltr'><strong>si</strong></span> <span class='ocrx_word' id='word_1_287' title='bbox 1013 3722 1166 3783; x_wconf 90' lang='lat' dir='ltr'><strong>pater</strong></span> <span class='ocrx_word' id='word_1_288' title='bbox 1190 3714 1429 3769; x_wconf 90' lang='lat' dir='ltr'><strong>eiusdem</strong></span> <span class='ocrx_word' id='word_1_289' title='bbox 1463 3715 1671 3783; x_wconf 89' lang='lat' dir='ltr'><strong>parvuli</strong></span> <span class='ocrx_word' id='word_1_290' title='bbox 1701 3714 1849 3771; x_wconf 82' lang='lat' dir='ltr'><strong>vixe-</strong></span> 
     </span>
    </p>
   </div>
   <div class='ocr_carea' id='block_1_40' title="bbox 277 3796 1848 3887">
    <p class='ocr_par' dir='ltr' id='par_1_40' title="bbox 277 3796 1848 3887">
     <span class='ocr_line' id='line_1_40' title="bbox 277 3796 1848 3887; baseline 0.006 -37"><span class='ocrx_word' id='word_1_291' title='bbox 277 3797 403 3887; x_wconf 80' lang='lat' dir='ltr'><strong>rit“</strong></span> <span class='ocrx_word' id='word_1_292' title='bbox 418 3837 435 3863; x_wconf 94' lang='lat'><strong>,</strong></span> <span class='ocrx_word' id='word_1_293' title='bbox 462 3797 575 3887; x_wconf 88' lang='lat' dir='ltr'><strong>ipse</strong></span> <span class='ocrx_word' id='word_1_294' title='bbox 595 3799 759 3855; x_wconf 87' lang='lat' dir='ltr'><strong>intret</strong></span> <span class='ocrx_word' id='word_1_295' title='bbox 781 3796 834 3855; x_wconf 91' lang='lat' dir='ltr'><strong>in</strong></span> <span class='ocrx_word' id='word_1_296' title='bbox 857 3815 1072 3887; x_wconf 59' lang='lat' dir='ltr'><strong>causam</strong></span> <span class='ocrx_word' id='word_1_297' title='bbox 1098 3803 1360 3858; x_wconf 86' lang='lat' dir='ltr'><strong>rationem</strong></span> <span class='ocrx_word' id='word_1_298' title='bbox 1386 3802 1640 3860; x_wconf 88' lang='lat' dir='ltr'><strong>reddendi</strong></span> <span class='ocrx_word' id='word_1_299' title='bbox 1663 3821 1760 3875; x_wconf 91' lang='lat' dir='ltr'><strong>pro</strong></span> <span class='ocrx_word' id='word_1_300' title='bbox 1782 3806 1848 3859; x_wconf 83' lang='lat' dir='ltr'><strong>li-</strong></span> 
     </span>
    </p>
   </div>
   <div class='ocr_carea' id='block_1_41' title="bbox 276 3884 1850 3963">
    <p class='ocr_par' dir='ltr' id='par_1_41' title="bbox 276 3884 1850 3963">
     <span class='ocr_line' id='line_1_41' title="bbox 276 3884 1850 3963; baseline 0.006 -23"><span class='ocrx_word' id='word_1_301' title='bbox 276 3886 349 3942; x_wconf 90' lang='lat' dir='ltr'><strong>lio</strong></span> <span class='ocrx_word' id='word_1_302' title='bbox 372 3902 492 3942; x_wconf 87' lang='lat' dir='ltr'><strong>suo.</strong></span> <span class='ocrx_word' id='word_1_303' title='bbox 518 3886 577 3942; x_wconf 88' lang='lat' dir='ltr'><strong>Si</strong></span> <span class='ocrx_word' id='word_1_304' title='bbox 597 3897 778 3944; x_wconf 87' lang='lat' dir='ltr'><strong>autem</strong></span> <span class='ocrx_word' id='word_1_305' title='bbox 802 3890 916 3959; x_wconf 89' lang='lat' dir='ltr'><strong>ipse</strong></span> <span class='ocrx_word' id='word_1_306' title='bbox 940 3884 1094 3960; x_wconf 63' lang='lat' dir='ltr'><strong>pater</strong></span> <span class='ocrx_word' id='word_1_307' title='bbox 1121 3899 1366 3949; x_wconf 78' lang='lat' dir='ltr'><strong>mortuus</strong></span> <span class='ocrx_word' id='word_1_308' title='bbox 1390 3901 1493 3959; x_wconf 91' lang='lat' dir='ltr'><strong>est,</strong></span> <span class='ocrx_word' id='word_1_309' title='bbox 1522 3902 1650 3949; x_wconf 89' lang='lat' dir='ltr'><strong>tunc</strong></span> <span class='ocrx_word' id='word_1_310' title='bbox 1670 3894 1850 3963; x_wconf 75' lang='lat' dir='ltr'><strong>legiti-</strong></span> 
     </span>
    </p>
   </div>
   <div class='ocr_carea' id='block_1_42' title="bbox 276 3977 1851 4049">
    <p class='ocr_par' dir='ltr' id='par_1_42' title="bbox 276 3977 1851 4049">
     <span class='ocr_line' id='line_1_42' title="bbox 276 3977 1851 4049; baseline 0.006 -20"><span class='ocrx_word' id='word_1_311' title='bbox 276 3992 398 4031; x_wconf 90' lang='lat' dir='ltr'><strong>mus</strong></span> <span class='ocrx_word' id='word_1_312' title='bbox 435 3977 553 4031; x_wconf 88' lang='lat' dir='ltr'><strong>eius</strong></span> <span class='ocrx_word' id='word_1_313' title='bbox 573 3980 932 4048; x_wconf 71' lang='lat' dir='ltr'><strong>prdpinquns,</strong></span> <span class='ocrx_word' id='word_1_314' title='bbox 958 3982 1051 4049; x_wconf 88' lang='lat' dir='ltr'><strong>qui</strong></span> <span class='ocrx_word' id='word_1_315' title='bbox 1092 3981 1234 4037; x_wconf 89' lang='lat' dir='ltr'><strong>iuste</strong></span> <span class='ocrx_word' id='word_1_316' title='bbox 1257 3982 1307 4037; x_wconf 88' lang='lat' dir='ltr'><strong>ei</strong></span> <span class='ocrx_word' id='word_1_317' title='bbox 1344 3990 1489 4037; x_wconf 90' lang='lat' dir='ltr'><strong>tutor</strong></span> <span class='ocrx_word' id='word_1_318' title='bbox 1510 3998 1575 4038; x_wconf 89' lang='lat' dir='ltr'><strong>ac</strong></span> <span class='ocrx_word' id='word_1_319' title='bbox 1601 3982 1851 4039; x_wconf 79' lang='lat' dir='ltr'><strong>defensor</strong></span> 
     </span>
    </p>
   </div>
   <div class='ocr_carea' id='block_1_43' title="bbox 277 4068 1844 4144">
    <p class='ocr_par' dir='ltr' id='par_1_43' title="bbox 277 4068 1844 4144">
     <span class='ocr_line' id='line_1_43' title="bbox 277 4068 1844 4144; baseline 0.005 -23"><span class='ocrx_word' id='word_1_320' title='bbox 277 4081 396 4121; x_wconf 88' lang='lat' dir='ltr'><strong>esse</strong></span> <span class='ocrx_word' id='word_1_321' title='bbox 427 4068 655 4131; x_wconf 85' lang='lat' dir='ltr'><strong>videtur,</strong></span> <span class='ocrx_word' id='word_1_322' title='bbox 678 4083 779 4138; x_wconf 86' lang='lat' dir='ltr'><strong>pro</strong></span> <span class='ocrx_word' id='word_1_323' title='bbox 804 4069 919 4139; x_wconf 90' lang='lat' dir='ltr'><strong>ipso</strong></span> <span class='ocrx_word' id='word_1_324' title='bbox 942 4071 1204 4126; x_wconf 90' lang='lat' dir='ltr'><strong>rationem</strong></span> <span class='ocrx_word' id='word_1_325' title='bbox 1231 4071 1453 4128; x_wconf 89' lang='lat' dir='ltr'><strong>reddere</strong></span> <span class='ocrx_word' id='word_1_326' title='bbox 1474 4073 1844 4144; x_wconf 86' lang='lat' dir='ltr'><strong>compellatur.</strong></span> 
     </span>
    </p>
   </div>
   <div class='ocr_carea' id='block_1_44' title="bbox 280 4156 1849 4233">
    <p class='ocr_par' dir='ltr' id='par_1_44' title="bbox 280 4156 1849 4233">
     <span class='ocr_line' id='line_1_44' title="bbox 280 4156 1849 4233; baseline 0.005 -21"><span class='ocrx_word' id='word_1_327' title='bbox 280 4156 538 4212; x_wconf 88' lang='lat' dir='ltr'><strong>Similiter</strong></span> <span class='ocrx_word' id='word_1_328' title='bbox 564 4162 617 4215; x_wconf 85' lang='lat' dir='ltr'><strong>et</strong></span> <span class='ocrx_word' id='word_1_329' title='bbox 657 4157 723 4213; x_wconf 88' lang='lat' dir='ltr'><strong>de</strong></span> <span class='ocrx_word' id='word_1_330' title='bbox 748 4157 870 4215; x_wconf 88' lang='lat' dir='ltr'><strong>aliis</strong></span> <span class='ocrx_word' id='word_1_331' title='bbox 894 4160 1143 4217; x_wconf 87' lang='lat' dir='ltr'><strong>omnibus</strong></span> <span class='ocrx_word' id='word_1_332' title='bbox 1180 4162 1403 4218; x_wconf 89' lang='lat' dir='ltr'><strong>iustitiis</strong></span> <span class='ocrx_word' id='word_1_333' title='bbox 1430 4163 1498 4219; x_wconf 86' lang='lat' dir='ltr'><strong>ad</strong></span> <span class='ocrx_word' id='word_1_334' title='bbox 1522 4179 1647 4219; x_wconf 87' lang='lat' dir='ltr'><strong>eum</strong></span> <span class='ocrx_word' id='word_1_335' title='bbox 1684 4166 1849 4233; x_wconf 89' lang='lat' dir='ltr'><strong>perti-</strong></span> 
     </span>
    </p>
   </div>
   <div class='ocr_carea' id='block_1_45' title="bbox 1920 582 3492 653">
    <p class='ocr_par' dir='ltr' id='par_1_45' title="bbox 1920 582 3492 653">
     <span class='ocr_line' id='line_1_45' title="bbox 1920 582 3492 653; baseline -0.001 -13"><span class='ocrx_word' id='word_1_336' title='bbox 1920 585 2314 640; x_wconf 83' lang='lat' dir='ltr'><strong>successiouem</strong></span> <span class='ocrx_word' id='word_1_337' title='bbox 2334 592 2617 653; x_wconf 83' lang='lat' dir='ltr'><strong>parentum</strong></span> <span class='ocrx_word' id='word_1_338' title='bbox 2635 596 2852 638; x_wconf 84' lang='lat' dir='ltr'><strong>suorum</strong></span> <span class='ocrx_word' id='word_1_339' title='bbox 2874 582 3373 651; x_wconf 54' lang='lat' dir='ltr'><strong>legitimae‘evenim</strong></span> <span class='ocrx_word' id='word_1_340' title='bbox 3395 584 3492 639; x_wconf 86' lang='lat' dir='ltr'><strong>de-</strong></span> 
     </span>
    </p>
   </div>
   <div class='ocr_carea' id='block_1_46' title="bbox 1918 672 3495 742">
    <p class='ocr_par' dir='ltr' id='par_1_46' title="bbox 1918 672 3495 742">
     <span class='ocr_line' id='line_1_46' title="bbox 1918 672 3495 742; baseline -0.001 -13"><span class='ocrx_word' id='word_1_341' title='bbox 1918 674 2056 729; x_wconf 88' lang='lat' dir='ltr'><strong>buit.</strong></span> <span class='ocrx_word' id='word_1_342' title='bbox 2094 672 2248 741; x_wconf 83' lang='lat' dir='ltr'><strong>Quod</strong></span> <span class='ocrx_word' id='word_1_343' title='bbox 2277 675 2323 729; x_wconf 89' lang='lat' dir='ltr'><strong>si</strong></span> <span class='ocrx_word' id='word_1_344' title='bbox 2345 675 2467 742; x_wconf 87' lang='lat' dir='ltr'><strong>quis</strong></span> <span class='ocrx_word' id='word_1_345' title='bbox 2490 672 2631 728; x_wconf 84' lang='lat' dir='ltr'><strong>hanc</strong></span> <span class='ocrx_word' id='word_1_346' title='bbox 2648 680 2891 728; x_wconf 83' lang='lat' dir='ltr'><strong>nostram</strong></span> <span class='ocrx_word' id='word_1_347' title='bbox 2922 672 3216 726; x_wconf 80' lang='lat' dir='ltr'><strong>iussionem</strong></span> <span class='ocrx_word' id='word_1_348' title='bbox 3253 681 3495 728; x_wconf 80' lang='lat' dir='ltr'><strong>contem-</strong></span> 
     </span>
    </p>
   </div>
   <div class='ocr_carea' id='block_1_47' title="bbox 1918 758 3493 832">
    <p class='ocr_par' dir='ltr' id='par_1_47' title="bbox 1918 758 3493 832">
     <span class='ocr_line' id='line_1_47' title="bbox 1918 758 3493 832; baseline -0.001 -13"><span class='ocrx_word' id='word_1_349' title='bbox 1918 764 2089 832; x_wconf 84' lang='lat' dir='ltr'><strong>pserit</strong></span> <span class='ocrx_word' id='word_1_350' title='bbox 2106 764 2190 817; x_wconf 84' lang='lat' dir='ltr'><strong>vel</strong></span> <span class='ocrx_word' id='word_1_351' title='bbox 2204 759 2519 831; x_wconf 76' lang='lat' dir='ltr'><strong>neglexerit,</strong></span> <span class='ocrx_word' id='word_1_352' title='bbox 2542 758 2681 817; x_wconf 86' lang='lat' dir='ltr'><strong>sicut</strong></span> <span class='ocrx_word' id='word_1_353' title='bbox 2707 763 2775 816; x_wconf 83' lang='lat' dir='ltr'><strong>de</strong></span> <span class='ocrx_word' id='word_1_354' title='bbox 2793 761 2988 816; x_wconf 81' lang='lat' dir='ltr'><strong>ceteris</strong></span> <span class='ocrx_word' id='word_1_355' title='bbox 3010 762 3366 829; x_wconf 85' lang='lat' dir='ltr'><strong>contemptori</strong></span> <span class='ocrx_word' id='word_1_356' title='bbox 3374 762 3493 829; x_wconf 88' lang='lat' dir='ltr'><strong>bus,</strong></span> 
     </span>
    </p>
   </div>
   <div class='ocr_carea' id='block_1_48' title="bbox 1923 850 3496 925">
    <p class='ocr_par' dir='ltr' id='par_1_48' title="bbox 1923 850 3496 925">
     <span class='ocr_line' id='line_1_48' title="bbox 1923 850 3496 925; baseline 0 -17"><span class='ocrx_word' id='word_1_357' title='bbox 1923 854 1994 908; x_wconf 86' lang='lat' dir='ltr'><strong>ita</strong></span> <span class='ocrx_word' id='word_1_358' title='bbox 2021 856 2087 909; x_wconf 87' lang='lat' dir='ltr'><strong>de</strong></span> <span class='ocrx_word' id='word_1_359' title='bbox 2117 850 2161 886; x_wconf 83' lang='lat'>&quot;‘</span> <span class='ocrx_word' id='word_1_360' title='bbox 2184 866 2249 911; x_wconf 86' lang='lat' dir='ltr'><strong>eo</strong></span> <span class='ocrx_word' id='word_1_361' title='bbox 2268 860 2477 925; x_wconf 78' lang='lat' dir='ltr'><strong>agatur.</strong></span> <span class='ocrx_word' id='word_1_362' title='bbox 2506 855 2555 908; x_wconf 90' lang='lat' dir='ltr'><strong>is</strong></span> <span class='ocrx_word' id='word_1_363' title='bbox 2574 869 2703 908; x_wconf 76' lang='lat' dir='ltr'><strong>vero</strong></span> <span class='ocrx_word' id='word_1_364' title='bbox 2725 853 2815 922; x_wconf 85' lang='lat' dir='ltr'><strong>qui</strong></span> <span class='ocrx_word' id='word_1_365' title='bbox 2840 853 3053 908; x_wconf 77' lang='lat' dir='ltr'><strong>easdem</strong></span> <span class='ocrx_word' id='word_1_366' title='bbox 3072 862 3163 907; x_wconf 83' lang='lat' dir='ltr'><strong>res</strong></span> <span class='ocrx_word' id='word_1_367' title='bbox 3181 852 3388 921; x_wconf 78' lang='lat' dir='ltr'><strong>primus</strong></span> <span class='ocrx_word' id='word_1_368' title='bbox 3412 855 3496 908; x_wconf 74' lang='grc' dir='ltr'><strong>ἰηι-</strong></span> 
     </span>
    </p>
   </div>
   <div class='ocr_carea' id='block_1_49' title="bbox 1922 942 3497 1010">
    <p class='ocr_par' dir='ltr' id='par_1_49' title="bbox 1922 942 3497 1010">
     <span class='ocr_line' id='line_1_49' title="bbox 1922 942 3497 1010; baseline -0.003 -12"><span class='ocrx_word' id='word_1_369' title='bbox 1922 944 2063 998; x_wconf 81' lang='lat' dir='ltr'><strong>vasit</strong></span> <span class='ocrx_word' id='word_1_370' title='bbox 2088 951 2143 997; x_wconf 90' lang='lat' dir='ltr'><strong>et</strong></span> <span class='ocrx_word' id='word_1_371' title='bbox 2170 942 2370 997; x_wconf 76' lang='lat' dir='ltr'><strong>iniuste</strong></span> <span class='ocrx_word' id='word_1_372' title='bbox 2398 942 2657 1006; x_wconf 83' lang='lat' dir='ltr'><strong>vendidit,</strong></span> <span class='ocrx_word' id='word_1_373' title='bbox 2693 954 2795 996; x_wconf 87' lang='lat' dir='ltr'><strong>nec</strong></span> <span class='ocrx_word' id='word_1_374' title='bbox 2818 955 2923 997; x_wconf 90' lang='lat' dir='ltr'><strong>non</strong></span> <span class='ocrx_word' id='word_1_375' title='bbox 2943 949 2998 995; x_wconf 89' lang='lat' dir='ltr'><strong>et</strong></span> <span class='ocrx_word' id='word_1_376' title='bbox 3020 946 3308 1010; x_wconf 81' lang='lat' dir='ltr'><strong>emptores,</strong></span> <span class='ocrx_word' id='word_1_377' title='bbox 3338 952 3497 995; x_wconf 74' lang='lat' dir='ltr'><strong>exce-</strong></span> 
     </span>
    </p>
   </div>
   <div class='ocr_carea' id='block_1_50' title="bbox 1921 1029 3500 1103">
    <p class='ocr_par' dir='ltr' id='par_1_50' title="bbox 1921 1029 3500 1103">
     <span class='ocr_line' id='line_1_50' title="bbox 1921 1029 3500 1103; baseline -0.003 -13"><span class='ocrx_word' id='word_1_378' title='bbox 1921 1042 2013 1103; x_wconf 82' lang='lat' dir='ltr'><strong>pta</strong></span> <span class='ocrx_word' id='word_1_379' title='bbox 2036 1033 2151 1090; x_wconf 73' lang='lat' dir='ltr'><strong>sola</strong></span> <span class='ocrx_word' id='word_1_380' title='bbox 2180 1046 2411 1103; x_wconf 86' lang='lat' dir='ltr'><strong>persona</strong></span> <span class='ocrx_word' id='word_1_381' title='bbox 2435 1032 2642 1102; x_wconf 88' lang='lat' dir='ltr'><strong>parvuli</strong></span> <span class='ocrx_word' id='word_1_382' title='bbox 2667 1033 2732 1098; x_wconf 78' lang='lat'><strong>“,</strong></span> <span class='ocrx_word' id='word_1_383' title='bbox 2768 1032 2912 1101; x_wconf 86' lang='lat' dir='ltr'><strong>quod</strong></span> <span class='ocrx_word' id='word_1_384' title='bbox 2945 1029 3311 1087; x_wconf 77' lang='lat' dir='ltr'><strong>fraudulenter</strong></span> <span class='ocrx_word' id='word_1_385' title='bbox 3330 1033 3500 1086; x_wconf 37' lang='lat' dir='ltr'><strong>admis</strong></span> 
     </span>
    </p>
   </div>
   <div class='ocr_carea' id='block_1_51' title="bbox 1924 1122 3498 1193">
    <p class='ocr_par' dir='ltr' id='par_1_51' title="bbox 1924 1122 3498 1193">
     <span class='ocr_line' id='line_1_51' title="bbox 1924 1122 3498 1193; baseline -0.001 -16"><span class='ocrx_word' id='word_1_386' title='bbox 1924 1130 2110 1178; x_wconf 84' lang='lat' dir='ltr'><strong>serunt</strong></span> <span class='ocrx_word' id='word_1_387' title='bbox 2148 1125 2287 1177; x_wconf 88' lang='lat' dir='ltr'><strong>intra</strong></span> <span class='ocrx_word' id='word_1_388' title='bbox 2326 1122 2559 1193; x_wconf 84' lang='lat' dir='ltr'><strong>patriam</strong></span> <span class='ocrx_word' id='word_1_389' title='bbox 2594 1123 2881 1177; x_wconf 87' lang='lat' dir='ltr'><strong>emendare</strong></span> <span class='ocrx_word' id='word_1_390' title='bbox 2906 1129 3183 1190; x_wconf 78' lang='lat' dir='ltr'><strong>cogantur,</strong></span> <span class='ocrx_word' id='word_1_391' title='bbox 3211 1128 3266 1177; x_wconf 83' lang='lat' dir='ltr'><strong>et</strong></span> <span class='ocrx_word' id='word_1_392' title='bbox 3290 1130 3498 1190; x_wconf 82' lang='lat' dir='ltr'><strong>postea,</strong></span> 
     </span>
    </p>
   </div>
   <div class='ocr_carea' id='block_1_52' title="bbox 1926 1212 3505 1282">
    <p class='ocr_par' dir='ltr' id='par_1_52' title="bbox 1926 1212 3505 1282">
     <span class='ocr_line' id='line_1_52' title="bbox 1926 1212 3505 1282; baseline -0.001 -15"><span class='ocrx_word' id='word_1_393' title='bbox 1926 1212 2065 1267; x_wconf 87' lang='lat' dir='ltr'><strong>sicut</strong></span> <span class='ocrx_word' id='word_1_394' title='bbox 2088 1220 2485 1282; x_wconf 82' lang='lat' dir='ltr'><strong>contemptores</strong></span> <span class='ocrx_word' id='word_1_395' title='bbox 2510 1212 2767 1268; x_wconf 87' lang='lat' dir='ltr'><strong>iussiouls</strong></span> <span class='ocrx_word' id='word_1_396' title='bbox 2788 1220 3030 1277; x_wconf 83' lang='lat' dir='ltr'><strong>nostrae,</strong></span> <span class='ocrx_word' id='word_1_397' title='bbox 3055 1213 3156 1268; x_wconf 89' lang='lat' dir='ltr'><strong>sub</strong></span> <span class='ocrx_word' id='word_1_398' title='bbox 3178 1212 3505 1267; x_wconf 75' lang='lat' dir='ltr'><strong>ﬁdeiussori-</strong></span> 
     </span>
    </p>
   </div>
   <div class='ocr_carea' id='block_1_53' title="bbox 1923 1300 3462 1371">
    <p class='ocr_par' dir='ltr' id='par_1_53' title="bbox 1923 1300 3462 1371">
     <span class='ocr_line' id='line_1_53' title="bbox 1923 1300 3462 1371; baseline -0.002 -12"><span class='ocrx_word' id='word_1_399' title='bbox 1923 1304 2027 1359; x_wconf 79' lang='lat' dir='ltr'><strong>bss</strong></span> <span class='ocrx_word' id='word_1_400' title='bbox 2048 1304 2115 1357; x_wconf 84' lang='lat' dir='ltr'><strong>ad</strong></span> <span class='ocrx_word' id='word_1_401' title='bbox 2136 1312 2376 1358; x_wconf 80' lang='lat' dir='ltr'><strong>nostram</strong></span> <span class='ocrx_word' id='word_1_402' title='bbox 2400 1303 2762 1371; x_wconf 87' lang='lat' dir='ltr'><strong>praesentiam</strong></span> <span class='ocrx_word' id='word_1_403' title='bbox 2783 1302 2967 1356; x_wconf 85' lang='lat' dir='ltr'><strong>venire</strong></span> <span class='ocrx_word' id='word_1_404' title='bbox 2988 1301 3358 1370; x_wconf 77' lang='lat' dir='ltr'><strong>conpellantur</strong></span> <span class='ocrx_word' id='word_1_405' title='bbox 3396 1300 3462 1356; x_wconf 76' lang='lat'><strong>“.</strong></span> 
     </span>
    </p>
   </div>
   <div class='ocr_carea' id='block_1_54' title="bbox 1994 1386 3506 1461">
    <p class='ocr_par' dir='ltr' id='par_1_54' title="bbox 1994 1386 3506 1461">
     <span class='ocr_line' id='line_1_54' title="bbox 1994 1386 3506 1461; baseline -0.001 -14"><span class='ocrx_word' id='word_1_406' title='bbox 1994 1392 2029 1447; x_wconf 86' lang='lat'><strong>5</strong></span> <span class='ocrx_word' id='word_1_407' title='bbox 2053 1393 2117 1445; x_wconf 81' lang='lat'><strong>&quot;.</strong></span> <span class='ocrx_word' id='word_1_408' title='bbox 2145 1392 2221 1446; x_wconf 89' lang='lat' dir='ltr'><strong>De</strong></span> <span class='ocrx_word' id='word_1_409' title='bbox 2245 1392 2462 1447; x_wconf 80' lang='lat' dir='ltr'><strong>vicariis</strong></span> <span class='ocrx_word' id='word_1_410' title='bbox 2490 1399 2544 1446; x_wconf 91' lang='lat' dir='ltr'><strong>et</strong></span> <span class='ocrx_word' id='word_1_411' title='bbox 2563 1386 2905 1455; x_wconf 85' lang='lat' dir='ltr'><strong>eenteuariis,</strong></span> <span class='ocrx_word' id='word_1_412' title='bbox 2934 1392 3025 1459; x_wconf 85' lang='lat' dir='ltr'><strong>qui</strong></span> <span class='ocrx_word' id='word_1_413' title='bbox 3069 1391 3245 1460; x_wconf 76' lang='lat' dir='ltr'><strong>magis</strong></span> <span class='ocrx_word' id='word_1_414' title='bbox 3284 1397 3506 1461; x_wconf 78' lang='lat' dir='ltr'><strong>propter</strong></span> 
     </span>
    </p>
   </div>
   <div class='ocr_carea' id='block_1_55' title="bbox 1927 1482 3504 1553">
    <p class='ocr_par' dir='ltr' id='par_1_55' title="bbox 1927 1482 3504 1553">
     <span class='ocr_line' id='line_1_55' title="bbox 1927 1482 3504 1553; baseline -0.002 -14"><span class='ocrx_word' id='word_1_415' title='bbox 1927 1483 2275 1553; x_wconf 88' lang='lat' dir='ltr'><strong>cupiditatem</strong></span> <span class='ocrx_word' id='word_1_416' title='bbox 2301 1497 2461 1553; x_wconf 86' lang='lat' dir='ltr'><strong>quam</strong></span> <span class='ocrx_word' id='word_1_417' title='bbox 2503 1491 2727 1553; x_wconf 85' lang='lat' dir='ltr'><strong>propter</strong></span> <span class='ocrx_word' id='word_1_418' title='bbox 2762 1483 3027 1539; x_wconf 77' lang='lat' dir='ltr'><strong>iustitiam</strong></span> <span class='ocrx_word' id='word_1_419' title='bbox 3054 1482 3353 1538; x_wconf 78' lang='lat' dir='ltr'><strong>faciendam</strong></span> <span class='ocrx_word' id='word_1_420' title='bbox 3390 1497 3504 1537; x_wconf 88' lang='lat' dir='ltr'><strong>sac-</strong></span> 
     </span>
    </p>
   </div>
   <div class='ocr_carea' id='block_1_56' title="bbox 1927 1571 3505 1645">
    <p class='ocr_par' dir='ltr' id='par_1_56' title="bbox 1927 1571 3505 1645">
     <span class='ocr_line' id='line_1_56' title="bbox 1927 1571 3505 1645; baseline 0 -19"><span class='ocrx_word' id='word_1_421' title='bbox 1927 1574 2149 1644; x_wconf 89' lang='lat' dir='ltr'><strong>pissime</strong></span> <span class='ocrx_word' id='word_1_422' title='bbox 2168 1574 2362 1645; x_wconf 86' lang='lat' dir='ltr'><strong>placita</strong></span> <span class='ocrx_word' id='word_1_423' title='bbox 2385 1580 2587 1639; x_wconf 88' lang='lat' dir='ltr'><strong>tenent,</strong></span> <span class='ocrx_word' id='word_1_424' title='bbox 2612 1581 2666 1628; x_wconf 90' lang='lat' dir='ltr'><strong>et</strong></span> <span class='ocrx_word' id='word_1_425' title='bbox 2685 1574 2878 1630; x_wconf 80' lang='lat' dir='ltr'><strong>exinde</strong></span> <span class='ocrx_word' id='word_1_426' title='bbox 2894 1572 3151 1643; x_wconf 88' lang='lat' dir='ltr'><strong>populum</strong></span> <span class='ocrx_word' id='word_1_427' title='bbox 3170 1573 3332 1628; x_wconf 89' lang='lat' dir='ltr'><strong>nimis</strong></span> <span class='ocrx_word' id='word_1_428' title='bbox 3353 1571 3505 1628; x_wconf 87' lang='lat' dir='ltr'><strong>adiii-</strong></span> 
     </span>
    </p>
   </div>
   <div class='ocr_carea' id='block_1_57' title="bbox 1929 1662 3505 1733">
    <p class='ocr_par' dir='ltr' id='par_1_57' title="bbox 1929 1662 3505 1733">
     <span class='ocr_line' id='line_1_57' title="bbox 1929 1662 3505 1733; baseline 0 -17"><span class='ocrx_word' id='word_1_429' title='bbox 1929 1670 2080 1733; x_wconf 77' lang='lat' dir='ltr'><strong>gunt,</strong></span> <span class='ocrx_word' id='word_1_430' title='bbox 2111 1664 2185 1718; x_wconf 87' lang='lat' dir='ltr'><strong>ita</strong></span> <span class='ocrx_word' id='word_1_431' title='bbox 2220 1670 2467 1718; x_wconf 87' lang='lat' dir='ltr'><strong>teneatur</strong></span> <span class='ocrx_word' id='word_1_432' title='bbox 2505 1664 2647 1720; x_wconf 84' lang='lat' dir='ltr'><strong>sicut</strong></span> <span class='ocrx_word' id='word_1_433' title='bbox 2686 1665 2740 1719; x_wconf 92' lang='lat' dir='ltr'><strong>in</strong></span> <span class='ocrx_word' id='word_1_434' title='bbox 2770 1664 3067 1733; x_wconf 87' lang='lat' dir='ltr'><strong>capitularc</strong></span> <span class='ocrx_word' id='word_1_435' title='bbox 3109 1664 3289 1718; x_wconf 90' lang='lat' dir='ltr'><strong>domui</strong></span> <span class='ocrx_word' id='word_1_436' title='bbox 3325 1662 3505 1717; x_wconf 83' lang='lat' dir='ltr'><strong>Karoii</strong></span> 
     </span>
    </p>
   </div>
   <div class='ocr_carea' id='block_1_58' title="bbox 1932 1751 3511 1823">
    <p class='ocr_par' dir='ltr' id='par_1_58' title="bbox 1932 1751 3511 1823">
     <span class='ocr_line' id='line_1_58' title="bbox 1932 1751 3511 1823; baseline 0 -17"><span class='ocrx_word' id='word_1_437' title='bbox 1932 1752 2275 1821; x_wconf 89' lang='lat' dir='ltr'><strong>imperatoris</strong></span> <span class='ocrx_word' id='word_1_438' title='bbox 2297 1753 2603 1808; x_wconf 84' lang='lat' dir='ltr'><strong>continetur</strong></span> <span class='ocrx_word' id='word_1_439' title='bbox 2633 1754 2689 1808; x_wconf 92' lang='lat' dir='ltr'><strong>in</strong></span> <span class='ocrx_word' id='word_1_440' title='bbox 2713 1754 2850 1808; x_wconf 88' lang='lat' dir='ltr'><strong>libro</strong></span> <span class='ocrx_word' id='word_1_441' title='bbox 2875 1754 2908 1809; x_wconf 75' lang='grc' dir='ltr'>ὅ</span> <span class='ocrx_word' id='word_1_442' title='bbox 2933 1753 2976 1783; x_wconf 81' lang='grc'><strong>¹⁶</strong></span> <span class='ocrx_word' id='word_1_443' title='bbox 3014 1753 3247 1823; x_wconf 85' lang='lat' dir='ltr'><strong>capitulo</strong></span> <span class='ocrx_word' id='word_1_444' title='bbox 3270 1751 3359 1806; x_wconf 72' lang='grc'><strong>40.</strong></span> <span class='ocrx_word' id='word_1_445' title='bbox 3388 1771 3407 1802; x_wconf 73' lang='grc' dir='ltr'><strong><em>ι</em></strong></span> <span class='ocrx_word' id='word_1_446' title='bbox 3441 1751 3511 1808; x_wconf 79' lang='lat' dir='ltr'><strong>Ut</strong></span> 
     </span>
    </p>
   </div>
   <div class='ocr_carea' id='block_1_59' title="bbox 1863 1834 3509 1912">
    <p class='ocr_par' dir='ltr' id='par_1_59' title="bbox 1863 1834 3509 1912">
     <span class='ocr_line' id='line_1_59' title="bbox 1863 1834 3509 1912; baseline 0.002 -19"><span class='ocrx_word' id='word_1_447' title='bbox 1863 1834 2113 1897; x_wconf 76' lang='lat' dir='ltr'><strong>Bnullus</strong></span> <span class='ocrx_word' id='word_1_448' title='bbox 2156 1842 2223 1897; x_wconf 87' lang='lat' dir='ltr'><strong>ad</strong></span> <span class='ocrx_word' id='word_1_449' title='bbox 2267 1842 2525 1912; x_wconf 88' lang='lat' dir='ltr'><strong>placitum</strong></span> <span class='ocrx_word' id='word_1_450' title='bbox 2570 1843 2967 1909; x_wconf 81' lang='lat' dir='ltr'><strong>manniatur&quot;,</strong></span> <span class='ocrx_word' id='word_1_451' title='bbox 3012 1842 3116 1898; x_wconf 90' lang='lat' dir='ltr'><strong>nisi</strong></span> <span class='ocrx_word' id='word_1_452' title='bbox 3157 1843 3247 1911; x_wconf 88' lang='lat' dir='ltr'><strong>qui</strong></span> <span class='ocrx_word' id='word_1_453' title='bbox 3292 1858 3509 1897; x_wconf 87' lang='lat' dir='ltr'><strong>causam</strong></span> 
     </span>
    </p>
   </div>
   <div class='ocr_carea' id='block_1_60' title="bbox 1933 1931 3511 2000">
    <p class='ocr_par' dir='ltr' id='par_1_60' title="bbox 1933 1931 3511 2000">
     <span class='ocr_line' id='line_1_60' title="bbox 1933 1931 3511 2000; baseline 0 -14"><span class='ocrx_word' id='word_1_454' title='bbox 1933 1946 2086 1986; x_wconf 88' lang='lat' dir='ltr'><strong>suam</strong></span> <span class='ocrx_word' id='word_1_455' title='bbox 2113 1931 2343 2000; x_wconf 83' lang='lat' dir='ltr'><strong>quaerit,</strong></span> <span class='ocrx_word' id='word_1_456' title='bbox 2372 1940 2463 1986; x_wconf 91' lang='lat' dir='ltr'><strong>aut</strong></span> <span class='ocrx_word' id='word_1_457' title='bbox 2485 1931 2531 1987; x_wconf 89' lang='lat' dir='ltr'><strong>si</strong></span> <span class='ocrx_word' id='word_1_458' title='bbox 2556 1932 2691 1987; x_wconf 89' lang='lat' dir='ltr'><strong>alter</strong></span> <span class='ocrx_word' id='word_1_459' title='bbox 2715 1933 2763 1987; x_wconf 90' lang='lat' dir='ltr'><strong>ei</strong></span> <span class='ocrx_word' id='word_1_460' title='bbox 2787 1946 3047 2000; x_wconf 88' lang='lat' dir='ltr'><strong>quaerere</strong></span> <span class='ocrx_word' id='word_1_461' title='bbox 3073 1932 3246 1993; x_wconf 88' lang='lat' dir='ltr'><strong>debet,</strong></span> <span class='ocrx_word' id='word_1_462' title='bbox 3269 1931 3511 1999; x_wconf 76' lang='lat' dir='ltr'><strong>exceptis</strong></span> 
     </span>
    </p>
   </div>
   <div class='ocr_carea' id='block_1_61' title="bbox 1934 2018 3505 2092">
    <p class='ocr_par' dir='ltr' id='par_1_61' title="bbox 1934 2018 3505 2092">
     <span class='ocr_line' id='line_1_61' title="bbox 1934 2018 3505 2092; baseline -0.003 -15"><span class='ocrx_word' id='word_1_463' title='bbox 1934 2023 2169 2077; x_wconf 89' lang='lat' dir='ltr'><strong>scabinis</strong></span> <span class='ocrx_word' id='word_1_464' title='bbox 2180 2031 2406 2092; x_wconf 83' lang='lat' dir='ltr'><strong>septem,</strong></span> <span class='ocrx_word' id='word_1_465' title='bbox 2430 2018 2520 2092; x_wconf 92' lang='lat' dir='ltr'><strong>qui</strong></span> <span class='ocrx_word' id='word_1_466' title='bbox 2536 2023 2602 2077; x_wconf 91' lang='lat' dir='ltr'><strong>ad</strong></span> <span class='ocrx_word' id='word_1_467' title='bbox 2624 2022 2803 2077; x_wconf 89' lang='lat' dir='ltr'><strong>omnia</strong></span> <span class='ocrx_word' id='word_1_468' title='bbox 2826 2022 3018 2091; x_wconf 80' lang='lat' dir='ltr'><strong>placita</strong></span> <span class='ocrx_word' id='word_1_469' title='bbox 3039 2022 3228 2076; x_wconf 85' lang='lat' dir='ltr'><strong>adesse</strong></span> <span class='ocrx_word' id='word_1_470' title='bbox 3248 2020 3464 2076; x_wconf 85' lang='lat' dir='ltr'><strong>debent.</strong></span> <span class='ocrx_word' id='word_1_471' title='bbox 3487 2040 3505 2072; x_wconf 76' lang='grc' dir='ltr'><strong><em>ι</em></strong></span> 
     </span>
    </p>
   </div>
   <div class='ocr_carea' id='block_1_62' title="bbox 1934 2110 3513 2181">
    <p class='ocr_par' dir='ltr' id='par_1_62' title="bbox 1934 2110 3513 2181">
     <span class='ocr_line' id='line_1_62' title="bbox 1934 2110 3513 2181; baseline -0.003 -14"><span class='ocrx_word' id='word_1_472' title='bbox 1934 2112 2065 2167; x_wconf 88' lang='lat' dir='ltr'><strong>item</strong></span> <span class='ocrx_word' id='word_1_473' title='bbox 2085 2112 2158 2167; x_wconf 87' lang='lat' dir='ltr'><strong>de</strong></span> <span class='ocrx_word' id='word_1_474' title='bbox 2185 2113 2371 2168; x_wconf 87' lang='lat' dir='ltr'><strong>eadem</strong></span> <span class='ocrx_word' id='word_1_475' title='bbox 2398 2127 2455 2168; x_wconf 90' lang='lat' dir='ltr'><strong>re</strong></span> <span class='ocrx_word' id='word_1_476' title='bbox 2480 2113 2534 2167; x_wconf 93' lang='lat' dir='ltr'><strong>in</strong></span> <span class='ocrx_word' id='word_1_477' title='bbox 2556 2112 2838 2181; x_wconf 91' lang='lat' dir='ltr'><strong>capitulari</strong></span> <span class='ocrx_word' id='word_1_478' title='bbox 2862 2119 3045 2166; x_wconf 73' lang='lat' dir='ltr'><strong>nostro</strong></span> <span class='ocrx_word' id='word_1_479' title='bbox 3074 2111 3116 2141; x_wconf 77' lang='lat'>&quot;</span> <span class='ocrx_word' id='word_1_480' title='bbox 3149 2111 3287 2167; x_wconf 88' lang='lat' dir='ltr'><strong>libro</strong></span> <span class='ocrx_word' id='word_1_481' title='bbox 3333 2110 3388 2175; x_wconf 76' lang='grc'><strong>4,</strong></span> <span class='ocrx_word' id='word_1_482' title='bbox 3423 2125 3513 2164; x_wconf 88' lang='lat' dir='ltr'><strong>ea-</strong></span> 
     </span>
    </p>
   </div>
   <div class='ocr_carea' id='block_1_63' title="bbox 1935 2201 3514 2272">
    <p class='ocr_par' dir='ltr' id='par_1_63' title="bbox 1935 2201 3514 2272">
     <span class='ocr_line' id='line_1_63' title="bbox 1935 2201 3514 2272; baseline -0.002 -16"><span class='ocrx_word' id='word_1_483' title='bbox 1935 2202 2105 2272; x_wconf 91' lang='lat' dir='ltr'><strong>pitnlo</strong></span> <span class='ocrx_word' id='word_1_484' title='bbox 2131 2202 2220 2257; x_wconf 86' lang='lat'><strong>55.</strong></span> <span class='ocrx_word' id='word_1_485' title='bbox 2259 2221 2278 2253; x_wconf 74' lang='grc' dir='ltr'>ι</span> <span class='ocrx_word' id='word_1_486' title='bbox 2308 2203 2383 2257; x_wconf 89' lang='lat' dir='ltr'><strong>De</strong></span> <span class='ocrx_word' id='word_1_487' title='bbox 2400 2202 2615 2272; x_wconf 89' lang='lat' dir='ltr'><strong>placitis</strong></span> <span class='ocrx_word' id='word_1_488' title='bbox 2639 2203 2903 2272; x_wconf 87' lang='lat' dir='ltr'><strong>siquidem</strong></span> <span class='ocrx_word' id='word_1_489' title='bbox 2925 2218 3061 2271; x_wconf 89' lang='lat' dir='ltr'><strong>quos</strong></span> <span class='ocrx_word' id='word_1_490' title='bbox 3085 2202 3240 2258; x_wconf 90' lang='lat' dir='ltr'><strong>liberi</strong></span> <span class='ocrx_word' id='word_1_491' title='bbox 3268 2201 3514 2256; x_wconf 85' lang='lat' dir='ltr'><strong>homines</strong></span> 
     </span>
    </p>
   </div>
   <div class='ocr_carea' id='block_1_64' title="bbox 1936 2292 3515 2363">
    <p class='ocr_par' dir='ltr' id='par_1_64' title="bbox 1936 2292 3515 2363">
     <span class='ocr_line' id='line_1_64' title="bbox 1936 2292 3515 2363; baseline -0.003 -12"><span class='ocrx_word' id='word_1_492' title='bbox 1936 2296 2223 2351; x_wconf 81' lang='lat' dir='ltr'><strong>observare</strong></span> <span class='ocrx_word' id='word_1_493' title='bbox 2247 2294 2462 2361; x_wconf 89' lang='lat' dir='ltr'><strong>debent,</strong></span> <span class='ocrx_word' id='word_1_494' title='bbox 2486 2294 2800 2351; x_wconf 85' lang='lat' dir='ltr'><strong>constitutio</strong></span> <span class='ocrx_word' id='word_1_495' title='bbox 2823 2292 3081 2363; x_wconf 77' lang='lat' dir='ltr'><strong>genitoris</strong></span> <span class='ocrx_word' id='word_1_496' title='bbox 3107 2293 3275 2349; x_wconf 87' lang='lat' dir='ltr'><strong>nostri</strong></span> <span class='ocrx_word' id='word_1_497' title='bbox 3299 2293 3515 2362; x_wconf 89' lang='lat' dir='ltr'><strong>penitus</strong></span> 
     </span>
    </p>
   </div>
   <div class='ocr_carea' id='block_1_65' title="bbox 1937 2382 3516 2456">
    <p class='ocr_par' dir='ltr' id='par_1_65' title="bbox 1937 2382 3516 2456">
     <span class='ocr_line' id='line_1_65' title="bbox 1937 2382 3516 2456; baseline -0.002 -15"><span class='ocrx_word' id='word_1_498' title='bbox 1937 2386 2269 2441; x_wconf 85' lang='lat' dir='ltr'><strong>observanda</strong></span> <span class='ocrx_word' id='word_1_499' title='bbox 2296 2390 2458 2456; x_wconf 88' lang='lat' dir='ltr'><strong>atque</strong></span> <span class='ocrx_word' id='word_1_500' title='bbox 2480 2383 2710 2441; x_wconf 88' lang='lat' dir='ltr'><strong>tenenda</strong></span> <span class='ocrx_word' id='word_1_501' title='bbox 2755 2391 2866 2447; x_wconf 87' lang='lat' dir='ltr'><strong>est;</strong></span> <span class='ocrx_word' id='word_1_502' title='bbox 2912 2391 2973 2438; x_wconf 91' lang='lat' dir='ltr'><strong>ut</strong></span> <span class='ocrx_word' id='word_1_503' title='bbox 3017 2382 3265 2439; x_wconf 80' lang='lat' dir='ltr'><strong>videlicet</strong></span> <span class='ocrx_word' id='word_1_504' title='bbox 3290 2384 3343 2437; x_wconf 89' lang='lat' dir='ltr'><strong>in</strong></span> <span class='ocrx_word' id='word_1_505' title='bbox 3373 2396 3516 2438; x_wconf 88' lang='lat' dir='ltr'><strong>anno</strong></span> 
     </span>
    </p>
   </div>
   <div class='ocr_carea' id='block_1_66' title="bbox 1939 2473 3517 2546">
    <p class='ocr_par' dir='ltr' id='par_1_66' title="bbox 1939 2473 3517 2546">
     <span class='ocr_line' id='line_1_66' title="bbox 1939 2473 3517 2546; baseline -0.003 -15"><span class='ocrx_word' id='word_1_506' title='bbox 1939 2477 2044 2531; x_wconf 86' lang='lat' dir='ltr'><strong>tria</strong></span> <span class='ocrx_word' id='word_1_507' title='bbox 2071 2476 2407 2532; x_wconf 88' lang='lat' dir='ltr'><strong>solummodo</strong></span> <span class='ocrx_word' id='word_1_508' title='bbox 2428 2475 2695 2546; x_wconf 75' lang='lat' dir='ltr'><strong>generalia</strong></span> <span class='ocrx_word' id='word_1_509' title='bbox 2716 2474 2912 2545; x_wconf 83' lang='lat' dir='ltr'><strong>placita</strong></span> <span class='ocrx_word' id='word_1_510' title='bbox 2934 2474 3237 2538; x_wconf 84' lang='lat' dir='ltr'><strong>observent,</strong></span> <span class='ocrx_word' id='word_1_511' title='bbox 3262 2480 3317 2529; x_wconf 90' lang='lat' dir='ltr'><strong>et</strong></span> <span class='ocrx_word' id='word_1_512' title='bbox 3338 2473 3517 2527; x_wconf 88' lang='lat' dir='ltr'><strong>nullus</strong></span> 
     </span>
    </p>
   </div>
   <div class='ocr_carea' id='block_1_67' title="bbox 1940 2562 3519 2635">
    <p class='ocr_par' dir='ltr' id='par_1_67' title="bbox 1940 2562 3519 2635">
     <span class='ocr_line' id='line_1_67' title="bbox 1940 2562 3519 2635; baseline -0.003 -14"><span class='ocrx_word' id='word_1_513' title='bbox 1940 2576 2034 2621; x_wconf 89' lang='lat' dir='ltr'><strong>eos</strong></span> <span class='ocrx_word' id='word_1_514' title='bbox 2061 2564 2290 2635; x_wconf 83' lang='lat' dir='ltr'><strong>amplius</strong></span> <span class='ocrx_word' id='word_1_515' title='bbox 2329 2566 2527 2635; x_wconf 88' lang='lat' dir='ltr'><strong>placita</strong></span> <span class='ocrx_word' id='word_1_516' title='bbox 2566 2566 2856 2621; x_wconf 82' lang='lat' dir='ltr'><strong>observare</strong></span> <span class='ocrx_word' id='word_1_517' title='bbox 2893 2562 3185 2633; x_wconf 81' lang='lat' dir='ltr'><strong>conpellat;</strong></span> <span class='ocrx_word' id='word_1_518' title='bbox 3232 2562 3338 2618; x_wconf 84' lang='lat' dir='ltr'><strong>nisi</strong></span> <span class='ocrx_word' id='word_1_519' title='bbox 3379 2562 3519 2617; x_wconf 79' lang='lat' dir='ltr'><strong>forte</strong></span> 
     </span>
    </p>
   </div>
   <div class='ocr_carea' id='block_1_68' title="bbox 1941 2653 3517 2725">
    <p class='ocr_par' dir='ltr' id='par_1_68' title="bbox 1941 2653 3517 2725">
     <span class='ocr_line' id='line_1_68' title="bbox 1941 2653 3517 2725; baseline -0.004 -14"><span class='ocrx_word' id='word_1_520' title='bbox 1941 2654 2166 2725; x_wconf 84' lang='lat' dir='ltr'><strong>quilth</strong></span> <span class='ocrx_word' id='word_1_521' title='bbox 2191 2662 2284 2711; x_wconf 89' lang='lat' dir='ltr'><strong>aut</strong></span> <span class='ocrx_word' id='word_1_522' title='bbox 2320 2663 2607 2712; x_wconf 82' lang='lat' dir='ltr'><strong>accusatus</strong></span> <span class='ocrx_word' id='word_1_523' title='bbox 2644 2655 2819 2711; x_wconf 72' lang='lat' dir='ltr'><strong>luerit</strong></span> <span class='ocrx_word' id='word_1_524' title='bbox 2837 2660 2931 2710; x_wconf 89' lang='lat' dir='ltr'><strong>aut</strong></span> <span class='ocrx_word' id='word_1_525' title='bbox 2967 2655 3132 2709; x_wconf 84' lang='lat' dir='ltr'><strong>alium</strong></span> <span class='ocrx_word' id='word_1_526' title='bbox 3162 2653 3517 2719; x_wconf 85' lang='lat' dir='ltr'><strong>accusaverit,</strong></span> 
     </span>
    </p>
   </div>
   <div class='ocr_carea' id='block_1_69' title="bbox 1942 2741 3518 2817">
    <p class='ocr_par' dir='ltr' id='par_1_69' title="bbox 1942 2741 3518 2817">
     <span class='ocr_line' id='line_1_69' title="bbox 1942 2741 3518 2817; baseline -0.003 -16"><span class='ocrx_word' id='word_1_527' title='bbox 1942 2752 2037 2801; x_wconf 87' lang='lat' dir='ltr'><strong>aut</strong></span> <span class='ocrx_word' id='word_1_528' title='bbox 2064 2747 2132 2801; x_wconf 87' lang='lat' dir='ltr'><strong>ad</strong></span> <span class='ocrx_word' id='word_1_529' title='bbox 2158 2746 2523 2802; x_wconf 87' lang='lat' dir='ltr'><strong>testimonium</strong></span> <span class='ocrx_word' id='word_1_530' title='bbox 2546 2746 2935 2817; x_wconf 88' lang='lat' dir='ltr'><strong>perhibendum</strong></span> <span class='ocrx_word' id='word_1_531' title='bbox 2958 2754 3182 2802; x_wconf 81' lang='lat' dir='ltr'><strong>vocatus</strong></span> <span class='ocrx_word' id='word_1_532' title='bbox 3218 2742 3399 2800; x_wconf 79' lang='lat' dir='ltr'><strong>fuerit.</strong></span> <span class='ocrx_word' id='word_1_533' title='bbox 3434 2741 3518 2798; x_wconf 75' lang='lat' dir='ltr'><strong>Ad</strong></span> 
     </span>
    </p>
   </div>
   <div class='ocr_carea' id='block_1_70' title="bbox 1944 2833 3523 2905">
    <p class='ocr_par' dir='ltr' id='par_1_70' title="bbox 1944 2833 3523 2905">
     <span class='ocr_line' id='line_1_70' title="bbox 1944 2833 3523 2905; baseline -0.003 -14"><span class='ocrx_word' id='word_1_534' title='bbox 1944 2838 2122 2891; x_wconf 81' lang='lat' dir='ltr'><strong>cetera</strong></span> <span class='ocrx_word' id='word_1_535' title='bbox 2144 2850 2272 2889; x_wconf 79' lang='lat' dir='ltr'><strong>vero</strong></span> <span class='ocrx_word' id='word_1_536' title='bbox 2296 2848 2434 2905; x_wconf 90' lang='lat' dir='ltr'><strong>quae</strong></span> <span class='ocrx_word' id='word_1_537' title='bbox 2456 2836 2749 2890; x_wconf 88' lang='lat' dir='ltr'><strong>centenarii</strong></span> <span class='ocrx_word' id='word_1_538' title='bbox 2772 2842 2977 2899; x_wconf 87' lang='lat' dir='ltr'><strong>tenent,</strong></span> <span class='ocrx_word' id='word_1_539' title='bbox 3025 2849 3132 2889; x_wconf 89' lang='lat' dir='ltr'><strong>non</strong></span> <span class='ocrx_word' id='word_1_540' title='bbox 3174 2834 3311 2889; x_wconf 90' lang='lat' dir='ltr'><strong>alius</strong></span> <span class='ocrx_word' id='word_1_541' title='bbox 3336 2833 3523 2888; x_wconf 82' lang='lat' dir='ltr'><strong>venire</strong></span> 
     </span>
    </p>
   </div>
   <div class='ocr_carea' id='block_1_71' title="bbox 1944 2923 3522 2996">
    <p class='ocr_par' dir='ltr' id='par_1_71' title="bbox 1944 2923 3522 2996">
     <span class='ocr_line' id='line_1_71' title="bbox 1944 2923 3522 2996; baseline -0.004 -14"><span class='ocrx_word' id='word_1_542' title='bbox 1944 2926 2211 2991; x_wconf 88' lang='lat' dir='ltr'><strong>iubeatur,</strong></span> <span class='ocrx_word' id='word_1_543' title='bbox 2243 2925 2348 2981; x_wconf 90' lang='lat' dir='ltr'><strong>nisi</strong></span> <span class='ocrx_word' id='word_1_544' title='bbox 2372 2925 2464 2996; x_wconf 86' lang='lat' dir='ltr'><strong>qui</strong></span> <span class='ocrx_word' id='word_1_545' title='bbox 2487 2930 2581 2980; x_wconf 87' lang='lat' dir='ltr'><strong>aut</strong></span> <span class='ocrx_word' id='word_1_546' title='bbox 2602 2925 2794 2996; x_wconf 77' lang='lat' dir='ltr'><strong>litigat,</strong></span> <span class='ocrx_word' id='word_1_547' title='bbox 2819 2934 2911 2979; x_wconf 92' lang='lat' dir='ltr'><strong>aut</strong></span> <span class='ocrx_word' id='word_1_548' title='bbox 2934 2924 3137 2979; x_wconf 86' lang='lat' dir='ltr'><strong>iudicat</strong></span> <span class='ocrx_word' id='word_1_549' title='bbox 3166 2923 3231 2989; x_wconf 82' lang='lat'><strong>&quot;,</strong></span> <span class='ocrx_word' id='word_1_550' title='bbox 3257 2930 3350 2978; x_wconf 93' lang='lat' dir='ltr'><strong>aut</strong></span> <span class='ocrx_word' id='word_1_551' title='bbox 3372 2923 3522 2976; x_wconf 36' lang='lat' dir='ltr'><strong>testis</strong></span> 
     </span>
    </p>
   </div>
   <div class='ocr_carea' id='block_1_72' title="bbox 1947 3010 3523 3082">
    <p class='ocr_par' dir='ltr' id='par_1_72' title="bbox 1947 3010 3523 3082">
     <span class='ocr_line' id='line_1_72' title="bbox 1947 3010 3523 3082; baseline -0.004 -13"><span class='ocrx_word' id='word_1_552' title='bbox 1947 3014 2154 3069; x_wconf 84' lang='lat' dir='ltr'><strong>iicatur.</strong></span> <span class='ocrx_word' id='word_1_553' title='bbox 2189 3033 2207 3067; x_wconf 73' lang='grc' dir='ltr'><strong><em>ι</em></strong></span> <span class='ocrx_word' id='word_1_554' title='bbox 2257 3013 2325 3067; x_wconf 87' lang='lat' dir='ltr'><strong>Et</strong></span> <span class='ocrx_word' id='word_1_555' title='bbox 2350 3013 2674 3082; x_wconf 89' lang='lat' dir='ltr'><strong>quicumque</strong></span> <span class='ocrx_word' id='word_1_556' title='bbox 2702 3013 2862 3067; x_wconf 88' lang='lat' dir='ltr'><strong>huius</strong></span> <span class='ocrx_word' id='word_1_557' title='bbox 2900 3010 3304 3067; x_wconf 87' lang='lat' dir='ltr'><strong>constitutionis</strong></span> <span class='ocrx_word' id='word_1_558' title='bbox 3345 3018 3523 3063; x_wconf 86' lang='lat' dir='ltr'><strong>trans-</strong></span> 
     </span>
    </p>
   </div>
   <div class='ocr_carea' id='block_1_73' title="bbox 1947 3102 3521 3176">
    <p class='ocr_par' dir='ltr' id='par_1_73' title="bbox 1947 3102 3521 3176">
     <span class='ocr_line' id='line_1_73' title="bbox 1947 3102 3521 3176; baseline -0.004 -15"><span class='ocrx_word' id='word_1_559' title='bbox 1947 3120 2163 3176; x_wconf 79' lang='lat' dir='ltr'><strong>gressor</strong></span> <span class='ocrx_word' id='word_1_560' title='bbox 2184 3120 2214 3158; x_wconf 89' lang='lat' dir='ltr'><strong>a</strong></span> <span class='ocrx_word' id='word_1_561' title='bbox 2241 3104 2423 3159; x_wconf 90' lang='lat' dir='ltr'><strong>missis</strong></span> <span class='ocrx_word' id='word_1_562' title='bbox 2444 3103 2647 3160; x_wconf 88' lang='lat' dir='ltr'><strong>nostris</strong></span> <span class='ocrx_word' id='word_1_563' title='bbox 2674 3104 2925 3159; x_wconf 85' lang='lat' dir='ltr'><strong>inventus</strong></span> <span class='ocrx_word' id='word_1_564' title='bbox 2951 3102 3130 3167; x_wconf 79' lang='lat' dir='ltr'><strong>fuerit,</strong></span> <span class='ocrx_word' id='word_1_565' title='bbox 3161 3102 3394 3156; x_wconf 89' lang='lat' dir='ltr'><strong>haunum</strong></span> <span class='ocrx_word' id='word_1_566' title='bbox 3424 3115 3521 3155; x_wconf 87' lang='lat' dir='ltr'><strong>no-</strong></span> 
     </span>
    </p>
   </div>
   <div class='ocr_carea' id='block_1_74' title="bbox 1949 3196 2439 3266">
    <p class='ocr_par' dir='ltr' id='par_1_74' title="bbox 1949 3196 2439 3266">
     <span class='ocr_line' id='line_1_74' title="bbox 1949 3196 2439 3266; baseline -0.006 -13"><span class='ocrx_word' id='word_1_567' title='bbox 1949 3206 2120 3253; x_wconf 84' lang='lat' dir='ltr'><strong>strum</strong></span> <span class='ocrx_word' id='word_1_568' title='bbox 2147 3196 2439 3266; x_wconf 77' lang='lat' dir='ltr'><strong>persolvat.</strong></span> 
     </span>
    </p>
   </div>
   <div class='ocr_carea' id='block_1_75' title="bbox 2022 3282 3523 3354">
    <p class='ocr_par' dir='ltr' id='par_1_75' title="bbox 2022 3282 3523 3354">
     <span class='ocr_line' id='line_1_75' title="bbox 2022 3282 3523 3354; baseline -0.003 -14"><span class='ocrx_word' id='word_1_569' title='bbox 2022 3288 2054 3340; x_wconf 86' lang='lat' dir='ltr'><strong>ti</strong></span> <span class='ocrx_word' id='word_1_570' title='bbox 2076 3286 2142 3339; x_wconf 74' lang='grc'><strong>’⁸.</strong></span> <span class='ocrx_word' id='word_1_571' title='bbox 2185 3287 2260 3341; x_wconf 90' lang='lat' dir='ltr'><strong>De</strong></span> <span class='ocrx_word' id='word_1_572' title='bbox 2303 3286 2487 3341; x_wconf 89' lang='lat' dir='ltr'><strong>liberis</strong></span> <span class='ocrx_word' id='word_1_573' title='bbox 2512 3284 2821 3340; x_wconf 87' lang='lat' dir='ltr'><strong>hominibus</strong></span> <span class='ocrx_word' id='word_1_574' title='bbox 2853 3284 2942 3354; x_wconf 90' lang='lat' dir='ltr'><strong>qui</strong></span> <span class='ocrx_word' id='word_1_575' title='bbox 2970 3282 3243 3353; x_wconf 90' lang='lat' dir='ltr'><strong>proprium</strong></span> <span class='ocrx_word' id='word_1_576' title='bbox 3271 3297 3376 3336; x_wconf 90' lang='lat' dir='ltr'><strong>non</strong></span> <span class='ocrx_word' id='word_1_577' title='bbox 3424 3282 3523 3336; x_wconf 78' lang='lat' dir='ltr'><strong>ita-</strong></span> 
     </span>
    </p>
   </div>
   <div class='ocr_carea' id='block_1_76' title="bbox 1951 3375 3528 3442">
    <p class='ocr_par' dir='ltr' id='par_1_76' title="bbox 1951 3375 3528 3442">
     <span class='ocr_line' id='line_1_76' title="bbox 1951 3375 3528 3442; baseline -0.004 -10"><span class='ocrx_word' id='word_1_578' title='bbox 1951 3380 2099 3441; x_wconf 88' lang='lat' dir='ltr'><strong>bent,</strong></span> <span class='ocrx_word' id='word_1_579' title='bbox 2130 3377 2226 3432; x_wconf 87' lang='lat' dir='ltr'><strong>sed</strong></span> <span class='ocrx_word' id='word_1_580' title='bbox 2262 3377 2317 3431; x_wconf 91' lang='lat' dir='ltr'><strong>in</strong></span> <span class='ocrx_word' id='word_1_581' title='bbox 2342 3385 2487 3430; x_wconf 90' lang='lat' dir='ltr'><strong>terra</strong></span> <span class='ocrx_word' id='word_1_582' title='bbox 2512 3375 2776 3432; x_wconf 88' lang='lat' dir='ltr'><strong>dominica</strong></span> <span class='ocrx_word' id='word_1_583' title='bbox 2800 3375 3058 3439; x_wconf 84' lang='lat' dir='ltr'><strong>resident,</strong></span> <span class='ocrx_word' id='word_1_584' title='bbox 3098 3382 3158 3429; x_wconf 90' lang='lat' dir='ltr'><strong>ut</strong></span> <span class='ocrx_word' id='word_1_585' title='bbox 3182 3381 3401 3442; x_wconf 86' lang='lat' dir='ltr'><strong>propter</strong></span> <span class='ocrx_word' id='word_1_586' title='bbox 3438 3385 3528 3426; x_wconf 83' lang='lat' dir='ltr'><strong>res</strong></span> 
     </span>
    </p>
   </div>
   <div class='ocr_carea' id='block_1_77' title="bbox 1952 3461 3531 3531">
    <p class='ocr_par' dir='ltr' id='par_1_77' title="bbox 1952 3461 3531 3531">
     <span class='ocr_line' id='line_1_77' title="bbox 1952 3461 3531 3531; baseline -0.005 -10"><span class='ocrx_word' id='word_1_587' title='bbox 1952 3466 2174 3521; x_wconf 88' lang='lat' dir='ltr'><strong>alterius</strong></span> <span class='ocrx_word' id='word_1_588' title='bbox 2196 3465 2263 3519; x_wconf 89' lang='lat' dir='ltr'><strong>ad</strong></span> <span class='ocrx_word' id='word_1_589' title='bbox 2293 3463 2663 3520; x_wconf 87' lang='lat' dir='ltr'><strong>testimonium</strong></span> <span class='ocrx_word' id='word_1_590' title='bbox 2682 3478 2793 3519; x_wconf 88' lang='lat' dir='ltr'><strong>non</strong></span> <span class='ocrx_word' id='word_1_591' title='bbox 2816 3462 3162 3531; x_wconf 84' lang='lat' dir='ltr'><strong>recipiantur.</strong></span> <span class='ocrx_word' id='word_1_592' title='bbox 3187 3461 3531 3515; x_wconf 86' lang='lat' dir='ltr'><strong>Cumiurato—</strong></span> 
     </span>
    </p>
   </div>
   <div class='ocr_carea' id='block_1_78' title="bbox 1957 3550 3532 3620">
    <p class='ocr_par' dir='ltr' id='par_1_78' title="bbox 1957 3550 3532 3620">
     <span class='ocr_line' id='line_1_78' title="bbox 1957 3550 3532 3620; baseline -0.002 -10"><span class='ocrx_word' id='word_1_593' title='bbox 1957 3572 2043 3611; x_wconf 90' lang='lat' dir='ltr'><strong>res</strong></span> <span class='ocrx_word' id='word_1_594' title='bbox 2064 3563 2243 3611; x_wconf 88' lang='lat' dir='ltr'><strong>tamen</strong></span> <span class='ocrx_word' id='word_1_595' title='bbox 2262 3555 2489 3610; x_wconf 89' lang='lat' dir='ltr'><strong>aliorum</strong></span> <span class='ocrx_word' id='word_1_596' title='bbox 2512 3554 2805 3609; x_wconf 89' lang='lat' dir='ltr'><strong>liberorum</strong></span> <span class='ocrx_word' id='word_1_597' title='bbox 2832 3554 3109 3607; x_wconf 89' lang='lat' dir='ltr'><strong>hominum</strong></span> <span class='ocrx_word' id='word_1_598' title='bbox 3130 3550 3253 3607; x_wconf 86' lang='lat' dir='ltr'><strong>ideo</strong></span> <span class='ocrx_word' id='word_1_599' title='bbox 3274 3564 3392 3607; x_wconf 84' lang='lat' dir='ltr'><strong>esse</strong></span> <span class='ocrx_word' id='word_1_600' title='bbox 3412 3566 3532 3620; x_wconf 79' lang='lat' dir='ltr'><strong>pos-</strong></span> 
     </span>
    </p>
   </div>
   <div class='ocr_carea' id='block_1_79' title="bbox 1954 3641 3533 3715">
    <p class='ocr_par' dir='ltr' id='par_1_79' title="bbox 1954 3641 3533 3715">
     <span class='ocr_line' id='line_1_79' title="bbox 1954 3641 3533 3715; baseline -0.004 -14"><span class='ocrx_word' id='word_1_601' title='bbox 1954 3655 2100 3712; x_wconf 83' lang='lat' dir='ltr'><strong>sunt,</strong></span> <span class='ocrx_word' id='word_1_602' title='bbox 2134 3647 2258 3715; x_wconf 89' lang='lat' dir='ltr'><strong>quia</strong></span> <span class='ocrx_word' id='word_1_603' title='bbox 2298 3645 2452 3700; x_wconf 89' lang='lat' dir='ltr'><strong>liberi</strong></span> <span class='ocrx_word' id='word_1_604' title='bbox 2493 3651 2636 3699; x_wconf 89' lang='lat' dir='ltr'><strong>sunt.</strong></span> <span class='ocrx_word' id='word_1_605' title='bbox 2669 3644 2747 3698; x_wconf 92' lang='lat' dir='ltr'><strong>Illi</strong></span> <span class='ocrx_word' id='word_1_606' title='bbox 2771 3659 2897 3698; x_wconf 88' lang='lat' dir='ltr'><strong>vero</strong></span> <span class='ocrx_word' id='word_1_607' title='bbox 2922 3643 3012 3711; x_wconf 88' lang='lat' dir='ltr'><strong>qui</strong></span> <span class='ocrx_word' id='word_1_608' title='bbox 3049 3650 3103 3696; x_wconf 92' lang='lat' dir='ltr'><strong>et</strong></span> <span class='ocrx_word' id='word_1_609' title='bbox 3126 3641 3400 3710; x_wconf 87' lang='lat' dir='ltr'><strong>proprium</strong></span> <span class='ocrx_word' id='word_1_610' title='bbox 3437 3641 3533 3695; x_wconf 87' lang='lat' dir='ltr'><strong>ha-</strong></span> 
     </span>
    </p>
   </div>
   <div class='ocr_carea' id='block_1_80' title="bbox 1953 3731 3533 3802">
    <p class='ocr_par' dir='ltr' id='par_1_80' title="bbox 1953 3731 3533 3802">
     <span class='ocr_line' id='line_1_80' title="bbox 1953 3731 3533 3802; baseline -0.005 -11"><span class='ocrx_word' id='word_1_611' title='bbox 1953 3738 2101 3801; x_wconf 90' lang='lat' dir='ltr'><strong>bent,</strong></span> <span class='ocrx_word' id='word_1_612' title='bbox 2136 3745 2191 3792; x_wconf 88' lang='lat' dir='ltr'><strong>et</strong></span> <span class='ocrx_word' id='word_1_613' title='bbox 2236 3744 2416 3791; x_wconf 89' lang='lat' dir='ltr'><strong>tamen</strong></span> <span class='ocrx_word' id='word_1_614' title='bbox 2445 3736 2500 3790; x_wconf 89' lang='lat' dir='ltr'><strong>in</strong></span> <span class='ocrx_word' id='word_1_615' title='bbox 2528 3743 2672 3789; x_wconf 90' lang='lat' dir='ltr'><strong>terra</strong></span> <span class='ocrx_word' id='word_1_616' title='bbox 2697 3734 2964 3789; x_wconf 87' lang='lat' dir='ltr'><strong>dominica</strong></span> <span class='ocrx_word' id='word_1_617' title='bbox 3006 3731 3264 3794; x_wconf 87' lang='lat' dir='ltr'><strong>resident,</strong></span> <span class='ocrx_word' id='word_1_618' title='bbox 3312 3739 3533 3802; x_wconf 88' lang='lat' dir='ltr'><strong>propter</strong></span> 
     </span>
    </p>
   </div>
   <div class='ocr_carea' id='block_1_81' title="bbox 1954 3823 3530 3895">
    <p class='ocr_par' dir='ltr' id='par_1_81' title="bbox 1954 3823 3530 3895">
     <span class='ocr_line' id='line_1_81' title="bbox 1954 3823 3530 3895; baseline -0.006 -12"><span class='ocrx_word' id='word_1_619' title='bbox 1954 3828 2060 3884; x_wconf 85' lang='lat' dir='ltr'><strong>hoc</strong></span> <span class='ocrx_word' id='word_1_620' title='bbox 2080 3829 2123 3859; x_wconf 83' lang='lat'>“</span> <span class='ocrx_word' id='word_1_621' title='bbox 2148 3842 2254 3882; x_wconf 89' lang='lat' dir='ltr'><strong>non</strong></span> <span class='ocrx_word' id='word_1_622' title='bbox 2276 3827 2715 3895; x_wconf 87' lang='lat' dir='ltr'><strong>abicianturquia</strong></span> <span class='ocrx_word' id='word_1_623' title='bbox 2738 3826 2951 3880; x_wconf 89' lang='lat' dir='ltr'><strong>interra</strong></span> <span class='ocrx_word' id='word_1_624' title='bbox 2975 3823 3242 3878; x_wconf 87' lang='lat' dir='ltr'><strong>dominica</strong></span> <span class='ocrx_word' id='word_1_625' title='bbox 3263 3823 3530 3886; x_wconf 87' lang='lat' dir='ltr'><strong>resident;</strong></span> 
     </span>
    </p>
   </div>
   <div class='ocr_carea' id='block_1_82' title="bbox 1956 3913 3536 3986">
    <p class='ocr_par' dir='ltr' id='par_1_82' title="bbox 1956 3913 3536 3986">
     <span class='ocr_line' id='line_1_82' title="bbox 1956 3913 3536 3986; baseline -0.005 -14"><span class='ocrx_word' id='word_1_626' title='bbox 1956 3917 2049 3972; x_wconf 89' lang='lat' dir='ltr'><strong>sed</strong></span> <span class='ocrx_word' id='word_1_627' title='bbox 2070 3923 2288 3986; x_wconf 90' lang='lat' dir='ltr'><strong>propter</strong></span> <span class='ocrx_word' id='word_1_628' title='bbox 2306 3915 2409 3971; x_wconf 92' lang='lat' dir='ltr'><strong>hoc</strong></span> <span class='ocrx_word' id='word_1_629' title='bbox 2430 3915 2497 3969; x_wconf 88' lang='lat' dir='ltr'><strong>ad</strong></span> <span class='ocrx_word' id='word_1_630' title='bbox 2524 3914 2889 3970; x_wconf 89' lang='lat' dir='ltr'><strong>testimonium</strong></span> <span class='ocrx_word' id='word_1_631' title='bbox 2910 3914 3241 3983; x_wconf 85' lang='lat' dir='ltr'><strong>recipiantur</strong></span> <span class='ocrx_word' id='word_1_632' title='bbox 3262 3913 3386 3981; x_wconf 90' lang='lat' dir='ltr'><strong>quia</strong></span> <span class='ocrx_word' id='word_1_633' title='bbox 3408 3927 3536 3982; x_wconf 85' lang='lat' dir='ltr'><strong>pro-</strong></span> 
     </span>
    </p>
   </div>
   <div class='ocr_carea' id='block_1_83' title="bbox 1954 4002 2446 4075">
    <p class='ocr_par' dir='ltr' id='par_1_83' title="bbox 1954 4002 2446 4075">
     <span class='ocr_line' id='line_1_83' title="bbox 1954 4002 2446 4075; baseline -0.004 -14"><span class='ocrx_word' id='word_1_634' title='bbox 1954 4006 2131 4075; x_wconf 90' lang='lat' dir='ltr'><strong>prium</strong></span> <span class='ocrx_word' id='word_1_635' title='bbox 2157 4006 2355 4075; x_wconf 88' lang='lat' dir='ltr'><strong>habent</strong></span> <span class='ocrx_word' id='word_1_636' title='bbox 2379 4002 2446 4058; x_wconf 85' lang='lat'><strong>“.</strong></span> 
     </span>
    </p>
   </div>
   <div class='ocr_carea' id='block_1_84' title="bbox 2026 4072 3534 4131">
    <p class='ocr_par' dir='ltr' id='par_1_84' title="bbox 2026 4072 3534 4131">
     <span class='ocr_line' id='line_1_84' title="bbox 2026 4072 3534 4131; baseline -0.005 -3"><span class='ocrx_word' id='word_1_637' title='bbox 2026 4075 2057 4128; x_wconf 91' lang='lat'><strong>7</strong></span> <span class='ocrx_word' id='word_1_638' title='bbox 2082 4075 2146 4128; x_wconf 77' lang='grc'><strong>⁸³.</strong></span> <span class='ocrx_word' id='word_1_639' title='bbox 2183 4075 2257 4129; x_wconf 91' lang='lat' dir='ltr'><strong>De</strong></span> <span class='ocrx_word' id='word_1_640' title='bbox 2282 4074 2442 4130; x_wconf 80' lang='lat' dir='ltr'><strong>faidis</strong></span> <span class='ocrx_word' id='word_1_641' title='bbox 2473 4072 2821 4131; x_wconf 88' lang='lat' dir='ltr'><strong>cohercendis</strong></span> <span class='ocrx_word' id='word_1_642' title='bbox 2844 4072 2891 4103; x_wconf 76' lang='lat'><em>“</em></span> <span class='ocrx_word' id='word_1_643' title='bbox 2915 4073 3233 4128; x_wconf 87' lang='lat' dir='ltr'><strong>observetur</strong></span> <span class='ocrx_word' id='word_1_644' title='bbox 3265 4078 3318 4125; x_wconf 92' lang='lat' dir='ltr'><strong>et</strong></span> <span class='ocrx_word' id='word_1_645' title='bbox 3349 4076 3534 4123; x_wconf 84' lang='lat' dir='ltr'><strong>tenea-</strong></span> 
     </span>
    </p>
   </div>
   <div class='ocr_carea' id='block_1_85' title="bbox 1956 4156 3533 4235">
    <p class='ocr_par' dir='ltr' id='par_1_85' title="bbox 1956 4156 3533 4235">
     <span class='ocr_line' id='line_1_85' title="bbox 1956 4156 3533 4235; baseline -0.013 -7"><span class='ocrx_word' id='word_1_646' title='bbox 1956 4173 2048 4221; x_wconf 76' lang='lat' dir='ltr'><strong>tur</strong></span> <span class='ocrx_word' id='word_1_647' title='bbox 2073 4165 2216 4235; x_wconf 84' lang='lat' dir='ltr'><strong>quod</strong></span> <span class='ocrx_word' id='word_1_648' title='bbox 2241 4165 2295 4220; x_wconf 92' lang='lat' dir='ltr'><strong>in</strong></span> <span class='ocrx_word' id='word_1_649' title='bbox 2319 4164 2601 4233; x_wconf 89' lang='lat' dir='ltr'><strong>capitulari</strong></span> <span class='ocrx_word' id='word_1_650' title='bbox 2645 4169 2831 4217; x_wconf 87' lang='lat' dir='ltr'><strong>nostro</strong></span> <span class='ocrx_word' id='word_1_651' title='bbox 2872 4160 3011 4216; x_wconf 90' lang='lat' dir='ltr'><strong>libro</strong></span> <span class='ocrx_word' id='word_1_652' title='bbox 3049 4161 3104 4225; x_wconf 74' lang='grc'><strong>4,</strong></span> <span class='ocrx_word' id='word_1_653' title='bbox 3127 4157 3362 4229; x_wconf 85' lang='lat' dir='ltr'><strong>capitulo</strong></span> <span class='ocrx_word' id='word_1_654' title='bbox 3391 4156 3461 4211; x_wconf 76' lang='grc'><strong>25</strong></span> <span class='ocrx_word' id='word_1_655' title='bbox 3486 4158 3533 4189; x_wconf 69' lang='grc'>³⁸</span> 
     </span>
    </p>
   </div>
   <div class='ocr_carea' id='block_1_86' title="bbox 1482 4268 2310 4333">
    <p class='ocr_par' dir='ltr' id='par_1_86' title="bbox 1482 4268 2310 4333">
     <span class='ocr_line' id='line_1_86' title="bbox 1482 4268 2310 4333; baseline 0.006 -7"><span class='ocrx_word' id='word_1_656' title='bbox 1482 4268 1872 4331; x_wconf 76' lang='lat' dir='ltr'><strong>VARIANTES</strong></span> <span class='ocrx_word' id='word_1_657' title='bbox 1906 4272 2310 4333; x_wconf 73' lang='lat' dir='ltr'><strong>LECTIONES.</strong></span> 
     </span>
    </p>
   </div>
   <div class='ocr_carea' id='block_1_87' title="bbox 350 4356 2187 4430">
    <p class='ocr_par' dir='ltr' id='par_1_87' title="bbox 350 4356 2187 4430">
     <span class='ocr_line' id='line_1_87' title="bbox 350 4356 2187 4430; baseline 0.003 -17"><span class='ocrx_word' id='word_1_658' title='bbox 350 4359 368 4390; x_wconf 81' lang='grc'>³</span> <span class='ocrx_word' id='word_1_659' title='bbox 395 4357 703 4430; x_wconf 66' lang='lat' dir='ltr'><strong>euergeltus</strong></span> <span class='ocrx_word' id='word_1_660' title='bbox 723 4357 773 4412; x_wconf 87' lang='lat' dir='ltr'><strong>i.</strong></span> <span class='ocrx_word' id='word_1_661' title='bbox 790 4356 1553 4430; x_wconf 34' lang='lat' dir='ltr'><strong>nuidregildusti.Auuirgildus</strong></span> <span class='ocrx_word' id='word_1_662' title='bbox 1575 4358 1728 4416; x_wconf 76' lang='lat' dir='ltr'><strong>Gotlz.</strong></span> <span class='ocrx_word' id='word_1_663' title='bbox 1804 4363 1824 4394; x_wconf 80' lang='grc'><em>³</em></span> <span class='ocrx_word' id='word_1_664' title='bbox 1858 4362 2005 4421; x_wconf 89' lang='lat' dir='ltr'><strong>illius</strong></span> <span class='ocrx_word' id='word_1_665' title='bbox 2030 4365 2187 4421; x_wconf 69' lang='lat' dir='ltr'><strong>Galli.</strong></span> 
     </span>
    </p>
   </div>
   <div class='ocr_carea' id='block_1_88' title="bbox 283 4424 2133 4502">
    <p class='ocr_par' dir='ltr' id='par_1_88' title="bbox 283 4424 2133 4502">
     <span class='ocr_line' id='line_1_88' title="bbox 283 4424 2133 4502; baseline 0.003 -19"><span class='ocrx_word' id='word_1_666' title='bbox 283 4424 611 4502; x_wconf 44' lang='grc' dir='ltr'><strong>ἀρεῖ-8.ρΨ</strong></span> <span class='ocrx_word' id='word_1_667' title='bbox 646 4429 703 4502; x_wconf 79' lang='lat'><strong>__&#39;</strong></span> <span class='ocrx_word' id='word_1_668' title='bbox 725 4424 1081 4502; x_wconf 53' lang='lat' dir='ltr'><strong>velnepot&#39;em</strong></span> <span class='ocrx_word' id='word_1_669' title='bbox 1104 4424 1498 4502; x_wconf 58' lang='lat' dir='ltr'><strong>Bl._Got_I_t.:l&quot;l._</strong></span> <span class='ocrx_word' id='word_1_670' title='bbox 1515 4439 1619 4502; x_wconf 69' lang='lat' dir='ltr'><strong>aut</strong></span> <span class='ocrx_word' id='word_1_671' title='bbox 1640 4442 1892 4502; x_wconf 88' lang='lat' dir='ltr'><strong>nepotem</strong></span> <span class='ocrx_word' id='word_1_672' title='bbox 1934 4433 1991 4489; x_wconf 87' lang='lat' dir='ltr'><strong>V.</strong></span> <span class='ocrx_word' id='word_1_673' title='bbox 2035 4433 2133 4490; x_wconf 78' lang='lat' dir='ltr'><strong>Vn.</strong></span> 
     </span>
    </p>
   </div>
   <div class='ocr_carea' id='block_1_89' title="bbox 2264 4354 3537 4426">
    <p class='ocr_par' dir='ltr' id='par_1_89' title="bbox 2264 4354 3537 4426">
     <span class='ocr_line' id='line_1_89' title="bbox 2264 4354 3537 4426; baseline -0.004 -8"><span class='ocrx_word' id='word_1_674' title='bbox 2264 4360 2285 4397; x_wconf 81' lang='grc'>³</span> <span class='ocrx_word' id='word_1_675' title='bbox 2310 4365 2448 4418; x_wconf 83' lang='lat' dir='ltr'><strong>deest</strong></span> <span class='ocrx_word' id='word_1_676' title='bbox 2476 4362 2528 4417; x_wconf 83' lang='lat' dir='ltr'><strong>l.</strong></span> <span class='ocrx_word' id='word_1_677' title='bbox 2597 4361 2618 4392; x_wconf 72' lang='grc'>⁸</span> <span class='ocrx_word' id='word_1_678' title='bbox 2642 4360 2781 4417; x_wconf 89' lang='lat' dir='ltr'><strong>sicut</strong></span> <span class='ocrx_word' id='word_1_679' title='bbox 2806 4359 3112 4416; x_wconf 88' lang='lat' dir='ltr'><strong>continetur</strong></span> <span class='ocrx_word' id='word_1_680' title='bbox 3133 4355 3187 4412; x_wconf 88' lang='lat' dir='ltr'><strong>iu</strong></span> <span class='ocrx_word' id='word_1_681' title='bbox 3216 4354 3354 4413; x_wconf 90' lang='lat' dir='ltr'><strong>libro</strong></span> <span class='ocrx_word' id='word_1_682' title='bbox 3377 4373 3537 4426; x_wconf 79' lang='lat' dir='ltr'><strong>snpe-</strong></span> 
     </span>
    </p>
   </div>
   <div class='ocr_carea' id='block_1_90' title="bbox 2211 4425 3530 4502">
    <p class='ocr_par' dir='ltr' id='par_1_90' title="bbox 2211 4425 3530 4502">
     <span class='ocr_line' id='line_1_90' title="bbox 2211 4425 3530 4502; baseline -0.005 -14"><span class='ocrx_word' id='word_1_683' title='bbox 2211 4433 2231 4463; x_wconf 71' lang='lat'><strong>“</strong></span> <span class='ocrx_word' id='word_1_684' title='bbox 2253 4435 2350 4488; x_wconf 83' lang='lat' dir='ltr'><strong>hoc</strong></span> <span class='ocrx_word' id='word_1_685' title='bbox 2383 4442 2537 4502; x_wconf 66' lang='lat' dir='ltr'><strong>caput</strong></span> <span class='ocrx_word' id='word_1_686' title='bbox 2570 4432 2708 4502; x_wconf 70' lang='lat' dir='ltr'><strong>deest</strong></span> <span class='ocrx_word' id='word_1_687' title='bbox 2744 4427 3100 4502; x_wconf 73' lang='lat' dir='ltr'><strong>in_Bl._E.1_:tat</strong></span> <span class='ocrx_word' id='word_1_688' title='bbox 3135 4427 3192 4502; x_wconf 69' lang='lat' dir='ltr'><strong>in</strong></span> <span class='ocrx_word' id='word_1_689' title='bbox 3212 4427 3366 4502; x_wconf 63' lang='lat' dir='ltr'><strong>codd.</strong></span> <span class='ocrx_word' id='word_1_690' title='bbox 3392 4425 3530 4482; x_wconf 78' lang='lat' dir='ltr'><strong>Mat.</strong></span> 
     </span>
    </p>
   </div>
   <div class='ocr_carea' id='block_1_91' title="bbox 283 4487 3532 4574">
    <p class='ocr_par' dir='ltr' id='par_1_91' title="bbox 283 4487 3532 4574">
     <span class='ocr_line' id='line_1_91' title="bbox 283 4487 3532 4574; baseline 0 -23"><span class='ocrx_word' id='word_1_691' title='bbox 283 4497 345 4574; x_wconf 44' lang='lat' dir='ltr'><strong>ﬁt.</strong></span> <span class='ocrx_word' id='word_1_692' title='bbox 363 4487 745 4574; x_wconf 37' lang='grc' dir='ltr'><strong>ξιξ-ρηνδζῃ.</strong></span> <span class='ocrx_word' id='word_1_693' title='bbox 773 4496 839 4551; x_wconf 84' lang='grc' dir='ltr'><strong>Ε.</strong></span> <span class='ocrx_word' id='word_1_694' title='bbox 867 4487 1150 4574; x_wconf 58' lang='grc' dir='ltr'><strong>ἱιξιενιεθεέ</strong></span> <span class='ocrx_word' id='word_1_695' title='bbox 1165 4497 1352 4574; x_wconf 87' lang='lat' dir='ltr'><strong>K_aroli_</strong></span> <span class='ocrx_word' id='word_1_696' title='bbox 1366 4496 1456 4574; x_wconf 65' lang='grc' dir='ltr'><strong>ΔΜ.</strong></span> <span class='ocrx_word' id='word_1_697' title='bbox 1480 4487 1950 4574; x_wconf 42' lang='grc' dir='ltr'><strong>(Μανεεᾶρῄῗρὅ).</strong></span> <span class='ocrx_word' id='word_1_698' title='bbox 1979 4487 1987 4489; x_wconf 38' lang='grc'><strong>⁷</strong></span> <span class='ocrx_word' id='word_1_699' title='bbox 2022 4487 2050 4537; x_wconf 9' lang='grc'><strong>⁷7</strong></span> <span class='ocrx_word' id='word_1_700' title='bbox 2069 4487 2153 4559; x_wconf 66' lang='lat' dir='ltr'><strong>rei</strong></span> <span class='ocrx_word' id='word_1_701' title='bbox 2176 4487 2304 4574; x_wconf 6' lang='lat' dir='ltr'><strong>sine,</strong></span> <span class='ocrx_word' id='word_1_702' title='bbox 2322 4487 2477 4574; x_wconf 71' lang='lat' dir='ltr'><strong>culpa</strong></span> <span class='ocrx_word' id='word_1_703' title='bbox 2498 4498 2619 4574; x_wconf 47' lang='grc' dir='ltr'><strong>λζ).</strong></span> <span class='ocrx_word' id='word_1_704' title='bbox 2652 4498 2706 4574; x_wconf 75' lang='lat'><strong>5.</strong></span> <span class='ocrx_word' id='word_1_705' title='bbox 2734 4497 2828 4553; x_wconf 82' lang='lat' dir='ltr'><strong>rel.</strong></span> <span class='ocrx_word' id='word_1_706' title='bbox 2904 4496 3197 4574; x_wconf 50' lang='lat' dir='ltr'><strong>iulium}.</strong></span> <span class='ocrx_word' id='word_1_707' title='bbox 3251 4496 3532 4574; x_wconf 38' lang='lat' dir='ltr'><strong>“’uxorent</strong></span> 
     </span>
    </p>
   </div>
   <div class='ocr_carea' id='block_1_92' title="bbox 282 4564 1258 4621">
    <p class='ocr_par' dir='ltr' id='par_1_92' title="bbox 282 4564 1258 4621">
     <span class='ocr_line' id='line_1_92' title="bbox 282 4564 1258 4621; baseline 0.001 -2"><span class='ocrx_word' id='word_1_708' title='bbox 282 4565 333 4619; x_wconf 71' lang='grc'><strong>2.</strong></span> <span class='ocrx_word' id='word_1_709' title='bbox 363 4568 417 4621; x_wconf 81' lang='grc'><strong>5.</strong></span> <span class='ocrx_word' id='word_1_710' title='bbox 444 4564 593 4620; x_wconf 75' lang='grc'><strong>5-10.</strong></span> <span class='ocrx_word' id='word_1_711' title='bbox 671 4567 714 4597; x_wconf 76' lang='grc'><strong>⁸⁸</strong></span> <span class='ocrx_word' id='word_1_712' title='bbox 736 4580 781 4621; x_wconf 89' lang='lat' dir='ltr'><strong>s.</strong></span> <span class='ocrx_word' id='word_1_713' title='bbox 811 4582 865 4620; x_wconf 93' lang='lat' dir='ltr'><strong>u.</strong></span> <span class='ocrx_word' id='word_1_714' title='bbox 895 4564 1081 4620; x_wconf 68' lang='lat' dir='ltr'><strong>desunt</strong></span> <span class='ocrx_word' id='word_1_715' title='bbox 1102 4565 1258 4620; x_wconf 79' lang='lat' dir='ltr'><strong>Goth.</strong></span> 
     </span>
    </p>
   </div>
   <div class='ocr_carea' id='block_1_93' title="bbox 286 4634 697 4705">
    <p class='ocr_par' dir='ltr' id='par_1_93' title="bbox 286 4634 697 4705">
     <span class='ocr_line' id='line_1_93' title="bbox 286 4634 697 4705; baseline 0 -17"><span class='ocrx_word' id='word_1_716' title='bbox 286 4636 331 4667; x_wconf 81' lang='grc'>⁸⁸</span> <span class='ocrx_word' id='word_1_717' title='bbox 352 4637 408 4688; x_wconf 76' lang='lat' dir='ltr'><strong>in</strong></span> <span class='ocrx_word' id='word_1_718' title='bbox 449 4637 573 4705; x_wconf 73' lang='lat' dir='ltr'><strong>edit.</strong></span> <span class='ocrx_word' id='word_1_719' title='bbox 615 4634 697 4705; x_wconf 72' lang='lat' dir='ltr'><strong>leg</strong></span> 
     </span>
    </p>
   </div>
   <div class='ocr_carea' id='block_1_94' title="bbox 1340 4566 2465 4642">
    <p class='ocr_par' dir='ltr' id='par_1_94' title="bbox 1340 4566 2465 4642">
     <span class='ocr_line' id='line_1_94' title="bbox 1340 4566 2465 4642; baseline 0.004 -23"><span class='ocrx_word' id='word_1_720' title='bbox 1340 4566 1378 4642; x_wconf 64' lang='lat' dir='ltr'><strong>if</strong></span> <span class='ocrx_word' id='word_1_721' title='bbox 1408 4566 1615 4624; x_wconf 78' lang='lat' dir='ltr'><strong>vixerat</strong></span> <span class='ocrx_word' id='word_1_722' title='bbox 1641 4566 1813 4642; x_wconf 18' lang='lat'><strong>13;”</strong></span> <span class='ocrx_word' id='word_1_723' title='bbox 1834 4566 2144 4642; x_wconf 78' lang='lat' dir='ltr'><strong>decogatur.</strong></span> <span class='ocrx_word' id='word_1_724' title='bbox 2172 4573 2230 4629; x_wconf 89' lang='lat' dir='ltr'><strong>Si</strong></span> <span class='ocrx_word' id='word_1_725' title='bbox 2256 4588 2389 4627; x_wconf 89' lang='lat' dir='ltr'><strong>uero</strong></span> <span class='ocrx_word' id='word_1_726' title='bbox 2408 4566 2465 4642; x_wconf 70' lang='grc' dir='ltr'><strong>Ἰ.</strong></span> 
     </span>
    </p>
   </div>
   <div class='ocr_carea' id='block_1_95' title="bbox 695 4635 2839 4769">
    <p class='ocr_par' dir='ltr' id='par_1_95' title="bbox 695 4635 2839 4769">
     <span class='ocr_line' id='line_1_95' title="bbox 695 4635 2839 4769; baseline 0.002 -82"><span class='ocrx_word' id='word_1_727' title='bbox 695 4652 747 4717; x_wconf 63' lang='grc' dir='ltr'><strong>ῃ.</strong></span> <span class='ocrx_word' id='word_1_728' title='bbox 777 4635 904 4706; x_wconf 83' lang='lat' dir='ltr'><strong>Lgb.</strong></span> <span class='ocrx_word' id='word_1_729' title='bbox 929 4652 1216 4769; x_wconf 49' lang='lat' dir='ltr'><strong>gemerem</strong></span> <span class='ocrx_word' id='word_1_730' title='bbox 1259 4636 1505 4718; x_wconf 70' lang='lat' dir='ltr'><strong>scripturn</strong></span> <span class='ocrx_word' id='word_1_731' title='bbox 1530 4647 1603 4691; x_wconf 80' lang='lat' dir='ltr'><strong>est</strong></span> <span class='ocrx_word' id='word_1_732' title='bbox 1629 4656 1647 4694; x_wconf 92' lang='lat'><em>:</em></span> <span class='ocrx_word' id='word_1_733' title='bbox 1675 4637 1930 4696; x_wconf 83' lang='lat' dir='ltr'><strong>Volumus</strong></span> <span class='ocrx_word' id='word_1_734' title='bbox 1951 4635 2011 4698; x_wconf 82' lang='grc' dir='ltr'><strong>ιῖι</strong></span> <span class='ocrx_word' id='word_1_735' title='bbox 2029 4644 2256 4700; x_wconf 85' lang='lat' dir='ltr'><strong>comites</strong></span> <span class='ocrx_word' id='word_1_736' title='bbox 2281 4641 2452 4696; x_wconf 83' lang='lat' dir='ltr'><strong>nostri</strong></span> <span class='ocrx_word' id='word_1_737' title='bbox 2478 4635 2744 4720; x_wconf 74' lang='lat' dir='ltr'><strong>licentiam</strong></span> <span class='ocrx_word' id='word_1_738' title='bbox 2771 4635 2839 4692; x_wconf 77' lang='lat' dir='ltr'><strong>ha</strong></span> 
     </span>
     <span class='ocr_line' id='line_1_96' title="bbox 699 4703 2817 4769; baseline 0.001 -12"><span class='ocrx_word' id='word_1_739' title='bbox 699 4720 764 4768; x_wconf 81' lang='lat' dir='ltr'><strong>ts,</strong></span> <span class='ocrx_word' id='word_1_740' title='bbox 792 4713 897 4759; x_wconf 88' lang='lat' dir='ltr'><strong>etc.</strong></span> <span class='ocrx_word' id='word_1_741' title='bbox 978 4704 1081 4757; x_wconf 83' lang='lat' dir='ltr'><strong>uad</strong></span> <span class='ocrx_word' id='word_1_742' title='bbox 1118 4722 1170 4758; x_wconf 79' lang='grc' dir='ltr'><strong>ιη</strong></span> <span class='ocrx_word' id='word_1_743' title='bbox 1205 4703 1348 4759; x_wconf 87' lang='lat' dir='ltr'><strong>nullo</strong></span> <span class='ocrx_word' id='word_1_744' title='bbox 1375 4706 1549 4760; x_wconf 73' lang='lat' dir='ltr'><strong>codice</strong></span> <span class='ocrx_word' id='word_1_745' title='bbox 1572 4707 1814 4762; x_wconf 81' lang='lat' dir='ltr'><strong>habetur.</strong></span> <span class='ocrx_word' id='word_1_746' title='bbox 1838 4711 1908 4769; x_wconf 73' lang='lat' dir='ltr'><strong>cf.</strong></span> <span class='ocrx_word' id='word_1_747' title='bbox 1934 4729 2093 4769; x_wconf 80' lang='lat' dir='ltr'><strong>suum</strong></span> <span class='ocrx_word' id='word_1_748' title='bbox 2117 4711 2289 4769; x_wconf 78' lang='lat' dir='ltr'><strong>Capit.</strong></span> <span class='ocrx_word' id='word_1_749' title='bbox 2315 4709 2582 4764; x_wconf 79' lang='lat' dir='ltr'><strong>Hlotlumi</strong></span> <span class='ocrx_word' id='word_1_750' title='bbox 2609 4726 2661 4762; x_wconf 89' lang='lat' dir='ltr'><strong>a.</strong></span> <span class='ocrx_word' id='word_1_751' title='bbox 2693 4708 2817 4764; x_wconf 69' lang='lat'><strong>825.</strong></span> 
     </span>
    </p>
   </div>
   <div class='ocr_carea' id='block_1_96' title="bbox 3249 4564 3596 4622">
    <p class='ocr_par' dir='ltr' id='par_1_96' title="bbox 3249 4564 3596 4622">
     <span class='ocr_line' id='line_1_97' title="bbox 3249 4564 3596 4622; baseline 0.003 -1"><span class='ocrx_word' id='word_1_752' title='bbox 3249 4564 3291 4598; x_wconf 75' lang='lat'><strong>”’</strong></span> <span class='ocrx_word' id='word_1_753' title='bbox 3314 4566 3454 4621; x_wconf 83' lang='lat' dir='ltr'><strong>deest</strong></span> <span class='ocrx_word' id='word_1_754' title='bbox 3482 4568 3530 4622; x_wconf 87' lang='lat' dir='ltr'><strong>l.</strong></span> <span class='ocrx_word' id='word_1_755' title='bbox 3587 4578 3596 4584; x_wconf 82' lang='grc'><em>“</em></span> 
     </span>
    </p>
   </div>
   <div class='ocr_carea' id='block_1_97' title="bbox 2943 4634 3533 4706">
    <p class='ocr_par' dir='ltr' id='par_1_97' title="bbox 2943 4634 3533 4706">
     <span class='ocr_line' id='line_1_98' title="bbox 2943 4634 3533 4706; baseline 0.008 -17"><span class='ocrx_word' id='word_1_756' title='bbox 2943 4646 3003 4692; x_wconf 91' lang='lat' dir='ltr'><strong>nt</strong></span> <span class='ocrx_word' id='word_1_757' title='bbox 3024 4636 3426 4706; x_wconf 81' lang='lat' dir='ltr'><strong>inquisitionem</strong></span> <span class='ocrx_word' id='word_1_758' title='bbox 3450 4634 3533 4706; x_wconf 71' lang='lat' dir='ltr'><strong>fa-</strong></span> 
     </span>
    </p>
   </div>
   <div class='ocr_carea' id='block_1_98' title="bbox 2545 4565 3170 4638">
    <p class='ocr_par' dir='ltr' id='par_1_98' title="bbox 2545 4565 3170 4638">
     <span class='ocr_line' id='line_1_99' title="bbox 2545 4565 3170 4638; baseline -0.006 -14"><span class='ocrx_word' id='word_1_759' title='bbox 2545 4571 2588 4602; x_wconf 82' lang='grc'><strong>⁸³</strong></span> <span class='ocrx_word' id='word_1_760' title='bbox 2612 4585 2667 4638; x_wconf 91' lang='lat' dir='ltr'><strong>p.</strong></span> <span class='ocrx_word' id='word_1_761' title='bbox 2689 4569 2789 4624; x_wconf 87' lang='lat' dir='ltr'><strong>hoc</strong></span> <span class='ocrx_word' id='word_1_762' title='bbox 2813 4585 2867 4638; x_wconf 92' lang='lat' dir='ltr'><strong>q.</strong></span> <span class='ocrx_word' id='word_1_763' title='bbox 2896 4566 2982 4622; x_wconf 84' lang='lat' dir='ltr'><strong>Bl.</strong></span> <span class='ocrx_word' id='word_1_764' title='bbox 3013 4565 3170 4638; x_wconf 72' lang='lat' dir='ltr'><strong>Colit.</strong></span> 
     </span>
    </p>
   </div>
   <div class='ocr_carea' id='block_1_99' title="bbox 285 4702 3533 4794">
    <p class='ocr_par' dir='ltr' id='par_1_99' title="bbox 285 4702 3533 4794">
     <span class='ocr_line' id='line_1_100' title="bbox 285 4702 3533 4794; baseline -0 -36"><span class='ocrx_word' id='word_1_765' title='bbox 285 4702 899 4794; x_wconf 37' lang='lat' dir='ltr'><strong>grev‘icatiiishetc;</strong></span> <span class='ocrx_word' id='word_1_766' title='bbox 929 4702 1097 4794; x_wconf 47' lang='lat' dir='ltr'><strong>Quod,</strong></span> <span class='ocrx_word' id='word_1_767' title='bbox 1118 4702 1814 4794; x_wconf 19' lang='lat' dir='ltr'><strong>iurnull&#39;g&#39;codjfeilta&#39;lzetu’r.</strong></span> <span class='ocrx_word' id='word_1_768' title='bbox 1838 4711 2289 4794; x_wconf 46' lang='lat' dir='ltr'><strong>cf..suprs‘s.qui.t.</strong></span> <span class='ocrx_word' id='word_1_769' title='bbox 2315 4709 2582 4794; x_wconf 55' lang='lat' dir='ltr'><strong>{llolltarii</strong></span> <span class='ocrx_word' id='word_1_770' title='bbox 2609 4726 2661 4794; x_wconf 51' lang='grc' dir='ltr'><em>ατ</em></span> <span class='ocrx_word' id='word_1_771' title='bbox 2856 4707 2982 4794; x_wconf 54' lang='grc' dir='ltr'><strong>αἶ).</strong></span> <span class='ocrx_word' id='word_1_772' title='bbox 3031 4702 3241 4794; x_wconf 49' lang='grc' dir='ltr'><strong>ηίίιιξε.</strong></span> <span class='ocrx_word' id='word_1_773' title='bbox 3274 4706 3324 4761; x_wconf 79' lang='grc' dir='ltr'><strong>ι.</strong></span> 
     </span>
    </p>
   </div>
   <div class='ocr_carea' id='block_1_100' title="bbox 288 4771 1364 4828">
    <p class='ocr_par' dir='ltr' id='par_1_100' title="bbox 288 4771 1364 4828">
     <span class='ocr_line' id='line_1_101' title="bbox 288 4771 1364 4828; baseline 0.002 -2"><span class='ocrx_word' id='word_1_774' title='bbox 288 4771 328 4804; x_wconf 80' lang='lat'><strong>&quot;</strong></span> <span class='ocrx_word' id='word_1_775' title='bbox 350 4774 641 4827; x_wconf 87' lang='lat' dir='ltr'><strong>banniatur</strong></span> <span class='ocrx_word' id='word_1_776' title='bbox 665 4774 714 4826; x_wconf 83' lang='lat' dir='ltr'><strong>l.</strong></span> <span class='ocrx_word' id='word_1_777' title='bbox 743 4773 829 4828; x_wconf 89' lang='lat' dir='ltr'><strong>BI.</strong></span> <span class='ocrx_word' id='word_1_778' title='bbox 857 4772 922 4828; x_wconf 85' lang='lat' dir='ltr'><strong>G.</strong></span> <span class='ocrx_word' id='word_1_779' title='bbox 954 4774 1019 4826; x_wconf 86' lang='grc' dir='ltr'><strong>Α.</strong></span> <span class='ocrx_word' id='word_1_780' title='bbox 1055 4771 1117 4826; x_wconf 77' lang='grc' dir='ltr'><strong>ν.</strong></span> <span class='ocrx_word' id='word_1_781' title='bbox 1157 4772 1251 4827; x_wconf 78' lang='lat' dir='ltr'><strong>Vn.</strong></span> <span class='ocrx_word' id='word_1_782' title='bbox 1295 4773 1364 4828; x_wconf 88' lang='lat' dir='ltr'><strong>E.</strong></span> 
     </span>
    </p>
   </div>
   <div class='ocr_carea' id='block_1_101' title="bbox 1468 4774 1812 4833">
    <p class='ocr_par' dir='ltr' id='par_1_101' title="bbox 1468 4774 1812 4833">
     <span class='ocr_line' id='line_1_102' title="bbox 1468 4774 1812 4833; baseline 0.009 -3"><span class='ocrx_word' id='word_1_783' title='bbox 1468 4776 1509 4805; x_wconf 80' lang='lat'><strong>&quot;&#39;</strong></span> <span class='ocrx_word' id='word_1_784' title='bbox 1532 4775 1585 4830; x_wconf 91' lang='lat' dir='ltr'><strong>in</strong></span> <span class='ocrx_word' id='word_1_785' title='bbox 1628 4776 1712 4831; x_wconf 88' lang='lat' dir='ltr'><strong>BI.</strong></span> <span class='ocrx_word' id='word_1_786' title='bbox 1747 4774 1812 4833; x_wconf 86' lang='lat' dir='ltr'><strong>G.</strong></span> 
     </span>
    </p>
   </div>
   <div class='ocr_carea' id='block_1_102' title="bbox 284 4838 913 4897">
    <p class='ocr_par' dir='ltr' id='par_1_102' title="bbox 284 4838 913 4897">
     <span class='ocr_line' id='line_1_103' title="bbox 284 4838 913 4897; baseline 0.003 -3"><span class='ocrx_word' id='word_1_787' title='bbox 284 4841 422 4895; x_wconf 79' lang='lat' dir='ltr'><strong>deest</strong></span> <span class='ocrx_word' id='word_1_788' title='bbox 475 4842 530 4895; x_wconf 85' lang='lat' dir='ltr'><strong>in</strong></span> <span class='ocrx_word' id='word_1_789' title='bbox 570 4838 724 4897; x_wconf 81' lang='lat' dir='ltr'><strong>Goth.</strong></span> <span class='ocrx_word' id='word_1_790' title='bbox 778 4842 913 4896; x_wconf 73' lang='lat' dir='ltr'><strong>Mitt.</strong></span> 
     </span>
    </p>
   </div>
   <div class='ocr_carea' id='block_1_103' title="bbox 990 4842 1791 4915">
    <p class='ocr_par' dir='ltr' id='par_1_103' title="bbox 990 4842 1791 4915">
     <span class='ocr_line' id='line_1_104' title="bbox 990 4842 1791 4915; baseline 0.007 -20"><span class='ocrx_word' id='word_1_791' title='bbox 990 4843 1033 4872; x_wconf 83' lang='grc'>²¹</span> <span class='ocrx_word' id='word_1_792' title='bbox 1062 4842 1165 4915; x_wconf 79' lang='lat' dir='ltr'><strong>hoc</strong></span> <span class='ocrx_word' id='word_1_793' title='bbox 1191 4860 1353 4915; x_wconf 77' lang='lat' dir='ltr'><strong>usque</strong></span> <span class='ocrx_word' id='word_1_794' title='bbox 1397 4844 1501 4899; x_wconf 85' lang='lat' dir='ltr'><strong>hoc</strong></span> <span class='ocrx_word' id='word_1_795' title='bbox 1538 4844 1676 4915; x_wconf 73' lang='lat' dir='ltr'><strong>deest</strong></span> <span class='ocrx_word' id='word_1_796' title='bbox 1705 4844 1791 4902; x_wconf 86' lang='lat' dir='ltr'><strong>Bl.</strong></span> 
     </span>
    </p>
   </div>
   <div class='ocr_carea' id='block_1_104' title="bbox 289 4912 1893 5041">
    <p class='ocr_par' dir='ltr' id='par_1_104' title="bbox 289 4912 1893 5041">
     <span class='ocr_line' id='line_1_105' title="bbox 289 4912 1893 4985; baseline 0.006 -22"><span class='ocrx_word' id='word_1_797' title='bbox 289 4921 419 4964; x_wconf 77' lang='lat' dir='ltr'><strong>terte</strong></span> <span class='ocrx_word' id='word_1_798' title='bbox 443 4912 652 4964; x_wconf 78' lang='lat' dir='ltr'><strong>minime</strong></span> <span class='ocrx_word' id='word_1_799' title='bbox 678 4913 762 4965; x_wconf 83' lang='lat' dir='ltr'><strong>hic</strong></span> <span class='ocrx_word' id='word_1_800' title='bbox 784 4913 1021 4982; x_wconf 79' lang='lat' dir='ltr'><strong>pertinet,</strong></span> <span class='ocrx_word' id='word_1_801' title='bbox 1049 4913 1245 4965; x_wconf 78' lang='lat' dir='ltr'><strong>scilicet</strong></span> <span class='ocrx_word' id='word_1_802' title='bbox 1266 4912 1402 4966; x_wconf 79' lang='lat' dir='ltr'><strong>inter</strong></span> <span class='ocrx_word' id='word_1_803' title='bbox 1421 4931 1482 4968; x_wconf 88' lang='lat' dir='ltr'><strong>ca</strong></span> <span class='ocrx_word' id='word_1_804' title='bbox 1518 4913 1652 4969; x_wconf 75' lang='lat' dir='ltr'><strong>itala</strong></span> <span class='ocrx_word' id='word_1_805' title='bbox 1674 4933 1806 4985; x_wconf 82' lang='lat' dir='ltr'><strong>quae</strong></span> <span class='ocrx_word' id='word_1_806' title='bbox 1867 4936 1893 4973; x_wconf 91' lang='lat' dir='ltr'><strong>r</strong></span> 
     </span>
     <span class='ocr_line' id='line_1_106' title="bbox 289 4931 1875 5041; baseline 0.006 -9"><span class='ocrx_word' id='word_1_807' title='bbox 289 4980 504 5032; x_wconf 77' lang='lat' dir='ltr'><strong>rendam</strong></span> <span class='ocrx_word' id='word_1_808' title='bbox 530 4990 623 5033; x_wconf 82' lang='lat' dir='ltr'><strong>est.</strong></span> <span class='ocrx_word' id='word_1_809' title='bbox 654 4997 705 5041; x_wconf 87' lang='lat' dir='ltr'><strong>q.</strong></span> <span class='ocrx_word' id='word_1_810' title='bbox 739 4997 784 5035; x_wconf 78' lang='grc' dir='ltr'><strong>υ.</strong></span> <span class='ocrx_word' id='word_1_811' title='bbox 822 4981 982 5041; x_wconf 82' lang='lat' dir='ltr'><strong>infra.</strong></span> <span class='ocrx_word' id='word_1_812' title='bbox 1060 4981 1104 5012; x_wconf 70' lang='grc'><strong>’³</strong></span> <span class='ocrx_word' id='word_1_813' title='bbox 1132 4992 1283 5041; x_wconf 82' lang='lat' dir='ltr'><strong>caput</strong></span> <span class='ocrx_word' id='word_1_814' title='bbox 1318 4983 1415 5037; x_wconf 80' lang='lat' dir='ltr'><strong>hoc</strong></span> <span class='ocrx_word' id='word_1_815' title='bbox 1454 4931 1591 5038; x_wconf 46' lang='lat' dir='ltr'><strong>(gest</strong></span> <span class='ocrx_word' id='word_1_816' title='bbox 1618 4984 1675 5038; x_wconf 79' lang='lat' dir='ltr'><strong>in</strong></span> <span class='ocrx_word' id='word_1_817' title='bbox 1698 4984 1785 5040; x_wconf 87' lang='lat' dir='ltr'><strong>Bl.</strong></span> 
     </span>
    </p>
   </div>
   <div class='ocr_carea' id='block_1_105' title="bbox 289 4980 982 5051">
    <p class='ocr_par' dir='ltr' id='par_1_105' title="bbox 289 4980 982 5051">
     <span class='ocr_line' id='line_1_107' title="bbox 289 4980 982 5051; baseline 0 -20"><span class='ocrx_word' id='word_1_818' title='bbox 289 4980 504 5051; x_wconf 62' lang='lat' dir='ltr'><strong>[enqu</strong></span> <span class='ocrx_word' id='word_1_819' title='bbox 530 4990 623 5051; x_wconf 67' lang='lat' dir='ltr'><strong>est.</strong></span> <span class='ocrx_word' id='word_1_820' title='bbox 654 4997 705 5051; x_wconf 88' lang='lat' dir='ltr'><strong>q.</strong></span> <span class='ocrx_word' id='word_1_821' title='bbox 739 4980 792 5035; x_wconf 65' lang='lat' dir='ltr'><strong>tv.</strong></span> <span class='ocrx_word' id='word_1_822' title='bbox 822 4981 982 5049; x_wconf 83' lang='lat' dir='ltr'><strong>infra.</strong></span> 
     </span>
    </p>
   </div>
   <div class='ocr_carea' id='block_1_106' title="bbox 1060 4981 1415 5051">
    <p class='ocr_par' dir='ltr' id='par_1_106' title="bbox 1060 4981 1415 5051">
     <span class='ocr_line' id='line_1_108' title="bbox 1060 4981 1415 5051; baseline 0.003 -17"><span class='ocrx_word' id='word_1_823' title='bbox 1060 4981 1104 5012; x_wconf 71' lang='grc'><strong>’³</strong></span> <span class='ocrx_word' id='word_1_824' title='bbox 1132 4992 1283 5051; x_wconf 80' lang='lat' dir='ltr'><strong>caput</strong></span> <span class='ocrx_word' id='word_1_825' title='bbox 1318 4983 1415 5037; x_wconf 79' lang='lat' dir='ltr'><strong>hoc</strong></span> 
     </span>
    </p>
   </div>
   <div class='ocr_carea' id='block_1_107' title="bbox 293 5047 642 5103">
    <p class='ocr_par' dir='ltr' id='par_1_107' title="bbox 293 5047 642 5103">
     <span class='ocr_line' id='line_1_109' title="bbox 293 5047 642 5103; baseline 0.003 -2"><span class='ocrx_word' id='word_1_826' title='bbox 293 5047 346 5101; x_wconf 74' lang='lat'><strong>2.</strong></span> <span class='ocrx_word' id='word_1_827' title='bbox 376 5049 431 5103; x_wconf 80' lang='lat'><strong>3.</strong></span> <span class='ocrx_word' id='word_1_828' title='bbox 465 5047 521 5103; x_wconf 80' lang='grc'><strong>5.</strong></span> <span class='ocrx_word' id='word_1_829' title='bbox 554 5048 642 5102; x_wconf 79' lang='grc'><strong>10.</strong></span> 
     </span>
    </p>
   </div>
   <div class='ocr_carea' id='block_1_108' title="bbox 1491 4984 1785 5040">
    <p class='ocr_par' dir='ltr' id='par_1_108' title="bbox 1491 4984 1785 5040">
     <span class='ocr_line' id='line_1_110' title="bbox 1491 4984 1785 5040; baseline 0.01 -3"><span class='ocrx_word' id='word_1_830' title='bbox 1491 4992 1591 5038; x_wconf 86' lang='lat' dir='ltr'><strong>eest</strong></span> <span class='ocrx_word' id='word_1_831' title='bbox 1618 4984 1785 5040; x_wconf 28' lang='lat' dir='ltr'><strong>in’Bl.</strong></span> 
     </span>
    </p>
   </div>
   <div class='ocr_carea' id='block_1_109' title="bbox 1916 4774 3082 4845">
    <p class='ocr_par' dir='ltr' id='par_1_109' title="bbox 1916 4774 3082 4845">
     <span class='ocr_line' id='line_1_111' title="bbox 1916 4774 3082 4845; baseline -0.004 -9"><span class='ocrx_word' id='word_1_832' title='bbox 1916 4781 1957 4811; x_wconf 84' lang='grc'><strong>¹⁹</strong></span> <span class='ocrx_word' id='word_1_833' title='bbox 1996 4774 2214 4845; x_wconf 64' lang='lat' dir='ltr'><strong>iudicat,</strong></span> <span class='ocrx_word' id='word_1_834' title='bbox 2239 4782 2295 4834; x_wconf 85' lang='lat' dir='ltr'><strong>in</strong></span> <span class='ocrx_word' id='word_1_835' title='bbox 2329 4780 2429 4834; x_wconf 77' lang='lat' dir='ltr'><strong>hoc</strong></span> <span class='ocrx_word' id='word_1_836' title='bbox 2474 4794 2591 4833; x_wconf 76' lang='lat' dir='ltr'><strong>voce</strong></span> <span class='ocrx_word' id='word_1_837' title='bbox 2621 4777 2809 4833; x_wconf 79' lang='lat' dir='ltr'><strong>desinit</strong></span> <span class='ocrx_word' id='word_1_838' title='bbox 2835 4778 2998 4832; x_wconf 72' lang='lat' dir='ltr'><strong>codex</strong></span> <span class='ocrx_word' id='word_1_839' title='bbox 3029 4774 3082 4831; x_wconf 85' lang='lat'><strong>6.</strong></span> 
     </span>
    </p>
   </div>
   <div class='ocr_carea' id='block_1_110' title="bbox 1882 4842 3544 4917">
    <p class='ocr_par' dir='ltr' id='par_1_110' title="bbox 1882 4842 3544 4917">
     <span class='ocr_line' id='line_1_112' title="bbox 1882 4842 3544 4917; baseline -0.004 -13"><span class='ocrx_word' id='word_1_840' title='bbox 1882 4851 1927 4881; x_wconf 73' lang='grc'><strong>’⁸³⁸</strong></span> <span class='ocrx_word' id='word_1_841' title='bbox 1963 4852 2047 4905; x_wconf 83' lang='lat' dir='ltr'><strong>hic</strong></span> <span class='ocrx_word' id='word_1_842' title='bbox 2090 4842 2222 4905; x_wconf 76' lang='lat' dir='ltr'><strong>codd</strong></span> <span class='ocrx_word' id='word_1_843' title='bbox 2274 4849 2327 4903; x_wconf 74' lang='grc'><strong>2.</strong></span> <span class='ocrx_word' id='word_1_844' title='bbox 2369 4850 2422 4904; x_wconf 77' lang='grc'><strong>5.</strong></span> <span class='ocrx_word' id='word_1_845' title='bbox 2463 4848 2516 4902; x_wconf 86' lang='grc'><strong>5.</strong></span> <span class='ocrx_word' id='word_1_846' title='bbox 2550 4846 2601 4901; x_wconf 90' lang='lat'><strong>7.</strong></span> <span class='ocrx_word' id='word_1_847' title='bbox 2639 4850 2691 4902; x_wconf 91' lang='lat'><strong>8.</strong></span> <span class='ocrx_word' id='word_1_848' title='bbox 2729 4847 2781 4902; x_wconf 87' lang='lat'><strong>9.</strong></span> <span class='ocrx_word' id='word_1_849' title='bbox 2816 4846 2899 4900; x_wconf 85' lang='lat' dir='ltr'><strong>l0.</strong></span> <span class='ocrx_word' id='word_1_850' title='bbox 2937 4855 3090 4917; x_wconf 63' lang='lat' dir='ltr'><strong>caput</strong></span> <span class='ocrx_word' id='word_1_851' title='bbox 3127 4842 3359 4917; x_wconf 65' lang='lat' dir='ltr'><strong>inserunt</strong></span> <span class='ocrx_word' id='word_1_852' title='bbox 3389 4842 3544 4917; x_wconf 62' lang='lat' dir='ltr'><strong>quot!</strong></span> 
     </span>
    </p>
   </div>
   <div class='ocr_carea' id='block_1_111' title="bbox 1894 4912 3539 5036">
    <p class='ocr_par' dir='ltr' id='par_1_111' title="bbox 1894 4912 3539 5036">
     <span class='ocr_line' id='line_1_113' title="bbox 1894 4912 3539 5036; baseline -0.005 -63"><span class='ocrx_word' id='word_1_853' title='bbox 1894 4936 1924 4973; x_wconf 92' lang='grc' dir='ltr'><strong><em>ο</em></strong></span> <span class='ocrx_word' id='word_1_854' title='bbox 1945 4920 2055 4990; x_wconf 84' lang='lat' dir='ltr'><strong>lege</strong></span> <span class='ocrx_word' id='word_1_855' title='bbox 2078 4920 2319 4974; x_wconf 82' lang='lat' dir='ltr'><strong>habenda</strong></span> <span class='ocrx_word' id='word_1_856' title='bbox 2340 4929 2480 4981; x_wconf 77' lang='lat' dir='ltr'><strong>sunt,</strong></span> <span class='ocrx_word' id='word_1_857' title='bbox 2514 4918 2602 4972; x_wconf 80' lang='lat' dir='ltr'><strong>sed</strong></span> <span class='ocrx_word' id='word_1_858' title='bbox 2629 4919 2763 4972; x_wconf 83' lang='lat' dir='ltr'><strong>inter</strong></span> <span class='ocrx_word' id='word_1_859' title='bbox 2797 4912 3025 4987; x_wconf 68' lang='lat' dir='ltr'><strong>capitulo</strong></span> <span class='ocrx_word' id='word_1_860' title='bbox 3051 4915 3222 4969; x_wconf 79' lang='lat' dir='ltr'><strong>missis</strong></span> <span class='ocrx_word' id='word_1_861' title='bbox 3250 4914 3374 4969; x_wconf 82' lang='lat' dir='ltr'><strong>data</strong></span> <span class='ocrx_word' id='word_1_862' title='bbox 3398 4912 3539 5036; x_wconf 53' lang='lat' dir='ltr'><strong>regi-</strong></span> 
     </span>
     <span class='ocr_line' id='line_1_114' title="bbox 1905 4978 3539 5036; baseline 0 0"><span class='ocrx_word' id='word_1_863' title='bbox 1905 4988 1994 5036; x_wconf 84' lang='lat' dir='ltr'><strong>Fl.</strong></span> <span class='ocrx_word' id='word_1_864' title='bbox 2025 4988 2087 5036; x_wconf 72' lang='grc' dir='ltr'><strong>Ι..</strong></span> <span class='ocrx_word' id='word_1_865' title='bbox 2128 4984 2187 5036; x_wconf 82' lang='grc' dir='ltr'><strong>γ.</strong></span> <span class='ocrx_word' id='word_1_866' title='bbox 2226 4986 2325 5036; x_wconf 74' lang='grc' dir='ltr'><strong>ν...</strong></span> <span class='ocrx_word' id='word_1_867' title='bbox 2365 4986 2439 5036; x_wconf 78' lang='grc' dir='ltr'><strong>Ε.</strong></span> <span class='ocrx_word' id='word_1_868' title='bbox 2511 4987 2557 5018; x_wconf 62' lang='grc'>’⁸</span> <span class='ocrx_word' id='word_1_869' title='bbox 2578 5003 2628 5036; x_wconf 87' lang='lat' dir='ltr'><strong>c.</strong></span> <span class='ocrx_word' id='word_1_870' title='bbox 2657 4988 2760 5036; x_wconf 87' lang='lat' dir='ltr'><strong>hoc</strong></span> <span class='ocrx_word' id='word_1_871' title='bbox 2793 4988 2911 5036; x_wconf 83' lang='lat' dir='ltr'><strong>obs.</strong></span> <span class='ocrx_word' id='word_1_872' title='bbox 2936 4983 3093 5036; x_wconf 72' lang='lat' dir='ltr'><strong>Colla.</strong></span> <span class='ocrx_word' id='word_1_873' title='bbox 3119 4980 3258 5036; x_wconf 71' lang='lat' dir='ltr'><strong>Matt.</strong></span> <span class='ocrx_word' id='word_1_874' title='bbox 3333 4980 3381 5013; x_wconf 77' lang='grc'>⁸⁸</span> <span class='ocrx_word' id='word_1_875' title='bbox 3407 4978 3456 5036; x_wconf 72' lang='grc' dir='ltr'><strong>Χ</strong></span> <span class='ocrx_word' id='word_1_876' title='bbox 3511 5018 3539 5035; x_wconf 60' lang='grc' dir='ltr'><strong>α</strong></span> 
     </span>
    </p>
   </div>
   <div class='ocr_carea' id='block_1_112' title="bbox 1904 4978 3541 5045">
    <p class='ocr_par' dir='ltr' id='par_1_112' title="bbox 1904 4978 3541 5045">
     <span class='ocr_line' id='line_1_115' title="bbox 1904 4978 3541 5045; baseline -0.004 -3"><span class='ocrx_word' id='word_1_877' title='bbox 1904 4978 2087 5044; x_wconf 58' lang='grc' dir='ltr'><strong>ΕΙῘΙ..</strong></span> <span class='ocrx_word' id='word_1_878' title='bbox 2128 4984 2187 5042; x_wconf 84' lang='grc' dir='ltr'><strong>γ.</strong></span> <span class='ocrx_word' id='word_1_879' title='bbox 2226 4986 2325 5043; x_wconf 81' lang='lat' dir='ltr'><strong>Vn.</strong></span> <span class='ocrx_word' id='word_1_880' title='bbox 2364 4986 2439 5045; x_wconf 78' lang='grc' dir='ltr'><strong>Ε.</strong></span> <span class='ocrx_word' id='word_1_881' title='bbox 2466 4978 2475 4981; x_wconf 50' lang='grc'><em>’</em></span> <span class='ocrx_word' id='word_1_882' title='bbox 2511 4987 2557 5018; x_wconf 63' lang='grc'>’⁸</span> <span class='ocrx_word' id='word_1_883' title='bbox 2578 5003 2628 5044; x_wconf 90' lang='lat' dir='ltr'><strong>c.</strong></span> <span class='ocrx_word' id='word_1_884' title='bbox 2657 4988 2760 5043; x_wconf 92' lang='lat' dir='ltr'><strong>hoc</strong></span> <span class='ocrx_word' id='word_1_885' title='bbox 2793 4978 2911 5043; x_wconf 63' lang='lat' dir='ltr'><strong>ob&#39;s.</strong></span> <span class='ocrx_word' id='word_1_886' title='bbox 2936 4983 3093 5042; x_wconf 72' lang='lat' dir='ltr'><strong>Colla.</strong></span> <span class='ocrx_word' id='word_1_887' title='bbox 3119 4980 3258 5038; x_wconf 72' lang='lat' dir='ltr'><strong>Matt.</strong></span> <span class='ocrx_word' id='word_1_888' title='bbox 3333 4980 3381 5013; x_wconf 79' lang='lat'>“</span> <span class='ocrx_word' id='word_1_889' title='bbox 3407 4978 3541 5036; x_wconf 64' lang='lat' dir='ltr'><strong>XX.</strong></span> 
     </span>
    </p>
   </div>
   <div class='ocr_carea' id='block_1_113' title="bbox 3184 4775 3544 4847">
    <p class='ocr_par' dir='ltr' id='par_1_113' title="bbox 3184 4775 3544 4847">
     <span class='ocr_line' id='line_1_116' title="bbox 3184 4775 3544 4847; baseline -0.011 -16"><span class='ocrx_word' id='word_1_890' title='bbox 3184 4775 3227 4809; x_wconf 81' lang='grc'><strong>²⁰</strong></span> <span class='ocrx_word' id='word_1_891' title='bbox 3252 4784 3407 4847; x_wconf 76' lang='lat' dir='ltr'><strong>caput</strong></span> <span class='ocrx_word' id='word_1_892' title='bbox 3436 4775 3544 4847; x_wconf 59' lang='lat' dir='ltr'><strong>hoc:</strong></span> 
     </span>
    </p>
   </div>
   <div class='ocr_carea' id='block_1_114' title="bbox 2511 4980 3353 5044">
    <p class='ocr_par' dir='ltr' id='par_1_114' title="bbox 2511 4980 3353 5044">
     <span class='ocr_line' id='line_1_117' title="bbox 2511 4980 3353 5044; baseline -0.011 1"><span class='ocrx_word' id='word_1_893' title='bbox 2511 4987 2557 5018; x_wconf 69' lang='lat'>&quot;</span> <span class='ocrx_word' id='word_1_894' title='bbox 2578 5003 2628 5044; x_wconf 92' lang='lat' dir='ltr'><strong>c.</strong></span> <span class='ocrx_word' id='word_1_895' title='bbox 2657 4988 2760 5043; x_wconf 90' lang='lat' dir='ltr'><strong>hoc</strong></span> <span class='ocrx_word' id='word_1_896' title='bbox 2793 4980 2911 5043; x_wconf 78' lang='lat' dir='ltr'><strong>obs.</strong></span> <span class='ocrx_word' id='word_1_897' title='bbox 2936 4983 3093 5042; x_wconf 77' lang='lat' dir='ltr'><strong>Com.</strong></span> <span class='ocrx_word' id='word_1_898' title='bbox 3119 4980 3258 5038; x_wconf 72' lang='lat' dir='ltr'><strong>Mat.</strong></span> <span class='ocrx_word' id='word_1_899' title='bbox 3333 4983 3353 5012; x_wconf 76' lang='grc'>⁸</span> 
     </span>
    </p>
   </div>
   <div class='ocr_carea' id='block_1_115' title="bbox 1800 5145 2033 5202">
    <p class='ocr_par' dir='ltr' id='par_1_115' title="bbox 1800 5145 2033 5202">
     <span class='ocr_line' id='line_1_118' title="bbox 1800 5145 2033 5202; baseline 0.009 -3"><span class='ocrx_word' id='word_1_900' title='bbox 1800 5145 2033 5202; x_wconf 61' lang='lat' dir='ltr'><strong>NOTAE.</strong></span> 
     </span>
    </p>
   </div>
   <div class='ocr_carea' id='block_1_116' title="bbox 358 5227 1849 5292">
    <p class='ocr_par' dir='ltr' id='par_1_116' title="bbox 358 5227 1849 5292">
     <span class='ocr_line' id='line_1_119' title="bbox 358 5227 1849 5292; baseline 0.006 -9"><span class='ocrx_word' id='word_1_901' title='bbox 358 5241 386 5269; x_wconf 74' lang='grc' dir='ltr'>ι</span> <span class='ocrx_word' id='word_1_902' title='bbox 410 5227 616 5292; x_wconf 83' lang='lat' dir='ltr'><strong>Capitis</strong></span> <span class='ocrx_word' id='word_1_903' title='bbox 651 5228 809 5287; x_wconf 88' lang='lat' dir='ltr'><strong>istius</strong></span> <span class='ocrx_word' id='word_1_904' title='bbox 829 5233 1108 5287; x_wconf 85' lang='lat' dir='ltr'><strong>historiam</strong></span> <span class='ocrx_word' id='word_1_905' title='bbox 1142 5233 1298 5288; x_wconf 91' lang='lat' dir='ltr'><strong>nobis</strong></span> <span class='ocrx_word' id='word_1_906' title='bbox 1325 5235 1659 5288; x_wconf 84' lang='lat' dir='ltr'><strong>conservavit</strong></span> <span class='ocrx_word' id='word_1_907' title='bbox 1685 5234 1849 5292; x_wconf 78' lang='lat' dir='ltr'><strong>Hinc-</strong></span> 
     </span>
    </p>
   </div>
   <div class='ocr_carea' id='block_1_117' title="bbox 1873 5237 3540 5313">
    <p class='ocr_par' dir='ltr' id='par_1_117' title="bbox 1873 5237 3540 5313">
     <span class='ocr_line' id='line_1_120' title="bbox 1873 5237 3540 5313; baseline -0.009 -11"><span class='ocrx_word' id='word_1_908' title='bbox 1873 5243 1927 5302; x_wconf 90' lang='lat'><strong>1)</strong></span> <span class='ocrx_word' id='word_1_909' title='bbox 1952 5241 2094 5313; x_wconf 82' lang='lat' dir='ltr'><strong>unde</strong></span> <span class='ocrx_word' id='word_1_910' title='bbox 2122 5240 2300 5313; x_wconf 82' lang='lat' dir='ltr'><strong>agitur</strong></span> <span class='ocrx_word' id='word_1_911' title='bbox 2321 5255 2483 5296; x_wconf 88' lang='lat' dir='ltr'><strong>causa</strong></span> <span class='ocrx_word' id='word_1_912' title='bbox 2505 5237 2744 5313; x_wconf 83' lang='lat' dir='ltr'><strong>omnium</strong></span> <span class='ocrx_word' id='word_1_913' title='bbox 2764 5246 2873 5313; x_wconf 82' lang='lat' dir='ltr'><strong>tam</strong></span> <span class='ocrx_word' id='word_1_914' title='bbox 2895 5237 3267 5313; x_wconf 77' lang='lat' dir='ltr'><strong>episcoporum</strong></span> <span class='ocrx_word' id='word_1_915' title='bbox 3292 5247 3453 5303; x_wconf 90' lang='lat' dir='ltr'><strong>quam</strong></span> <span class='ocrx_word' id='word_1_916' title='bbox 3481 5239 3540 5288; x_wconf 92' lang='lat' dir='ltr'><strong>et</strong></span> 
     </span>
    </p>
   </div>
   <div class='ocr_carea' id='block_1_118' title="bbox 291 5299 3541 5376">
    <p class='ocr_par' dir='ltr' id='par_1_118' title="bbox 291 5299 3541 5376">
     <span class='ocr_line' id='line_1_121' title="bbox 291 5299 3541 5376; baseline 0.003 -24"><span class='ocrx_word' id='word_1_917' title='bbox 291 5313 474 5352; x_wconf 88' lang='lat' dir='ltr'><strong>marus</strong></span> <span class='ocrx_word' id='word_1_918' title='bbox 494 5299 552 5376; x_wconf 78' lang='lat' dir='ltr'><strong>in</strong></span> <span class='ocrx_word' id='word_1_919' title='bbox 580 5299 810 5376; x_wconf 86' lang='lat' dir='ltr'><strong>libro_d_c</strong></span> <span class='ocrx_word' id='word_1_920' title='bbox 838 5302 1081 5376; x_wconf 83' lang='lat' dir='ltr'><strong>Divertio</strong></span> <span class='ocrx_word' id='word_1_921' title='bbox 1104 5302 1426 5376; x_wconf 79' lang='lat' dir='ltr'><strong>Lothariiet</strong></span> <span class='ocrx_word' id='word_1_922' title='bbox 1450 5303 1773 5376; x_wconf 65' lang='lat' dir='ltr'><strong>Thctbergae</strong></span> <span class='ocrx_word' id='word_1_923' title='bbox 1794 5308 1848 5362; x_wconf 91' lang='lat' dir='ltr'><strong>in</strong></span> <span class='ocrx_word' id='word_1_924' title='bbox 1878 5299 1909 5302; x_wconf 48' lang='grc'>⁷</span> <span class='ocrx_word' id='word_1_925' title='bbox 1958 5299 2189 5369; x_wconf 70' lang='lat' dir='ltr'><strong>ﬁdelium</strong></span> <span class='ocrx_word' id='word_1_926' title='bbox 2206 5310 2461 5366; x_wconf 87' lang='lat' dir='ltr'><strong>laicorum</strong></span> <span class='ocrx_word' id='word_1_927' title='bbox 2484 5309 2623 5364; x_wconf 82' lang='lat' dir='ltr'><strong>votis</strong></span> <span class='ocrx_word' id='word_1_928' title='bbox 2636 5299 3096 5370; x_wconf 53' lang='lat' dir='ltr'><strong>convenient-tibus,</strong></span> <span class='ocrx_word' id='word_1_929' title='bbox 3115 5307 3189 5361; x_wconf 85' lang='lat' dir='ltr'><strong>ita</strong></span> <span class='ocrx_word' id='word_1_930' title='bbox 3209 5299 3501 5376; x_wconf 69' lang='lat' dir='ltr'><strong>decernens</strong></span> <span class='ocrx_word' id='word_1_931' title='bbox 3519 5319 3541 5355; x_wconf 71' lang='grc' dir='ltr'>ε</span> 
     </span>
    </p>
   </div>
   <div class='ocr_carea' id='block_1_119' title="bbox 290 5369 1854 5518">
    <p class='ocr_par' dir='ltr' id='par_1_119' title="bbox 290 5369 1854 5518">
     <span class='ocr_line' id='line_1_122' title="bbox 290 5369 1846 5491; baseline 0.007 -71"><span class='ocrx_word' id='word_1_932' title='bbox 290 5369 638 5491; x_wconf 60' lang='grc' dir='ltr'><strong>ξθεὲοῃξὶοηθ</strong></span> <span class='ocrx_word' id='word_1_933' title='bbox 669 5369 736 5452; x_wconf 71' lang='lat' dir='ltr'><strong>ad</strong></span> <span class='ocrx_word' id='word_1_934' title='bbox 774 5371 1246 5455; x_wconf 75' lang='lat' dir='ltr'><strong>interrogationem</strong></span> <span class='ocrx_word' id='word_1_935' title='bbox 1273 5373 1511 5454; x_wconf 75' lang='lat' dir='ltr'><strong>quintam</strong></span> <span class='ocrx_word' id='word_1_936' title='bbox 1530 5413 1544 5437; x_wconf 95' lang='lat'><strong>,</strong></span> <span class='ocrx_word' id='word_1_937' title='bbox 1570 5369 1846 5445; x_wconf 61' lang='lat' dir='ltr'><strong>pag.&#39;509.</strong></span> 
     </span>
     <span class='ocr_line' id='line_1_123' title="bbox 290 5438 1854 5518; baseline 0.008 -30"><span class='ocrx_word' id='word_1_938' title='bbox 290 5452 343 5518; x_wconf 75' lang='lat' dir='ltr'><strong>tu</strong></span> <span class='ocrx_word' id='word_1_939' title='bbox 417 5438 623 5493; x_wconf 77' lang='lat' dir='ltr'><strong>dittone</strong></span> <span class='ocrx_word' id='word_1_940' title='bbox 646 5438 959 5518; x_wconf 55' lang='lat' dir='ltr'><strong>sumendi:</strong></span> <span class='ocrx_word' id='word_1_941' title='bbox 996 5440 1550 5518; x_wconf 30' lang='lat' dir='ltr'><strong>c_Nostri‘ettam_:ev_i</strong></span> <span class='ocrx_word' id='word_1_942' title='bbox 1576 5442 1854 5518; x_wconf 82' lang='lat' dir='ltr'><strong>Augustus</strong></span> 
     </span>
    </p>
   </div>
   <div class='ocr_carea' id='block_1_120' title="bbox 292 5509 1852 5583">
    <p class='ocr_par' dir='ltr' id='par_1_120' title="bbox 292 5509 1852 5583">
     <span class='ocr_line' id='line_1_124' title="bbox 292 5509 1852 5583; baseline 0.006 -23"><span class='ocrx_word' id='word_1_943' title='bbox 292 5509 392 5573; x_wconf 70' lang='lat' dir='ltr'><strong>piat</strong></span> <span class='ocrx_word' id='word_1_944' title='bbox 414 5520 689 5583; x_wconf 61' lang='lat' dir='ltr'><strong>memoriae</strong></span> <span class='ocrx_word' id='word_1_945' title='bbox 705 5509 1005 5583; x_wconf 70' lang='lat' dir='ltr'><strong>Ludovicus</strong></span> <span class='ocrx_word' id='word_1_946' title='bbox 1021 5511 1078 5583; x_wconf 6' lang='lat' dir='ltr'><strong>in,</strong></span> <span class='ocrx_word' id='word_1_947' title='bbox 1094 5512 1297 5583; x_wconf 78' lang='lat' dir='ltr'><strong>synodo</strong></span> <span class='ocrx_word' id='word_1_948' title='bbox 1318 5526 1380 5565; x_wconf 89' lang='lat' dir='ltr'><strong>ac</strong></span> <span class='ocrx_word' id='word_1_949' title='bbox 1397 5512 1597 5579; x_wconf 87' lang='lat' dir='ltr'><strong>placito</strong></span> <span class='ocrx_word' id='word_1_950' title='bbox 1612 5509 1852 5583; x_wconf 70' lang='lat' dir='ltr'><strong>generali</strong></span> 
     </span>
    </p>
   </div>
   <div class='ocr_carea' id='block_1_121' title="bbox 293 5575 1857 5654">
    <p class='ocr_par' dir='ltr' id='par_1_121' title="bbox 293 5575 1857 5654">
     <span class='ocr_line' id='line_1_125' title="bbox 293 5575 1857 5654; baseline 0.008 -27"><span class='ocrx_word' id='word_1_951' title='bbox 293 5576 430 5642; x_wconf 87' lang='lat' dir='ltr'><strong>apud</strong></span> <span class='ocrx_word' id='word_1_952' title='bbox 456 5575 829 5654; x_wconf 78' lang='lat' dir='ltr'><strong>Wormatiam,</strong></span> <span class='ocrx_word' id='word_1_953' title='bbox 856 5575 1163 5654; x_wconf 71' lang='lat' dir='ltr'><strong>apostolicae</strong></span> <span class='ocrx_word' id='word_1_954' title='bbox 1187 5581 1329 5654; x_wconf 80' lang='lat' dir='ltr'><strong>sedis</strong></span> <span class='ocrx_word' id='word_1_955' title='bbox 1358 5575 1414 5654; x_wconf 78' lang='lat' dir='ltr'><strong>et</strong></span> <span class='ocrx_word' id='word_1_956' title='bbox 1439 5575 1857 5654; x_wconf 57' lang='lat' dir='ltr'><strong>papgeCregorii</strong></span> 
     </span>
    </p>
   </div>
   <div class='ocr_carea' id='block_1_122' title="bbox 296 5648 1857 5734">
    <p class='ocr_par' dir='ltr' id='par_1_122' title="bbox 296 5648 1857 5734">
     <span class='ocr_line' id='line_1_126' title="bbox 296 5648 1857 5734; baseline 0.008 -38"><span class='ocrx_word' id='word_1_957' title='bbox 296 5656 629 5734; x_wconf 64' lang='lat' dir='ltr'><strong>commeantis</strong></span> <span class='ocrx_word' id='word_1_958' title='bbox 651 5648 847 5734; x_wconf 69' lang='lat' dir='ltr'><strong>legato,</strong></span> <span class='ocrx_word' id='word_1_959' title='bbox 875 5648 997 5705; x_wconf 78' lang='lat' dir='ltr'><strong>cum</strong></span> <span class='ocrx_word' id='word_1_960' title='bbox 1022 5651 1142 5705; x_wconf 89' lang='lat' dir='ltr'><strong>aliis</strong></span> <span class='ocrx_word' id='word_1_961' title='bbox 1165 5648 1634 5734; x_wconf 44' lang='lat' dir='ltr'><strong>plurimis—dehis</strong></span> <span class='ocrx_word' id='word_1_962' title='bbox 1661 5648 1780 5734; x_wconf 51' lang='lat' dir='ltr'><strong>quis</strong></span> <span class='ocrx_word' id='word_1_963' title='bbox 1800 5668 1857 5708; x_wconf 89' lang='lat' dir='ltr'><strong>e-</strong></span> 
     </span>
    </p>
   </div>
   <div class='ocr_carea' id='block_1_123' title="bbox 295 5719 1863 5860">
    <p class='ocr_par' dir='ltr' id='par_1_123' title="bbox 295 5719 1863 5860">
     <span class='ocr_line' id='line_1_127' title="bbox 295 5719 1862 5801; baseline 0.006 -32"><span class='ocrx_word' id='word_1_964' title='bbox 295 5719 497 5793; x_wconf 66' lang='lat' dir='ltr'><strong>piscopi</strong></span> <span class='ocrx_word' id='word_1_965' title='bbox 524 5719 580 5769; x_wconf 88' lang='lat' dir='ltr'><strong>in</strong></span> <span class='ocrx_word' id='word_1_966' title='bbox 615 5719 835 5799; x_wconf 79' lang='lat' dir='ltr'><strong>synodis</strong></span> <span class='ocrx_word' id='word_1_967' title='bbox 870 5729 1222 5801; x_wconf 66' lang='lat' dir='ltr'><strong>per-quatuor</strong></span> <span class='ocrx_word' id='word_1_968' title='bbox 1265 5720 1378 5774; x_wconf 81' lang='lat' dir='ltr'><strong>loca</strong></span> <span class='ocrx_word' id='word_1_969' title='bbox 1410 5721 1490 5775; x_wconf 88' lang='lat' dir='ltr'><strong>sui</strong></span> <span class='ocrx_word' id='word_1_970' title='bbox 1527 5719 1734 5789; x_wconf 82' lang='lat' dir='ltr'><strong>imperii</strong></span> <span class='ocrx_word' id='word_1_971' title='bbox 1764 5724 1862 5778; x_wconf 89' lang='lat' dir='ltr'><strong>ha-</strong></span> 
     </span>
     <span class='ocr_line' id='line_1_128' title="bbox 299 5781 1863 5860; baseline 0.008 -25"><span class='ocrx_word' id='word_1_972' title='bbox 299 5781 421 5840; x_wconf 75' lang='lat' dir='ltr'><strong>bitis</strong></span> <span class='ocrx_word' id='word_1_973' title='bbox 466 5799 771 5844; x_wconf 80' lang='lat' dir='ltr'><strong>necessario</strong></span> <span class='ocrx_word' id='word_1_974' title='bbox 796 5799 848 5843; x_wconf 92' lang='lat' dir='ltr'><strong>ct</strong></span> <span class='ocrx_word' id='word_1_975' title='bbox 878 5790 1074 5851; x_wconf 76' lang='lat' dir='ltr'><strong>utiliter</strong></span> <span class='ocrx_word' id='word_1_976' title='bbox 1111 5805 1281 5860; x_wconf 85' lang='lat' dir='ltr'><strong>nuper</strong></span> <span class='ocrx_word' id='word_1_977' title='bbox 1304 5790 1636 5858; x_wconf 87' lang='lat' dir='ltr'><strong>invenerant,</strong></span> <span class='ocrx_word' id='word_1_978' title='bbox 1668 5792 1734 5846; x_wconf 89' lang='lat' dir='ltr'><strong>de</strong></span> <span class='ocrx_word' id='word_1_979' title='bbox 1763 5794 1863 5847; x_wconf 82' lang='lat' dir='ltr'><strong>hac</strong></span> 
     </span>
    </p>
   </div>
   <div class='ocr_carea' id='block_1_124' title="bbox 1964 5372 3550 5449">
    <p class='ocr_par' dir='ltr' id='par_1_124' title="bbox 1964 5372 3550 5449">
     <span class='ocr_line' id='line_1_129' title="bbox 1964 5372 3550 5449; baseline -0.004 -16"><span class='ocrx_word' id='word_1_980' title='bbox 1964 5402 1982 5433; x_wconf 74' lang='grc' dir='ltr'>ι</span> <span class='ocrx_word' id='word_1_981' title='bbox 2011 5381 2347 5449; x_wconf 83' lang='lat' dir='ltr'><strong>Quicunque,</strong></span> <span class='ocrx_word' id='word_1_982' title='bbox 2377 5378 2575 5449; x_wconf 86' lang='lat' dir='ltr'><strong>inquit,</strong></span> <span class='ocrx_word' id='word_1_983' title='bbox 2591 5377 2803 5449; x_wconf 83' lang='lat' dir='ltr'><strong>propria</strong></span> <span class='ocrx_word' id='word_1_984' title='bbox 2825 5389 2994 5449; x_wconf 77' lang='lat' dir='ltr'><strong>uxore</strong></span> <span class='ocrx_word' id='word_1_985' title='bbox 3016 5376 3291 5439; x_wconf 89' lang='lat' dir='ltr'><strong>derelicta,</strong></span> <span class='ocrx_word' id='word_1_986' title='bbox 3319 5372 3401 5449; x_wconf 81' lang='lat' dir='ltr'><strong>vel</strong></span> <span class='ocrx_word' id='word_1_987' title='bbox 3422 5373 3550 5449; x_wconf 74' lang='lat' dir='ltr'><strong>sine</strong></span> 
     </span>
    </p>
   </div>
   <div class='ocr_carea' id='block_1_125' title="bbox 1964 5442 3545 5520">
    <p class='ocr_par' dir='ltr' id='par_1_125' title="bbox 1964 5442 3545 5520">
     <span class='ocr_line' id='line_1_130' title="bbox 1964 5442 3545 5520; baseline -0.004 -18"><span class='ocrx_word' id='word_1_988' title='bbox 1964 5470 1982 5502; x_wconf 75' lang='grc' dir='ltr'>ι</span> <span class='ocrx_word' id='word_1_989' title='bbox 2018 5442 2172 5520; x_wconf 72' lang='lat' dir='ltr'><strong>culpa</strong></span> <span class='ocrx_word' id='word_1_990' title='bbox 2202 5442 2503 5520; x_wconf 70' lang='lat' dir='ltr'><strong>interiecta,</strong></span> <span class='ocrx_word' id='word_1_991' title='bbox 2532 5442 2944 5520; x_wconf 43' lang='lat' dir='ltr'><strong>aliam—duxerit</strong></span> <span class='ocrx_word' id='word_1_992' title='bbox 2964 5460 3220 5520; x_wconf 59' lang='lat' dir='ltr'><strong>uxorem,</strong></span> <span class='ocrx_word' id='word_1_993' title='bbox 3255 5443 3420 5498; x_wconf 85' lang='lat' dir='ltr'><strong>armis</strong></span> <span class='ocrx_word' id='word_1_994' title='bbox 3448 5442 3545 5497; x_wconf 87' lang='lat' dir='ltr'><strong>de—</strong></span> 
     </span>
    </p>
   </div>
   <div class='ocr_carea' id='block_1_126' title="bbox 1967 5514 3549 5588">
    <p class='ocr_par' dir='ltr' id='par_1_126' title="bbox 1967 5514 3549 5588">
     <span class='ocr_line' id='line_1_131' title="bbox 1967 5514 3549 5588; baseline -0.004 -17"><span class='ocrx_word' id='word_1_995' title='bbox 1967 5540 1984 5571; x_wconf 82' lang='grc'><strong>‹</strong></span> <span class='ocrx_word' id='word_1_996' title='bbox 2020 5514 2209 5588; x_wconf 74' lang='lat' dir='ltr'><strong>positis</strong></span> <span class='ocrx_word' id='word_1_997' title='bbox 2234 5514 2501 5588; x_wconf 83' lang='lat' dir='ltr'><strong>publicam</strong></span> <span class='ocrx_word' id='word_1_998' title='bbox 2526 5524 2646 5587; x_wconf 85' lang='lat' dir='ltr'><strong>agat</strong></span> <span class='ocrx_word' id='word_1_999' title='bbox 2668 5515 3060 5588; x_wconf 72' lang='lat' dir='ltr'><strong>pmnitcntiam.</strong></span> <span class='ocrx_word' id='word_1_1000' title='bbox 3090 5514 3224 5588; x_wconf 31' lang='lat' dir='ltr'><strong>EtAsi</strong></span> <span class='ocrx_word' id='word_1_1001' title='bbox 3251 5522 3549 5588; x_wconf 62' lang='lat' dir='ltr'><strong>contumax</strong></span> 
     </span>
    </p>
   </div>
   <div class='ocr_carea' id='block_1_127' title="bbox 1968 5536 3546 5659">
    <p class='ocr_par' dir='ltr' id='par_1_127' title="bbox 1968 5536 3546 5659">
     <span class='ocr_line' id='line_1_132' title="bbox 1968 5536 3546 5588; baseline -0.004 -17"><span class='ocrx_word' id='word_1_1002' title='bbox 1968 5540 1984 5571; x_wconf 75' lang='grc' dir='ltr'>ι</span> <span class='ocrx_word' id='word_1_1003' title='bbox 2057 5536 2209 5575; x_wconf 80' lang='lat' dir='ltr'>OSIUS</span> <span class='ocrx_word' id='word_1_1004' title='bbox 2234 5536 2501 5588; x_wconf 81' lang='lat' dir='ltr'><strong>pumtcam</strong></span> <span class='ocrx_word' id='word_1_1005' title='bbox 2526 5536 2646 5587; x_wconf 79' lang='lat' dir='ltr'><strong>agat</strong></span> <span class='ocrx_word' id='word_1_1006' title='bbox 2668 5536 3060 5586; x_wconf 66' lang='lat' dir='ltr'><strong>pwllllcnllﬂﬂl.</strong></span> <span class='ocrx_word' id='word_1_1007' title='bbox 3090 5536 3157 5569; x_wconf 71' lang='grc' dir='ltr'><strong>ιιι</strong></span> <span class='ocrx_word' id='word_1_1008' title='bbox 3179 5536 3224 5570; x_wconf 84' lang='lat' dir='ltr'><strong>SI</strong></span> <span class='ocrx_word' id='word_1_1009' title='bbox 3251 5536 3546 5571; x_wconf 60' lang='lat' dir='ltr'><strong>contumax</strong></span> 
     </span>
     <span class='ocr_line' id='line_1_133' title="bbox 1968 5536 3546 5659; baseline -0.004 -18"><span class='ocrx_word' id='word_1_1010' title='bbox 1968 5610 1985 5641; x_wconf 84' lang='grc'><em>‹</em></span> <span class='ocrx_word' id='word_1_1011' title='bbox 2020 5536 2197 5653; x_wconf 41' lang='lat' dir='ltr'><strong>inerit,</strong></span> <span class='ocrx_word' id='word_1_1012' title='bbox 2230 5587 2711 5659; x_wconf 77' lang='lat' dir='ltr'><strong>comprehendatur</strong></span> <span class='ocrx_word' id='word_1_1013' title='bbox 2738 5601 2767 5638; x_wconf 85' lang='lat' dir='ltr'><strong>a</strong></span> <span class='ocrx_word' id='word_1_1014' title='bbox 2798 5585 3012 5659; x_wconf 80' lang='lat' dir='ltr'><strong>comite,</strong></span> <span class='ocrx_word' id='word_1_1015' title='bbox 3058 5593 3113 5640; x_wconf 90' lang='lat' dir='ltr'><strong>et</strong></span> <span class='ocrx_word' id='word_1_1016' title='bbox 3159 5584 3303 5659; x_wconf 73' lang='lat' dir='ltr'><strong>ferro</strong></span> <span class='ocrx_word' id='word_1_1017' title='bbox 3334 5582 3546 5638; x_wconf 81' lang='lat' dir='ltr'><strong>vincia-</strong></span> 
     </span>
    </p>
   </div>
   <div class='ocr_carea' id='block_1_128' title="bbox 1969 5656 3551 5721">
    <p class='ocr_par' dir='ltr' id='par_1_128' title="bbox 1969 5656 3551 5721">
     <span class='ocr_line' id='line_1_134' title="bbox 1969 5656 3551 5721; baseline -0.003 -10"><span class='ocrx_word' id='word_1_1018' title='bbox 1969 5680 1986 5711; x_wconf 85' lang='grc'><strong>‹</strong></span> <span class='ocrx_word' id='word_1_1019' title='bbox 2020 5668 2125 5721; x_wconf 90' lang='lat' dir='ltr'><strong>tur,</strong></span> <span class='ocrx_word' id='word_1_1020' title='bbox 2146 5667 2200 5713; x_wconf 92' lang='lat' dir='ltr'><strong>et</strong></span> <span class='ocrx_word' id='word_1_1021' title='bbox 2229 5658 2281 5712; x_wconf 91' lang='lat' dir='ltr'><strong>iu</strong></span> <span class='ocrx_word' id='word_1_1022' title='bbox 2303 5656 2599 5712; x_wconf 80' lang='lat' dir='ltr'><strong>custodiam</strong></span> <span class='ocrx_word' id='word_1_1023' title='bbox 2628 5657 2875 5717; x_wconf 84' lang='lat' dir='ltr'><strong>mittatur</strong></span> <span class='ocrx_word' id='word_1_1024' title='bbox 2903 5656 3071 5711; x_wconf 87' lang='lat' dir='ltr'><strong>donec</strong></span> <span class='ocrx_word' id='word_1_1025' title='bbox 3098 5671 3186 5712; x_wconf 86' lang='lat' dir='ltr'><strong>res</strong></span> <span class='ocrx_word' id='word_1_1026' title='bbox 3208 5656 3277 5711; x_wconf 86' lang='lat' dir='ltr'><strong>ad</strong></span> <span class='ocrx_word' id='word_1_1027' title='bbox 3301 5663 3551 5711; x_wconf 74' lang='lat' dir='ltr'><strong>nostratis</strong></span> 
     </span>
    </p>
   </div>
   <div class='ocr_carea' id='block_1_129' title="bbox 1974 5726 2891 5784">
    <p class='ocr_par' dir='ltr' id='par_1_129' title="bbox 1974 5726 2891 5784">
     <span class='ocr_line' id='line_1_135' title="bbox 1974 5726 2891 5784; baseline -0.004 -2"><span class='ocrx_word' id='word_1_1028' title='bbox 1974 5747 1993 5779; x_wconf 83' lang='grc'><strong><em>‹</em></strong></span> <span class='ocrx_word' id='word_1_1029' title='bbox 2026 5728 2269 5784; x_wconf 87' lang='lat' dir='ltr'><strong>notitiam</strong></span> <span class='ocrx_word' id='word_1_1030' title='bbox 2300 5730 2610 5783; x_wconf 74' lang='lat' dir='ltr'><strong>deducatur.</strong></span> <span class='ocrx_word' id='word_1_1031' title='bbox 2645 5747 2661 5778; x_wconf 73' lang='grc' dir='ltr'><strong><em>ι</em></strong></span> <span class='ocrx_word' id='word_1_1032' title='bbox 2697 5726 2891 5780; x_wconf 68' lang='lat' dir='ltr'><strong>Bstvz.</strong></span> 
     </span>
    </p>
   </div>
  </div>
