3974 6134
423 289 526 346 659

1228 291 1289 346 Β.
1325 291 1570 349 CAROLI
1613 293 1824 350 MAGNI
1858 293 2006 350 OPP.
2048 291 2226 347 PARS
2259 294 2297 348 l.
2331 294 2570 352 SECTIO
2609 296 2835 352 PRIMA.

3567 305 3669 361 6'40

422 401 748 456 continetur.
801 421 820 452 ι
852 401 909 457 Si
953 402 1073 470 quis
1093 401 1268 470 aliqua
1308 403 1628 458 necessitate
1645 411 1870 473 cogente
1890 403 1988 457 ho-
2019 407 2066 463 Α
2095 401 2196 456 bus
2220 399 2286 455 ad
2313 402 2395 455 ius
2416 403 2530 456 ﬁsci
2552 404 2718 457 nostri
2738 403 3128 471 pertinentibus
3155 404 3396 462 facienda
3427 418 3534 473 est,
3563 427 3671 465 non

421 491 700 547 micidium
744 491 1032 554 commisit,
1081 505 1262 545 comes
1306 491 1361 545 in
1407 491 1560 545 cuius
1586 492 1888 546 ministerio
1908 505 1997 546 res

421 587 727 647 perpetrata
751 589 855 642 est,
885 585 942 630 et
979 578 1423 646 compositionem
1469 579 1676 634 solvere
1701 587 1755 634 et
1793 579 1997 634 faidam

419 681 517 733 per
538 673 930 721 sacramentum
959 666 1244 734 paciﬁcare
1265 666 1446 722 faciat.
1479 666 1631 734 Quod
1661 668 1706 721 si
1737 683 1842 722 una
1863 682 1996 736 pars

419 755 471 808 ei
495 755 562 808 ad
583 754 1011 809 hoc.consentire
1024 755 1276 819 noluerit,
1301 755 1356 810 id
1380 765 1462 811 est
1483 764 1576 810 aut
1601 757 1690 810 ille
1711 758 1802 826 qui
1825 758 1994 812 homi-

419 842 621 896 cidium
654 843 956 907 commisit,
985 851 1078 897 aut
1103 843 1150 898 is
1181 844 1273 913 qui
1304 845 1726 914 conpositionem
1754 845 1996 913 recipere

419 931 599 998 debet,
641 933 805 988 faciat
846 934 998 990 illum
1025 935 1118 1003 qui
1157 935 1208 990 ei
1247 944 1537 991 contumax
1564 937 1726 992 fuerit
1747 939 1814 993 ad
1843 953 1996 1006 prae-

419 1025 649 1080 sentiam
674 1035 912 1083 nostram
935 1026 1136 1090 venire,
1164 1034 1225 1080 ut
1247 1028 1314 1081 ad
1345 1036 1555 1096 tempus
1581 1043 1704 1082 eum
1735 1029 1877 1096 quod
1901 1043 1997 1082 no-

417 1113 502 1168 bis
521 1113 782 1182 placuerit
801 1116 855 1168 in
877 1115 1040 1169 exilio
1063 1116 1356 1179 mittamus,
1387 1115 1557 1171 donec
1581 1118 1652 1172 ibi
1677 1118 1992 1186 eastigetur,

417 1211 477 1257 ut
501 1205 686 1264 comiti
720 1221 820 1262 suo
859 1203 1212 1260 inoboediens
1240 1221 1360 1261 esse
1393 1205 1618 1260 ulterius
1644 1221 1750 1260 non
1777 1207 1990 1269 audeat,

415 1302 473 1348 et
493 1292 666 1351 maius
690 1293 978 1361 dampnum
1007 1291 1132 1348 inde
1165 1309 1272 1348 non
1299 1293 1599 1349 adcrescat.
1633 1313 1652 1346 ι

773 1405 1112 1463 CAPITULA
1161 1405 1382 1462 MlSSlS
1420 1407 1622 1461 DATA.

863 1532 992 1574 ITEI
1032 1531 1154 1570 ALlA
1191 1531 1451 1570 currum
1493 1515 1534 1568 ⁸.

489 1607 538 1659 l.
568 1606 829 1661 Volumus
859 1615 916 1660 ut
940 1622 1128 1661 omnes
1159 1607 1181 1637 ¹
1207 1621 1294 1660 res
1330 1605 1722 1661 ecclesiasticae
1749 1621 1813 1661 eo
1837 1607 1995 1661 modo

416 1699 810 1760 contineantur,
842 1697 980 1752 sicut
1006 1713 1092 1752 res
1132 1695 1198 1750 ad
1225 1697 1413 1751 ﬁscum
1448 1705 1692 1750 nostrum
1715 1697 1991 1752 continere

416 1789 610 1850 solent,
639 1803 811 1856 usque
834 1789 958 1842 dum
983 1803 1082 1842 nos
1104 1789 1172 1842 ad
1195 1787 1441 1856 generale
1461 1787 1714 1856 placitum
1745 1797 1990 1842 nostrum

413 1891 536 1930 cum
564 1875 806 1931 ﬁdelibus
833 1877 1030 1930 nostris
1063 1876 1440 1940 invenerimus,
1474 1885 1528 1930 et
1548 1877 1991 1932 constituerimus

415 1964 648 2034 qualiter
675 1965 731 2019 in
770 1963 1009 2019 futurum
1039 1965 1104 2020 de
1137 1965 1220 2020 his
1256 1964 1370 2020 ﬁeri
1398 1966 1608 2020 debeat.

478 2054 532 2107 2.
582 2055 714 2109 Item
740 2055 1004 2119 volumus,
1036 2064 1096 2110 ut
1121 2056 1297 2110 omnis
1328 2055 1607 2125 inquisitio
1633 2071 1769 2126 quae
1793 2057 1861 2112 de
1904 2072 1991 2113 re-

483 2189 516 2242 5
541 2190 581 2242 ⁸.
615 2189 873 2245 Volumus
895 2197 1056 2258 atque
1085 2189 1350 2256 iubemus,
1395 2197 1456 2244 ut
1491 2189 1637 2243 missi
1665 2189 1835 2244 nostri
1865 2189 1985 2244 dili-

411 2289 599 2350 genter
630 2280 926 2349 inquirant,
965 2280 1148 2348 quanti
1184 2279 1429 2336 homines
1465 2280 1618 2335 liberi
1657 2280 1712 2334 in
1757 2279 1984 2351 singulis

411 2371 754 2426 comitatibus
782 2379 1032 2426 maneant
1057 2372 1147 2440 qui
1184 2372 1390 2439 possint
1412 2371 1806 2440 expeditionem
1829 2386 1985 2427 exer-

413 2463 628 2518 citalem
651 2477 747 2531 per
774 2478 832 2517 se
855 2461 1052 2526 facere,
1078 2462 1161 2515 vel
1183 2463 1368 2531 quanti
1397 2462 1462 2516 de
1487 2462 1572 2517 his
1592 2463 1683 2531 qui
1707 2477 1738 2516 a
1778 2463 1985 2518 duobus

409 2553 602 2606 tertius
621 2552 839 2606 adiutus
865 2560 920 2607 et
943 2559 1309 2621 praeparatus,
1333 2559 1387 2606 et
1413 2553 1478 2606 de
1499 2551 1584 2605 bis
1609 2551 1700 2618 qui
1745 2565 1776 2604 a
1814 2551 1988 2606 tribus

408 2650 634 2710 quartus
660 2641 876 2697 adiutus
897 2650 952 2697 et
976 2651 1347 2712 praeparatus,
1390 2651 1448 2698 et
1470 2643 1535 2697 de
1556 2641 1642 2696 bis
1659 2641 1750 2709 qui
1773 2657 1804 2696 a
1826 2650 1985 2710 quat-

411 2739 533 2786 tuor
557 2731 778 2799 quintus
797 2730 882 2784 vel
907 2740 1093 2786 sextus
1117 2731 1331 2786 adiutus
1355 2739 1410 2786 et
1431 2736 1780 2800 praeparatus
1805 2727 1872 2782 ad
1900 2743 1988 2783 ex-

407 2821 736 2888 peditionem
762 2821 1106 2877 exercitalem
1133 2821 1310 2878 facere
1329 2839 1344 2890 ;
1370 2822 1632 2892 nobisque
1651 2833 1748 2890 per
1767 2819 1985 2875 brevem

407 2927 596 2968 eorum
623 2928 888 2968 summam
917 2911 1160 2969 deferant
1181 2912 1223 2967 '.

2094 504 2192 558 per
2221 498 2386 544 testes
2413 491 2504 558 qui
2539 491 2781 559 producti
2823 491 3040 555 fuerint,
3073 494 3168 548 sed
3207 509 3306 563 per
3337 497 3458 552 illos
3481 501 3576 566 qui
3617 501 3672 554 in

2093 594 2160 635 eo
2198 581 2454 637 comitatu
2484 582 2733 637 meliores
2766 590 2821 636 et
2840 585 3144 639 veraciores
3177 601 3299 641 esse
3333 604 3675 658 cognoscun-

2093 677 2202 733 tur,
2226 685 2324 739 per
2348 670 2560 727 illorum
2585 672 2948 726 testimonium
2977 674 3258 742 inquisitio
3287 676 3408 740 ﬁat,
3440 687 3498 732 et
3524 679 3674 735 iuxta

2093 759 2237 827 quod
2281 759 2355 813 illi
2405 759 2528 814 inde
2563 761 2584 791 ³
2628 761 2898 815 testiﬁcati
2927 762 3144 828 fuerint,
3182 765 3265 819 vel
3289 768 3669 823 contineantur

2093 849 2178 904 vel
2206 850 2512 904 reddantur.

2163 938 2218 992 5.
2266 938 2396 991 Item
2441 939 2708 1004 volumus,
2744 949 2805 995 ut
2829 941 2894 996 de
2927 941 3090 997 rebus
3117 957 3252 1012 quas
3293 957 3320 985 ι
3348 945 3678 1002 Mahtfridns

2095 1040 2193 1094 per
2236 1027 2446 1081 diversa
2474 1027 2590 1082 loca
2623 1036 2678 1082 et
2703 1043 2800 1096 per
2820 1029 3060 1084 diversos
3085 1030 3332 1086 homines
3353 1034 3658 1102 adquisivit

2096 1113 2194 1183 ipsi
2222 1115 2314 1183 qui
2339 1117 2556 1171 easdem
2579 1132 2668 1172 res
2688 1118 2738 1172 ci
2763 1119 3024 1173 dederunt
3049 1120 3468 1192 interrogentur,
3493 1125 3543 1179 si
3573 1125 3674 1179 alt-

2094 1204 2216 1271 quis
2251 1219 2436 1259 eorum
2461 1219 2555 1260 eas
2577 1215 2820 1275 repetere
2855 1207 3001 1261 velit.
3036 1207 3105 1261 Et
3130 1209 3456 1279 quicumque
3483 1213 3594 1267 hoc
3617 1229 3679 1268 se

2093 1292 2229 1347 velle
2274 1295 2719 1362 pronuntiaverit,
2749 1298 2816 1351 ad
2841 1299 3089 1368 generale
3121 1300 3380 1370 placitum
3415 1312 3676 1360 nostrum

2096 1387 2279 1442 venire
2301 1389 2563 1454 iubeatur,
2590 1400 2651 1446 ut
2672 1392 2796 1449 inde
2819 1409 2942 1449 cum
2969 1397 3157 1452 eodem
3185 1397 3474 1457 Mahtfrido
3502 1404 3677 1460 ratio-

2095 1490 2218 1530 nem
2243 1478 2442 1532 habere
2460 1480 2653 1548 possit.

2162 1565 2217 1620 4.
2251 1567 2528 1634 Volumus,
2559 1577 2620 1623 ut
2641 1569 2788 1625 missi
2827 1573 2998 1627 nostri
3023 1588 3120 1642 per
3146 1563 3312 1631 totam
3337 1576 3677 1648 legationem

2095 1669 2245 1709 suam
2267 1655 2442 1724 primo
2462 1658 2701 1712 omnium
2724 1659 3014 1728 inquirant,
3041 1663 3129 1731 qui
3148 1663 3257 1718 sint
3281 1666 3346 1720 de
3364 1666 3553 1721 liberis
3572 1669 3677 1721 ho-

2021 1743 2067 1802 B
2094 1744 2326 1800 minibus
2345 1747 2435 1813 qui
2459 1745 2770 1803 ﬁdelitatem
2792 1751 2946 1806 nobis
2967 1753 3201 1808 nondum
3223 1757 3549 1824 promissum
3575 1759 3678 1813 ha-

2091 1833 2271 1897 beant,
2311 1841 2366 1887 et
2404 1833 2602 1890 faciant
2636 1837 2759 1893 illos
2789 1853 2906 1893 eam
2939 1842 3254 1909 promittere
3277 1845 3417 1900 sicut
3435 1863 3678 1902 consue-

2090 1923 2219 1978 tudo
2239 1938 2450 1993 semper
2471 1927 2597 1992 fuit;
2623 1936 2678 1982 et
2695 1938 2880 1998 postea
2896 1931 3156 2002 incipiant
3169 1934 3494 2005 legationem
3511 1954 3679 1993 suam

2089 2024 2189 2080 per
2209 2017 2389 2067 cetera
2421 2015 2654 2084 capitula
2677 2032 2956 2089 peragere.

2159 2187 2194 2242 5
2227 2189 2267 2242 ⁸.
2313 2189 2568 2246 Volumus
2591 2200 2752 2262 atque
2779 2193 3045 2262 iubemus,
3083 2205 3140 2251 ut
3163 2197 3312 2252 missi
3343 2200 3519 2254 nostri
3548 2201 3678 2255 dili-

2087 2287 2276 2346 genter
2325 2280 2632 2350 inquirant,
2673 2285 2859 2352 quanti
2889 2284 3044 2339 liberi
3072 2285 3315 2342 homines
3359 2288 3412 2342 in
3441 2289 3679 2356 singulis

2089 2367 2433 2424 comitatibus
2457 2380 2726 2424 maneant.
2751 2371 2890 2427 Hinc
2919 2383 3046 2429 vero
3067 2389 3128 2428 ea
3153 2373 3423 2443 diligentia
3453 2385 3508 2430 et
3533 2378 3679 2434 haec

2091 2458 2229 2511 ratio
2253 2459 2590 2514 examinetur
2613 2474 2710 2528 per
2733 2460 2973 2530 singulas
3007 2470 3278 2527 centenas,
3311 2473 3371 2517 ut
3398 2466 3677 2520 veraciter

2089 2545 2264 2600 s'ciant
2309 2545 2429 2601 illos
2457 2556 2618 2616 atque
2647 2548 2957 2606 describant
2994 2551 3086 2620 qui
3128 2553 3181 2606 in
3211 2555 3561 2609 exercitalem
3589 2555 3677 2611 ire

2085 2648 2311 2704 possunt
2337 2637 2761 2706 expeditionem;
2797 2655 2860 2696 ac
2882 2641 3074 2696 deinde
3089 2643 3336 2698 videlicet
3361 2645 3667 2701 secundum

2087 2724 2331 2781 ordinem
2367 2726 2437 2781 de
2480 2727 2566 2782 his
2591 2727 2682 2798 qui
2706 2743 2806 2797 per
2833 2745 2892 2785 se
2928 2731 3007 2786 ire
3050 2745 3155 2787 non
3182 2741 3424 2802 possunt,
3462 2742 3522 2788 ut
3560 2735 3674 2790 duo

2087 2813 2306 2868 tertium
2339 2813 2664 2869 adiutorium
2693 2826 2903 2885 parent.
2932 2819 2999 2873 Et
3024 2820 3116 2894 qui
3144 2822 3370 2876 necdum
3412 2824 3574 2877 nobis
3605 2824 3674 2877 li-

2088 2902 2359 2958 delitatem
2384 2905 2768 2972 promiserunt,
2793 2921 2914 2960 cum
2941 2918 3279 2966 sacramento
3309 2911 3462 2966 nobis
3492 2910 3673 2967 ﬁdeli-

2090 3000 2254 3048 tatem
2285 2995 2598 3064 promittere
2623 2993 2821 3052 faciant
2845 2997 2866 3029 '
2894 2996 2945 3051 δ.

1623 3123 2011 3180 VARIANTES
2059 3122 2458 3180 LECTIONES.

481 3241 498 3271 ¹
537 3241 718 3296 missis
741 3239 864 3294 data
901 3255 967 3293 ea:
992 3238 1144 3291 codd.
1175 3239 1222 3291 l.
1253 3248 1300 3291 et
1327 3236 1379 3290 5.
1409 3237 1465 3290 in
1493 3236 1511 3289 l
1539 3253 1586 3290 c.
1616 3237 1821 3290 nonnisi
1864 3252 1925 3288 ca

481 3311 591 3355 ἴρηκι
613 3310 666 3355 Ξῖ-
743 3309 850 3355 'rle
882 3310 932 3355 Ι-
1005 3307 1108 3355 ‘ea:
1129 3307 1312 3355 cocti.
1391 3307 1414 3338 ⁸
1439 3306 1554 3355 eod.
1610 3305 1663 3355 5.
1701 3305 1826 3355 haec

410 3311 591 3364 ‘dcest
613 3310 666 3364 5.
743 3309 850 3364 'de
882 3310 932 3362 l.
1005 3307 1108 3361 ‘ea:
1129 3307 1312 3361 codd.
1391 3306 1554 3359 'eod.
1610 3305 1663 3357 5.
1701 3305 1826 3359 haec
1870 3322 1901 3356 ιι

410 3389 591 3434 mento
614 3380 767 3435 nobis
805 3379 1114 3434 ﬁdelitatem
1143 3378 1457 3444 promittere
1482 3375 1702 3430 faciant.

409 3450 536 3502 dum
560 3449 826 3503 inseritur.
901 3450 921 3481 "
952 3446 1164 3501 faciatis
1184 3447 1268 3501 ed.

1997 3273 2013 3289 .
2045 3235 2094 3288 Ι.
2124 3245 2170 3287 et
2191 3235 2243 3288 2.
2293 3235 2566 3290 habentur.
2606 3237 2873 3294 Desuntet
2917 3239 2971 3292 in
2991 3240 3144 3294 codd.
3199 3241 3283 3296 Bl.
3326 3241 3483 3297 ϐαιὴ.
3520 3243 3667 3299 Μαι.

1998 3315 2016 3376 t
2045 3320 2063 3358 :
2111 3304 2177 3358 Et
2214 3305 2303 3376 qui
2331 3307 2566 3376 nondum
2593 3307 2901 3362 ﬁdelitatem
2925 3310 3442 3376 promiserunt,cum
3473 3331 3670 3370 sacra-

1791 3377 1812 3406 ⁶
1832 3389 1896 3428 ex
1915 3374 2032 3427 cod.
2058 3376 2110 3430 5.
2130 3385 2177 3429 et
2201 3375 2426 3430 editione
2448 3374 2735 3443 Sirmondi,
2765 3378 2850 3433 ubi
2871 3374 2984 3449 post
3003 3389 3156 3449 caput
3181 3379 3214 3435 6
3239 3380 3436 3452 legibus
3463 3385 3672 3439 adden—

1877 3521 1885 3528 ’
1930 3551 2158 3609 nom.

483 3689 507 3716 α
534 3675 728 3729 Comes
747 3671 1169 3726 Aurelianensis.
1196 3671 1330 3741 Vide
1351 3678 1506 3724 notas
1529 3669 1596 3724 ad
1611 3667 1979 3741 Agebardum,
2007 3666 2055 3729 ο
2085 3667 2358 3741 Ceterum,
2388 3667 2434 3723 si
2457 3668 2942 3741 impleti‘sgtriginta
2969 3668 3122 3724 annis
3151 3678 3312 3741 terra,
3343 3686 3373 3725 a
3401 3687 3671 3741 quocum-

410 3760 530 3815 pag.
558 3744 644 3820 78.
775 3742 958 3796 eodem
981 3750 1120 3820 puto
1134 3740 1220 3810 agi
1247 3741 1300 3820 in
1319 3748 1589 3820 praecepto
1611 3737 1853 3820 Letharii
1885 3738 1986 3791 im-

411 3807 531 3884 per.
560 3813 704 3884 edito
739 3812 881 3884 inter
913 3807 1259 3884 probationes
1283 3807 1522 3884 historia:
1549 3807 1984 3884 Trenol'chianm,

413 3877 534 3954 pag.
571 3881 697 3954 26],
747 3880 838 3934 ubi
886 3877 1108 3936 vocatur
1138 3897 1157 3930 ι
1203 3878 1492 3934 Matfredus
1521 3877 1603 3932 vir
1645 3877 1869 3932 inluster
1895 3892 1987 3932 co-

415 3952 548 4008 inés.
582 3972 600 4002 ι
629 3952 824 4005 Βλιυι.

483 4024 510 4061 ι)
543 4020 832 4090 Sequentia
857 4018 1235 4090 triaieapitula,
1264 4023 1772 4090 quiegsumptasunt
1812 4030 1878 4090 ex
1923 4014 1986 4069 li—

409 4095 509 4148 bro
531 4084 706 4161 legtitn
728 4084 1188 4161 Burgundiearuni
1207 4084 1349 4161 etes
1590 4084 1982 4161 Theodosiano,

447 4153 679 4228 eseripta
702 4153 1042 4280 raperiuntur
1071 4157 1126 4210 in
1151 4156 1440 4214 Codicibus
1467 4155 1710 4210 Palatino
1731 4163 1787 4208 et
1811 4153 1983 4236 sancti

447 4228 681 4280 ’incentii
774 4226 999 4280 ettensis
1033 4226 1214 4280 statim
1247 4235 1370 4280 post
1411 4225 1688 4280 superiora
1727 4223 1982 4279 Ludovici

413 4223 681 4286 Vincentii
724 4223 999 4282 Mettensis
1033 4226 1214 4280 statim
1247 4235 1389 4296 post_
1411 4225 1688 4296 superiora
1727 4223 1982 4296 Ludovici

407 4300 490 4353 Pii
519 4296 770 4366 capitula.
802 4297 1005 4366 Regino
1027 4310 1154 4366 vero
1175 4293 1341 4366 abbas
1361 4293 1692 4366 Prttmiensis
1725 4309 1788 4347 ea
1820 4293 1986 4348 refert

408 4385 477 4422 ex
517 4362 906 4432 capitularibus
931 4364 1168 4432 ejusdem
1193 4363 1465 4418 Ludovici.
1510 4362 1590 4417 οι)
1621 4377 1740 4432 eam
1765 4377 1980 4417 causam

410 4453 508 4491 nos
542 4431 631 4490 illa
667 4435 756 4489 hic
779 4431 977 4489 omissa
1002 4433 1288 4493 noluimus.
1321 4441 1430 4486 tum
1453 4431 1616 4486 etiam
1654 4431 1778 4493 quia
1815 4432 1982 4485 multa

409 4507 520 4560 illic
561 4507 770 4560 diversa
805 4511 931 4573 sunt
955 4519 985 4556 a
1012 4502 1241 4573 vulgatis
1269 4501 1608 4573 Editionibus
1639 4499 1861 4573 illarum
1908 4501 1983 4556 le-

445 4591 554 4629 um.
581 4568 1210 4628 Bttuz.-—-Contulimus
1236 4586 1299 4625 ea
1325 4585 1447 4624 cum
1469 4568 1600 4624 Cod.
1631 4569 1684 4632 9,
1712 4570 1800 4623 ubi
1824 4584 1978 4638 capp.

445 4593 554 4629 um.
581 4593 1210 4628 ῠλιυῑο--υοιιιιιιιῐιιιιδ
1236 4593 1299 4625 ea
1325 4593 1447 4624 CIIII!
1469 4593 1600 4624 wu.
1631 4593 1684 4632 υ,
1713 4593 1800 4623 LIIII
1824 4593 1978 4638 tulpp.

407 4593 510 4698 get
531 4644 567 4697 2
591 4658 688 4713 pro
717 4658 823 4713 uno
842 4641 1314 4713 num_erantur._c_l.
1332 4638 1408 4713 pe
1427 4639 1760 4713 inscriptione
1788 4648 1984 4713 tempof

407 4731 544 4768 rum.
574 4707 725 4766 Licet
749 4710 1067 4780 iampridem
1090 4726 1119 4780 a
1143 4709 1298 4764 nobis
1326 4707 1501 4780 fuerat
1519 4707 1823 4780 ordinatum
1849 4707 1910 4761 ut
1933 4709 1980 4762 si

405 4784 527 4854 quis
560 4783 616 4837 in
652 4777 1073 4854 populo'nostro
1103 4779 1368 4854 barbarae
1385 4777 1618 4854 nationis
1638 4790 1865 4854 persona
1887 4787 1982 4831 aut

407 4847 461 4907 in
503 4868 560 4908 re
582 4847 677 4907 sua
700 4847 1022 4906 consisteret
1056 4856 1146 4902 aut
1171 4849 1332 4902 alium
1356 4847 1654 4909 invitasset,
1677 4855 1770 4899 aut
1791 4847 1838 4900 si
1876 4855 1982 4901 ter-

407 4940 522 4977 mm
573 4923 644 4977 ad
683 4920 1031 4976 habitandum
1066 4918 1402 4973 voluntarius
1445 4916 1776 4985 deputasset,
1809 4931 1982 4984 eaque

2087 3738 2374 3815 queetiam
2400 3737 2624 3815 pervasa
2642 3737 3058 3815 fuisse—dicetur,
3081 3740 3372 3815 non‘fuerit
3387 3737 3664 3808 restituta,

2085 3807 2220 3861 nihil
2245 3807 2348 3878 sibi
2373 3807 2696 3862 reddendum
2717 3823 2834 3863 esse
2859 3807 3162 3878 eo'gnoscat.
3189 3808 3527 3878 Quapropter
3546 3807 3670 3868 om;

2085 3891 2181 3947 ncs
2207 3877 2450 3936 comites.
2476 3878 2699 3947 quoties,
2715 3878 2781 3932 de
2803 3877 3026 3947 privatis
3051 3879 3228 3944 causis
3248 3877 3524 3947 contentio
3549 3883 3669 3937 fue-

2085 3946 2191 4026 rit“
2207 3955 2476 4016 generata,
2503 3946 3088 4026 secundum’ordinem
3100 3949 3234 4026 legis
3263 3946 3280 4020 [
3307 3949 3465 4026 istius
3490 3951 3616 4006 Bal.
3647 3954 3667 4026 ]

2085 4015 2323 4087 iudieare
2371 4017 2653 4087 curabunt.
2689 4016 2755 4087 Et
2786 4016 2911 4085 quia
2946 4017 3127 4087 omnia
3159 4015 3226 4071 ad
3264 4015 3500 4087 quietem
3547 4015 3668 4076 om:

2084 4085 2233 4159 nium
2278 4085 2598 4159 pertinentia
2634 4101 2700 4140 ex
2737 4085 2854 4159 lege
2896 4086 3145 4142 convenit
3184 4085 3484 4159 provideri,
3525 4106 3668 4159 quas

2081 4155 2302 4226 omnino
2337 4169 2526 4209 causas
2563 4155 2628 4209 de
2653 4155 3082 4226 _quibuscunque
3122 4155 3285 4212 rebus
3330 4172 3470 4226 quae
3517 4155 3664 4216 intra

2083 4223 2302 4309 triginta
2327 4239 2501 4309 annos
2516 4223 2845 4309 nonnfuerint
2870 4223 3160 4307 difﬁnitae,
3196 4223 3473 4309 nullo—eas
3505 4241 3668 4309 post-

2083 4294 2300 4363 modum
2327 4293 2509 4347 licebit
2538 4293 2725 4363 ordine
2749 4295 3073 4349 commoveri
3097 4312 3110 4348 :
3134 4295 3258 4363 quia
3280 4296 3412 4356 satis
3441 4293 3663 4354 unicui-

2081 4377 2186 4432 que
2205 4361 2280 4432 ad
2305 4361 2680 4432 requirendum
2703 4371 2757 4416 et
2775 4363 3136 4432 recipiendum
3152 4361 3306 4432 quod
3330 4364 3379 4419 ei
3414 4365 3663 4422 debitum

2081 4430 2260 4553 fugit,
2288 4431 2681 4500 suprascriptus
2701 4430 2963 4487 annorum
2984 4430 3237 4489 numerus
3264 4442 3472 4489 constat
3496 4451 3663 4505 posse

2081 4514 2141 4553 su
2188 4515 2349 4553 tcere.

2081 4514 2349 4555 sumcere.

2169 4588 2185 4618 ε
2223 4571 2276 4641 5.
2306 4569 2383 4622 De
2411 4568 2678 4641 inquilinis
2699 4579 2745 4623 et
2773 4569 2989 4624 colonis.
3018 4570 3074 4626 Si
3102 4573 3223 4641 quis
3247 4573 3497 4628 colonum
3525 4573 3661 4629 alic-

2079 4653 2207 4692 num
2236 4639 2288 4691 in
2313 4653 2370 4691 re
2398 4653 2508 4706 sua
2536 4638 2753 4706 triginta
2791 4654 2963 4694 annos
3005 4638 3268 4704 habuerit,
3317 4658 3381 4696 ac
3422 4643 3467 4697 si
3496 4659 3657 4699 suum

2079 4707 2346 4790 vendicet.
2379 4705 2480 4774 Qui
2504 4709 2548 4762 si
2759 4708 2980 4790 triginta
3000 4724 3169 4790 annos
3194 4711 3445 4790 inventus
3468 4711 3656 4778 fuerit,

2078 4792 2110 4850 a
2152 4777 2366 4830 domino
2400 4776 2695 4850 cum_‘ﬁliis
2751 4776 2853 4831 sibi
2900 4779 3126 4850 debitis,
3161 4789 3236 4850 iet
3288 4782 3434 4835 omni
3493 4776 3659 4850 pecu;

2078 4846 2150 4917 l_io
2178 4853 2474 4917 revocetur.
2507 4845 2564 4900 Si
2597 4861 2725 4917 vero
2756 4855 3000 4902 mortuus
3039 4847 3218 4910 fuerit,
3243 4845 3512 4917 peculium
3536 4854 3659 4907 eius

2078 4915 2325 4988 dominus
2347 4925 2580 4988 revocet.
2607 4915 2804 4988 Colona
2826 4918 3226 4988 verosi’viginti
3245 4915 3416 4974 annos
3444 4920 3498 4973 in
3525 4921 3656 4974 alie-

405 4993 670 5115 Leamque
694 4988 854 5060 BaL]
881 5004 978 5059 per
1003 5005 1173 5044 annos
1195 4983 1655 5058 quindecim’sine
1676 4985 1847 5039 tertiis
1883 4983 1978 5038 ha—
2007 5005 2055 5064 ι)
2079 5000 2149 5038 no
2171 4983 2408 5038 dominio
2441 4985 2812 5054 permanserit,
2839 5001 2867 5038 a
2894 4987 3072 5055 priore
3097 4983 3313 5042 domino
3340 5005 3448 5044 non
3474 4991 3656 5058 requi-

443 5063 628 5115 uisset.
652 5062 707 5115 in
727 5060 1002 5115 voluntate
1025 5059 1194 5115 insius
1213 5063 1568 5115 permaneret,
1595 5070 1764 5115 neque
1785 5055 1978 5109 exinde
2079 5060 2246 5106 ratur.
2271 5053 2473 5110 Colono
2495 5055 2631 5110 duae
2656 5062 2836 5115 partes
2850 5057 3151 5115 agnationis
3173 5067 3484 5115 sequantur.
3509 5061 3653 5113 colo-

443 5055 628 5127 uisset,
652 5062 707 5116 in
727 5055 1002 5129 volun—tate
1025 5059 1194 5129 ipsius
1213 5055 1568 5129 permaneret,
1595 5070 1764 5122 neque
1785 5055 1978 5129 extinde

442 5123 692 5201 uicquam
739 5128 842 5205 sibi
879 5128 971 5184 ille
1010 5123 1102 5205 qui
1147 5123 1368 5205 dederat
1407 5125 1573 5205 sciret
1600 5139 1718 5205 esse
1743 5123 1978 5205 redden-

403 5147 692 5253 antequam
739 5147 842 5184 Stm
879 5147 971 5184 me
1010 5147 1102 5198 qut
1147 5147 1368 5182 ﬂeuerat
1411 5147 1573 5180 ὅου-εει
1600 5147 1718 5178 esse
1757 5147 1978 5178 rcuucn-

443 5218 550 5264 um,
581 5211 758 5254 tamen
782 5199 983 5268 absque
1011 5199 1119 5253 ulla
1157 5195 1546 5268 permutatione
1567 5193 1718 5268 omni
1741 5201 1981 5262 tempore

404 5271 730 5336 generaliter
748 5263 1040 5324 memorata
1057 5263 1293 5324 conditio
1306 5266 1495 5321 debeat
1515 5263 1804 5327 custodire,
1827 5278 1977 5332 prae-

405 5343 540 5392 senti
581 5337 779 5408 placuit
815 5338 932 5408 lege
953 5337 1228 5393 constitui.

483 5427 500 5456 ι
511 5409 564 5461 2.
581 5403 728 5486 '_lter_n
750 5408 814 5461 de
834 5403 1165 5486 inscriptione
1192 5415 1499 5486 temporum.
1518 5403 1713 5486 Siquis
1725 5416 1853 5486 vero
1866 5411 1973 5457 ter-

408 5493 524 5529 ram
559 5477 627 5531 ab
657 5477 826 5532 altero
854 5477 955 5534 sibi
979 5473 1226 5531 traditam
1256 5473 1517 5529 violenter
1548 5473 1743 5528 dixerit
1767 5481 1821 5526 et
1847 5488 1976 5528 con-

407 5546 598 5598 vicerit
622 5545 786 5601 fuisse
808 5546 1070 5602 sublatam
1100 5547 1248 5614 prius
1273 5559 1431 5614 quam
1465 5543 1682 5614 triginta
1716 5559 1974 5596 annorum

409 5618 670 5669 terminus
699 5617 1044 5684 compleatur,
1083 5613 1138 5668 et
1167 5630 1276 5670 rem
1302 5613 1602 5684 constiterit
1640 5621 1974 5684 occupatam,

405 5693 462 5740 et
488 5684 760 5754 requirere
774 5682 988 5754 peterit,
1012 5694 1068 5740 et
1089 5684 1376 5754 repetentis
1398 5683 1640 5753 partibus
1662 5682 1972 5739 reformare.

2079 5060 2246 5106 ratur.
2271 5053 2473 5110 Colono
2485 5055 2631 5126 duae
2656 5062 2836 5124 partes
2850 5053 3151 5126 agnationis
3173 5067 3484 5126 sequantur,
3509 5053 3653 5113 colo-

2077 5124 2531 5204 naevero'tercia
2554 5124 2983 5204 pafslsequatur.
3023 5125 3156 5204 Nam
3192 5124 3486 5204 si‘agnatio
3513 5129 3650 5204 infra

2079 5191 2296 5266 triginta
2346 5191 2570 5266 [viginti
2599 5193 2753 5266 Bal.]
2787 5191 2965 5250 annos
3010 5195 3151 5249 edita
3202 5191 3394 5259 fuerit,
3436 5200 3652 5266 quando

2077 5262 2252 5316 adhuc
2279 5262 2468 5334 colona
2495 5262 3107 5334 dominoﬁcompetebat,
3138 5262 3508 5334 repetentibus
3541 5283 3648 5320 non

2081 5339 2333 5400 negetur;
2356 5333 2479 5402 quia
2503 5333 2556 5386 in
2576 5333 2800 5388 novellis
2822 5332 3026 5402 legibus
3046 5343 3129 5389 est
3153 5332 3524 5390 constitutum.
3555 5336 3649 5390 Sa-

2083 5417 2151 5456 ne
2176 5415 2245 5454 ne
2274 5402 2563 5472 separatio,
2584 5402 2818 5472 coniugii
2855 5402 2965 5464 ﬁat,
2994 5404 3355 5472 praecipimus
3395 5415 3456 5459 ut
3482 5407 3648 5459 domi-

2081 5487 2183 5550 n_us
2206 5471 2380 5526 coloni
2405 5471 2607 5550 vicaria
2625 5471 2850 5526 muliere
2885 5471 3010 5528 cuni
3037 5471 3324 5544 agnatione
3347 5475 3517 5544 partis
3542 5484 3648 5528 ter—

2081 5545 2196 5594 ciae
2218 5557 2322 5595 non
2352 5551 2575 5609 negetur
2593 5545 2630 5593 ⁶.
2671 5562 2689 5592 ι

2145 5630 2162 5644 ⁶
2189 5627 2298 5692 ΙιίδςΔ
2331 5628 2548 5692 secunda
2572 5632 3007 5692 manu‘correclu‘m
3031 5632 3098 5679 uti
3125 5627 3226 5680 Bal.
3253 5629 3376 5692 legit
3432 5634 3484 5682 ut
3502 5642 3533 5678 tt
3557 5629 3642 5679 do-

2080 5689 2208 5739 mino
2226 5688 2379 5739 voloni
2403 5691 2607 5741 vicariae
2630 5688 2818 5740 mulieri
2839 5693 2886 5741 9.
