3974 6134
432 180 540 237 m5

1276 179 1335 235 Β.
1377 176 1623 237 CAROLI
1657 170 1871 234 ΜΑαΝι
1894 177 2046 235 ΟΡῬ.
2079 176 2257 236 PARS
2288 180 2328 237 Ι.
2359 180 2599 238 8ΕΙΣἸΊΟ
2622 180 2851 237 PRIMA.

3585 188 3686 243 64-1

436 306 547 352 tate
582 296 856 350 decessum
886 294 1251 363 unusquisque
1282 293 1495 348 illorum
1540 292 1681 347 scire
1708 292 1904 356 valeat,
1952 292 1999 347 si
2028 297 2079 355 Α
2104 290 2375 359 linquatur
2393 290 2627 344 occasio.
2679 289 2785 344 Sed
2810 298 2866 343 et
2889 288 2991 345 hoc
3015 289 3396 360 praecipimus,
3427 303 3485 348 ut
3512 296 3691 353 nullus

436 401 530 440 cos
552 384 729 439 divina
759 385 933 453 pietas
945 384 1097 441 nobis
1118 383 1432 452 superstites
1447 398 1566 439 esse
1592 382 1840 448 voluerit,
1869 398 2011 455 quae

436 474 612 543 portio
644 474 746 528 sibi
779 474 847 528 ad
901 473 1184 527 tenendum
1227 482 1389 540 atque
1417 469 1823 541 gubernandum
1852 486 1884 535 a
1913 488 2010 533 no-

435 563 521 619 bis
548 562 823 631 adsignata
853 562 943 617 sit.
991 559 1163 627 Quam
1195 561 1509 621 divisionem
1528 576 1594 616 eo
1622 559 1781 617 modo
1808 562 2010 623 descri-

436 653 564 707 bere
597 667 660 705 ac
678 651 961 719 designare
989 650 1253 717 volumus,
1301 658 1362 704 ut
1384 650 1581 720 singuli
1623 651 1773 706 iuxta
1793 652 2008 707 ordina-

438 738 637 792 tionem
658 746 895 792 nostram
920 747 975 792 et
995 738 1129 793 lines
1162 739 1311 808 regni
1336 740 1419 794 sui
1444 739 1534 808 qui
1579 740 1635 793 in
1679 740 2006 809 alienigenas

435 828 811 894 extenduntur,
858 844 979 882 cum
1023 829 1117 884 Dei
1152 830 1418 884 adiutorio
1451 830 1735 885 defendere
1766 836 2009 884 statuant

434 935 498 973 ac
523 918 539 949 ¹
568 919 836 983 studeant,
873 927 929 973 et
960 934 1150 988 pacem
1178 935 1243 975 ac
1284 920 1581 974 fraternam
1610 919 1894 974 caritatem
1923 919 2027 972 inm

434 1018 518 1062 ter
548 1020 608 1062 se
649 1008 922 1063 custodire
969 1010 1202 1064 valeant.
1256 1009 1423 1064 Cuius
1461 1009 1737 1066 divisionis
1787 1010 2003 1065 modum

431 1102 595 1162 atque
618 1095 1009 1150 ordnationem
1039 1096 1199 1151 talem
1222 1098 1375 1151 nobis
1399 1109 1423 1136 α
1447 1095 1624 1152 facere
1647 1097 1869 1164 placuit.

504 1184 555 1237 l.
594 1183 737 1237 Haec
769 1190 950 1238 autem
987 1184 1079 1237 tali
1101 1184 1435 1239 ordinatione
1456 1184 1829 1253 disposuimus,
1875 1182 2003 1238 utsi

427 1283 551 1342 post
576 1281 817 1329 nostrum
841 1274 909 1328 ab
938 1274 1039 1329 hac
1069 1274 1185 1329 luce
1216 1274 1509 1329 discessum
1556 1274 1750 1343 aliquis
1790 1288 1999 1338 eorum,

428 1365 740 1435 priusquam
765 1363 961 1418 fratres
989 1364 1091 1428 sui,
1119 1364 1259 1417 diem
1305 1362 1516 1426 obierit,
1560 1370 1615 1417 et
1640 1362 1802 1417 talem
1832 1361 2000 1416 lilium

430 1453 707 1523 reliquerit
738 1467 898 1525 quem
939 1452 1167 1521 populus
1202 1451 1368 1520 ipsius
1416 1450 1614 1521 eligere
1663 1450 1893 1508 voluerit
1940 1456 2003 1505 ut

424 1543 569 1613 patri
596 1559 693 1599 suo
730 1543 981 1599 succedat
1008 1543 1063 1596 in
1088 1543 1241 1611 regni
1266 1542 1615 1606 haereditate,
1662 1540 1909 1598 volumus
1940 1547 2002 1593 ut

2104 395 2174 435 ex
2207 379 2294 434 bis
2317 379 2487 435 tribus
2512 377 2790 442 fratribus,
2822 378 2979 437 nobis
3014 379 3071 433 in
3096 395 3324 447 corpore
3347 383 3691 439 consistenti-

2104 467 2227 538 bus,
2254 466 2338 523 vel
2361 474 2604 521 nostrum
2631 467 2713 520 vel
2738 464 3026 520 cuiuslibet
3053 464 3276 523 alterius
3302 469 3577 526 hominem
3605 488 3690 528 sa.

2103 564 2442 611 crumentum
2490 554 2760 617 fidelitatis
2794 554 2895 613 sibi
2922 555 3240 629 promittere
3278 555 3467 624 faciat,
3503 568 3564 621 et
3594 577 3693 631 per

2103 647 2206 702 hoc
2229 662 2351 702 eum
2373 645 2458 701 vel
2503 661 2535 701 a
2560 646 2713 703 nobis
2746 645 2831 703 vel
2857 646 2925 702 ab
2954 646 3126 705 altero
3171 648 3389 711 domino
3442 666 3543 707 suo
3591 668 3691 724 per

2102 735 2405 791 huiusmodi
2455 743 2854 791 sacramentum
2898 744 3111 793 avertat
3169 747 3229 795 et
3275 739 3347 797 ad
3402 755 3464 799 se
3506 742 3688 804 adtra-

2104 827 2227 881 hat.

2170 916 3581 987 ἂρώιθιὶωιπκόρίωωυὼῧδτίὼωτ,
3629 933 3691 979 ιιι

2096 1017 2222 1077 post
2249 1018 2492 1064 nostrum
2523 1024 2590 1063 ex
2614 1009 2719 1069 hac
2745 1009 3077 1065 mortalitate
3118 1010 3419 1068 discessum
3438 1012 3699 1074 *ι

2102 1097 2523 1167 uniuscuiusque
2548 1112 2736 1152 eorum
2766 1099 3036 1166 accipiant
3072 1100 3351 1166 beneﬁcia,
3391 1103 3689 1172 unusquis-

2100 1202 2206 1258 que
2228 1188 2284 1242 in
2312 1200 2476 1257 regno
2495 1187 2697 1243 domini
2732 1188 2816 1242 sui
2862 1195 2918 1242 et
2951 1204 3060 1243 non
3086 1189 3331 1253 alterius,
3356 1206 3426 1249 ne
3467 1193 3686 1261 quando

2100 1293 2198 1348 per
2225 1278 2347 1343 hoc,
2395 1279 2442 1332 si
2476 1277 2632 1332 aliter
2671 1276 2855 1342 fuerit,
2903 1278 3214 1333 scandalum
3262 1279 3479 1348 aliquod
3509 1281 3687 1350 possit

2101 1369 2364 1423 accidere.
2419 1366 2786 1422 Hereditatem
2835 1376 3016 1421 autem
3058 1381 3211 1421 suam
3265 1367 3467 1427 haheat
3518 1385 3689 1435 unus-

2101 1456 2327 1526 quisque
2351 1456 2628 1511 hominum
2649 1455 2864 1518 illorum
2889 1456 3092 1525 absque
3132 1457 3578 1522 contradictione,
3627 1460 3685 1513 in

2103 1560 2442 1617 quocumque
2466 1560 2634 1616 regno
2678 1547 2782 1601 hoc
2812 1560 2938 1605 eum
2977 1545 3216 1616 legitime
3261 1547 3460 1609 habere
3507 1548 3686 1615 conti—

431 1612 533 1688 l-ioc
565 1633 902 1688 consentiant
940 1631 1117 1700 patrui
1145 1629 1311 1698 ipsius
1342 1628 1515 1697 pueri,
1545 1636 1601 1682 et
1627 1641 1851 1698 regnare
1878 1640 2002 1695 pera-
2031 1612 2077 1673 Β
2103 1612 2282 1709 ﬁeri”

428 1723 646 1778 mittant
666 1721 833 1775 lilium
850 1720 1036 1774 fratris
1064 1721 1145 1774 sui
1168 1720 1222 1772 in
1253 1734 1318 1774 eo
1340 1733 1506 1788 regno
1525 1719 1668 1787 quod
1689 1726 1845 1787 pater
1860 1719 1993 1783 eius,

430 1814 598 1868 frater
620 1825 826 1876 eorum,
858 1810 1066 1865 habuit.
1108 1809 1263 1876 Quod
1307 1809 1353 1863 si
1383 1808 1545 1863 talem
1572 1807 1742 1862 ﬁlium
1769 1822 1878 1863 non
1904 1807 2000 1862 ha-

422 1902 620 1966 buerit,
647 1908 773 1955 tunc
790 1900 1055 1963 volumus,
1100 1906 1161 1953 ut
1193 1898 1283 1952 illa
1325 1913 1453 1966 pars
1478 1897 1629 1967 regni
1657 1912 1820 1967 quam
1857 1897 1997 1952 idem

427 1993 675 2055 habebat,
708 1990 975 2046 dividatur
1004 1989 1299 2058 aequaliter
1338 1988 1480 2043 inter
1512 1987 1633 2042 illos
1678 1985 1874 2041 fratres
1905 1985 1997 2056 qui

415 2080 740 2149 superstites
764 2079 1203 2153 remanserunt}.
1970 2120 1975 2125 .

491 2170 546 2224 2.
582 2169 789 2223 Placuit
831 2167 998 2221 etiam
1038 2166 1186 2221 inter
1233 2165 1539 2234 praedictos
1578 2163 1716 2221 ﬁlios
1756 2170 1997 2221 statuere

418 2268 587 2329 atque
638 2258 973 2329 praecipere,
1035 2265 1257 2326 propter
1300 2270 1488 2325 pacem
1545 2261 1603 2309 et
1650 2253 1996 2311 concordiam

423 2366 583 2421 quam
608 2349 749 2404 inter
777 2363 871 2403 eos
888 2353 1146 2417 perpetuo
1175 2359 1490 2415 permanere
1518 2342 1903 2406 desideramus,
1938 2348 1999 2397 ut

425 2438 600 2493 nullus
629 2452 816 2492 eorum
857 2435 1041 2491 fratris
1087 2435 1172 2490 sui
1202 2434 1464 2489 terminos
1507 2431 1589 2487 vel
1626 2432 1777 2501 regni
1799 2431 1997 2490 limites

424 2527 674 2583 invadere
702 2533 1030 2595 praesumat,
1079 2536 1256 2592 neque
1298 2521 1664 2581 fraudulenter
1696 2520 1900 2591 ingredi
1929 2519 1998 2581 ad

422 2618 848 2674 conturhandum
874 2629 1096 2685 regnum
1118 2613 1238 2669 eius
1268 2612 1357 2667 vel
1383 2625 1594 2666 marcus
1639 2610 1953 2669 minuendas
1975 2624 1991 2674 ;

423 2709 516 2763 sed
578 2705 759 2775 potius
824 2704 1040 2759 adiuvet
1088 2701 1457 2772 unusquisque
1508 2699 1722 2755 illorum
1771 2696 1993 2760 fratrem

421 2813 597 2860 suum,
631 2803 793 2866 prout
837 2795 1091 2864 temporis
1124 2792 1461 2862 oportunitas
1502 2789 1524 2822 ³
1564 2788 1890 2858 permiserit,
1939 2795 1996 2843 et

421 2886 678 2941 auxilium
702 2885 752 2940 ei
775 2883 914 2939 ferat
931 2891 1117 2938 contra
1138 2880 1382 2936 inimicos
1415 2880 1532 2935 eius
1552 2879 1699 2935 iuxta
1727 2877 1994 2935 rationem

419 2983 475 3031 et
493 2975 917 3045 possibilitatem.

484 3064 541 3116 5.
566 3062 679 3118 Nec
698 3063 893 3133 aliquis
913 3062 1082 3121 ullum
1102 3062 1379 3121 hominem
1402 3060 1585 3116 fratris
1627 3060 1712 3116 sui
1742 3075 1843 3131 pro
1870 3061 1992 3132 qui-

417 3153 649 3209 bnslibet
664 3153 844 3209 causis
867 3152 951 3207 vel
976 3152 1149 3221 culpis
1193 3150 1261 3206 ad
1282 3163 1342 3205 se
1368 3148 1769 3218 .confugientem
1810 3148 1989 3205 διιδεῖν

412 3243 531 3315 piat
555 3242 623 3299 ad
644 3241 1082 3299 intercessionem
1104 3256 1206 3315 pro
1230 3254 1296 3295 eo
1324 3237 1656 3305 faciendam;
1687 3239 1811 3310 quia
1840 3238 1991 3294 vola.-

418 3348 539 3388 mus
558 3341 616 3386 ut
649 3332 872 3401 quilibet
891 3331 1052 3385 homo
1074 3343 1304 3399 peccans
1341 3332 1396 3383 et
1432 3327 1815 3387 intercessione
1854 3327 1993 3391 indi-

414 3436 568 3491 gens,
604 3421 744 3474 intra
764 3434 985 3489 regnum
1011 3418 1210 3473 domini
1235 3417 1316 3471 sui
1341 3416 1425 3471 vel
1462 3416 1529 3471 ad
1554 3416 1670 3471 ioca
1695 3424 1881 3472 sancta
1906 3416 1990 3472 vel

412 3514 488 3567 ad
508 3513 797 3565 honoratos
827 3509 1071 3564 homines
1094 3506 1386 3578 confugiat,
1429 3513 1486 3562 et
1512 3506 1635 3561 inde
1672 3506 1872 3562 iustam
1907 3508 1990 3564 in-

408 3599 798 3655 tercessionem
828 3604 1115 3652 mereatur.

485 3692 541 3745 4.
587 3690 844 3744 Similiter
874 3686 1260 3758 praecipimus,
1305 3693 1366 3740 ut
1410 3686 1439 3727 ιι
1477 3686 1767 3756 quemlibet
1809 3686 1980 3753 illum,

408 3782 511 3853 qui
545 3779 818 3836 dominum
842 3793 1001 3833 suum
1024 3785 1215 3832 contra
1233 3776 1561 3832 voluntatem
1591 3776 1708 3833 eius
1724 3777 1990 3840 dimiserit

407 3871 560 3926 etde
583 3884 690 3924 uno
715 3883 880 3938 regno
915 3867 969 3921 in
997 3866 1139 3921 aliud
1166 3864 1439 3934 profectus
1471 3863 1653 3930 fuerit,
1672 3880 1851 3939 neque
1874 3867 1989 3936 ipse

413 3976 512 4015 rex
540 3957 815 4027 suscipiat,
859 3970 1034 4025 neque
1073 3955 1378 4010 hominibus
1423 3956 1536 4010 suis
1568 3957 1890 4021 consentiat,
1927 3966 1990 4012 ut

411 4052 578 4107 talem
615 4050 885 4109 hominem
929 4048 1189 4119 recipiant
1225 4048 1310 4105 vel
1344 4048 1541 4105 iniusta
1566 4049 1803 4113 retinere
1832 4063 1992 4117 prae-

410 4150 651 4197 sumant.
679 4140 790 4196 Nec
812 4140 988 4195 solum
1014 4140 1080 4194 de
1096 4138 1227 4204 illis,
1249 4139 1341 4194 scd
1373 4140 1538 4194 etiam
1570 4139 1638 4194 de
1658 4139 1833 4195 servis
1854 4137 1992 4211 fugi-

2168 1730 2221 1785 6.
2256 1731 2323 1785 Et
2344 1729 2716 1798 unusquisque
2736 1727 2877 1783 liber
2896 1728 3057 1783 homo
3084 1734 3206 1796 post
3230 1733 3458 1785 mortem
3475 1726 3682 1786 domini

2097 1822 2180 1877 sui
2212 1822 2481 1877 licentiam
2517 1821 2714 1874 habeat
2732 1833 2800 1873 se
2824 1817 3233 1882 commendaui
3261 1816 3399 1876 inter
3422 1817 3559 1877 haec
3574 1817 3682 1878 tria

2097 1927 2260 1982 regna
2285 1912 2353 1965 ad
2378 1920 2770 1980 quemcumque
2797 1908 3049 1968 voluerit.
3098 1906 3359 1963 Similiter
3382 1913 3437 1965 et
3464 1905 3555 1963 ille
3586 1906 3682 1975 qui

2097 2003 2333 2055 nondum
2352 1999 2511 2054 alicui
2540 1997 2947 2053 commendatus
2973 2002 3078 2049 est.

2164 2090 2219 2142 7.
2260 2089 2337 2144 De
2389 2086 2770 2142 traditionibus
2828 2092 3010 2143 autem
3069 2090 3231 2151 atque
3282 2081 3683 2143 “auditionibus

2096 2192 2233 2248 quae
2256 2177 2399 2232 inter
2424 2185 2607 2245 partes
2628 2174 2744 2229 ﬁeri
2776 2173 2970 2236 solent,
3000 2171 3377 2245 praecipimus,
3416 2180 3477 2232 ut
3496 2171 3683 2231 nullus

2095 2283 2162 2323 ex
2196 2268 2281 2322 his
2305 2266 2479 2321 tribus
2512 2264 2771 2318 fratribus
2811 2260 3067 2330 suscipiat
3090 2260 3156 2319 de
3187 2274 3354 2328 regno
3395 2258 3625 2321 alterius
3646 2274 3681 2312 a

2092 2356 2333 2427 quolibet
2360 2354 2575 2413 homine
2598 2351 2940 2409 traditionem
2967 2349 3053 2411 vel
3074 2348 3434 2411 venditionem
3475 2346 3554 2411 rei
3579 2347 3683 2411 im-

2095 2444 2331 2508 mobilis,
2358 2443 2463 2497 boc
2493 2447 2598 2511 est,
2644 2448 2935 2504 terrenus,
2970 2439 3268 2503 vinearum,
3315 2445 3478 2504 atque
3502 2436 3684 2517 sylva-

2096 2551 2235 2599 rum,
2264 2546 2650 2601 servorumque
2671 2529 2763 2599 qui
2784 2529 2891 2582 iam
2916 2527 3085 2582 casati
3124 2533 3266 2589 sunt,
3302 2525 3414 2579 sive
3436 2533 3680 2587 caetera-

2097 2640 2217 2685 rum
2242 2637 2424 2679 rerum
2455 2635 2594 2691 quae
2617 2617 2964 2679 hereditatis
2989 2616 3205 2681 nomine
3234 2623 3560 2683 censentur;
3587 2629 3681 2667 ex-

2093 2724 2250 2786 cepto
2270 2729 2419 2780 auro,
2449 2719 2691 2782 argento,
2732 2716 2789 2767 et
2816 2706 3061 2778 gemmis,
3093 2705 3260 2770 armis
3296 2718 3360 2770 ac
3406 2702 3674 2766 vestibus,

2093 2820 2302 2861 necnon
2346 2810 2404 2858 et
2434 2799 2716 2869 mancipiis
2761 2811 2870 2860 una
2912 2795 3150 2861 casulis.
3190 2800 3250 2859 et
3391 2791 3679 2863 speciebus

2095 2910 2232 2967 quae
2278 2891 2495 2965 proprie
2528 2890 2597 2944 ad
2648 2886 3006 2964 negotiatores
3046 2884 3317 2954 pertinere
3351 2889 3673 2936 noscuntur.

2015 2945 2063 3009 ϐ
2096 2945 2336 3041 Eaetcris
2362 2945 2490 3035 vero
2510 2977 2615 3033 illis
2635 2945 2944 3032 hominibus
2972 2975 3073 3029 hoc
3100 2972 3318 3027 minime
3349 2970 3680 3026 interdicen-

2094 3074 2220 3130 dum
2243 3071 2560 3127 iudicamus.

2162 3163 2216 3218 8.
2246 3160 2306 3216 Si
2336 3166 2517 3217 autem
2540 3155 2790 3219 feminae,
2820 3152 2963 3213 sient
2991 3150 3107 3218 ﬁeri
3133 3150 3288 3219 solet,
3321 3149 3460 3217 inter
3486 3157 3678 3227 partes

2093 3259 2149 3306 et
2186 3264 2352 3319 regna
2390 3245 2626 3315 legitime
2652 3242 2853 3298 fuerint
2895 3241 2965 3296 ad
2994 3239 3305 3313 minium
3346 3238 3675 3308 mm,

2094 3356 2201 3396 non
2224 3338 2550 3408 denegentur
2578 3335 2716 3389 iuste
2738 3330 3085 3411 poscentibus
3108 3345 3125 3396 ;
3166 3329 3260 3393 sed
3288 3329 3446 3395 liceat
3468 3343 3565 3383 eas
3590 3329 3680 3382 vi—

2095 3429 2278 3489 cissim
2304 3427 2433 3482 dare
2460 3432 2515 3479 et
2554 3422 2815 3492 accipere,
2847 3427 2902 3475 et
2930 3419 3296 3479 adﬁnitatibus
3327 3419 3551 3489 populos
3590 3420 3680 3473 in-

2094 3523 2178 3573 ter
2202 3531 2261 3571 se
2297 3514 2523 3570 sociare.
2579 3511 2729 3580 ipsae
2768 3525 2896 3565 vero
2930 3507 3161 3563 feminae
3209 3516 3527 3577 potestatem
3569 3510 3680 3562 ha-

2089 3609 2253 3664 beant
2270 3620 2461 3661 rerum
2489 3617 2709 3659 suarum
2758 3601 2813 3659 in
2844 3615 3013 3670 regno
3030 3600 3174 3661 unde
3194 3599 3444 3663 exierint,
3474 3614 3683 3668 quam_

2087 3712 2248 3767 quam
2278 3695 2332 3749 in
2352 3694 2459 3750 alio
2487 3698 2706 3762 propter
2731 3689 2908 3744 mariti
2949 3689 3261 3744 societatem
3297 3688 3541 3747 habitare
3572 3689 3681 3743 de—

2084 3788 2324 3935 hegfnlie
2349 3870 2629 3937 obsidibus
2653 3875 2832 3923 autem
2859 3867 2951 3936 qui
2974 3874 3194 3935 propter
3220 3865 3520 3920 credentias
3553 3865 3687 3919 dati

2088 3972 2232 4029 sunt,
2275 3970 2330 4017 et
2354 3977 2385 4016 a
2423 3961 2578 4016 nobis
2606 3973 2704 4029 per
2749 3958 2958 4012 diversa
2997 3956 3113 4011 loca
3157 3956 3225 4010 ad
3263 3954 3684 4010 custodiendum

2089 4052 2340 4113 destinati
2383 4058 2529 4115 sunt,
2555 4049 2805 4103 nolumus
2830 4048 2873 4111 ⁸,
2905 4054 2966 4099 ιιι
2992 4046 3080 4101 ille
3104 4061 3199 4100 rex
3228 4046 3281 4099 in
3312 4046 3467 4100 cuius
3502 4059 3685 4113 regno

2089 4152 2234 4209 sunt,
2282 4142 2485 4211 absque
2531 4138 2804 4194 voluntate
2850 4135 3035 4197 fratris
3076 4136 3180 4200 sui,
3218 4136 3283 4191 de
3324 4134 3476 4190 cuius
3502 4148 3685 4203 regno

415 4232 541 4285 tivis
571 4230 855 4286 statuimus
876 4227 1291 4293 observandum,
1323 4236 1385 4282 ut
1406 4227 1552 4282 nulla
1576 4228 1882 4283 discordiae
1899 4243 1986 4283 re—
2007 4247 2067 4317 p
2086 4232 2283 4290 nihlati
2304 4239 2451 4295 sunt,
2484 4228 2554 4285 ad
2572 4227 2799 4299 patriam
2820 4240 2917 4282 eos
2938 4225 3115 4283 redire
3138 4225 3430 4295 permittat,
3446 4222 3546 4293 sed
3571 4238 3691 4292 po-

1606 4360 1995 4425 VARIANTES
2030 4361 2431 4429 LECTlONES.

490 4489 508 4520 '
532 4497 606 4543 st.
633 4503 698 4543 ac
710 4486 903 4541 desunt
924 4484 994 4540 Ρ.
1067 4485 1088 4515 ’
1120 4485 1480 4547 remanserint
1508 4484 1571 4541 Β.
1646 4486 1667 4518 ³
1692 4489 2064 4558 opportunitas
2097 4489 2163 4543 P.
2241 4489 2263 4520 ⁸
2289 4504 2365 4544 ua
2388 4488 2629 4550 correxi;
2661 4486 2970 4556 cognoverit
2993 4486 3112 4551 edd.
3155 4487 3177 4519 ⁸
3211 4487 3451 4543 volumus
3481 4486 3547 4542 Ρ.

1955 4618 2185 4679 NOTAE.

491 4744 515 4775 δ
546 4732 643 4786 llic
663 4728 945 4785 Goldastus
969 4728 1086 4782 hate
1109 4726 1367 4781 adnotat:
1398 4745 1417 4777 ι
1437 4727 1599 4780 Deest
1617 4726 1810 4781 divisio
1831 4735 1991 4796 atque

418 4801 686 4859 ordinatio
714 4812 1018 4866 regnorum.
1048 4815 1067 4847 ι
1098 4796 1320 4866 Supplet
1347 4804 1524 4866 autem
1551 4804 1820 4864 utcunque
1847 4797 1992 4851 hunc

421 4876 626 4931 hiatum
675 4865 980 4937 Nitiiardus,
1014 4866 1110 4937 lib.
1139 4881 1178 4929 ι,
1218 4865 1535 4937 describens
1580 4873 1788 4937 partem
1818 4866 1990 4937 regni

461 4959 541 4997 ua:
568 4938 760 4995 Carolo
793 4936 956 4991 Calvo
997 4934 1118 4990 data
1153 4941 1274 4997 est;
1331 4952 1351 4983 «
1382 4933 1441 5003 id
1467 4942 1551 4987 est
1574 4932 1599 4996 ξ
1638 4950 1669 4986 a
1712 4932 1848 4995 mari
1893 4932 1993 5003 per

461 4960 541 4997 ua:
568 4960 760 4995 barum
793 4960 956 4991 ualvu
997 4960 1118 4990 ualui
1153 4960 1274 4997 cat,
1331 4960 1351 4983 ι
1382 4960 1441 4988 .Iu
1467 4960 1551 4987 cat
1574 4974 1590 4996 ,
1638 4960 1669 4986 ει
1712 4960 1848 4995 tuam
1893 4960 1993 5003 per

418 4960 556 5066 gues
603 5006 847 5062 Saxonia‘.
890 5019 1057 5073 usque
1093 5004 1160 5058 ad
1204 5003 1338 5073 lines
1362 5002 1768 5073 Ribuariorum,
1794 5009 1993 5073 itotam

422 5080 668 5141 Frisiam,
713 5082 768 5130 et
790 5089 886 5144 per
922 5071 1055 5144 lines
1078 5071 1453 5144 Ribuariorum
1479 5072 1765 5144 comitatus
1788 5071 1991 5144 Mollia,

422 5149 563 5212 Halt,
592 5141 1048 5206 Traham'molant,
1099 5142 1424 5210 Masagobhi,
1468 5141 1659 5212 dieinde
1685 5155 1813 5203 vero
1834 5141 1992 5212 quid-

419 5208 559 5287 quid
584 5213 947 5287 interimam
984 5221 1039 5287 et
1068 5208 1370 5287 Sequanam
1406 5225 1585 5287 κυξιιιιε
1628 5208 1990 5287 Βατειιράέαιξι

421 5278 527 5340 tina
552 5301 673 5340 cum
705 5281 1042 5337 Viridunensi
1070 5278 1334 5343 consistit,
1375 5288 1429 5334 et
1454 5278 1517 5334 de
1546 5278 1851 5345 Burgundia
1873 5278 1993 5331 'l‘ul-

422 5353 644 5417 lensem,
682 5351 1041 5407 Odornensem
1060 5390 1075 5413 ,
1122 5350 1431 5409 Bedensem,
1478 5348 1814 5417 Blesensem,
1860 5347 1991 5403 Par-

424 5416 687 5484 thensem,
714 5429 966 5485 utrosque
992 5419 1299 5480 Barrenses,
1340 5418 1707 5485 Brionenscm.
1759 5416 1994 5470 Tricasi-

424 5507 571 5553 num,
613 5484 1145 5549 Autissiodorensem,
1189 5486 1533 5547 Senonicum,
1573 5484 1988 5548 Wastinensem,

430 5558 860 5622 llilidunenscm,
903 5557 1295 5624 Stampensem,
1340 5554 1712 5619 Castrenscm,
1758 5554 1992 5608 Parisia-

2088 4743 2235 4792 cum,
2268 4734 2327 4781 et
2345 4726 2538 4797 deinde
2580 4740 2678 4795 per
2718 4723 3019 4797 Sequanam
3044 4736 3230 4797 usque
3239 4725 3294 4797 in
3314 4740 3465 4797 mare
3496 4731 3688 4783 υωο.

2090 4813 2239 4853 num.
2287 4805 2343 4850 et
2393 4812 2489 4865 per
2514 4792 2690 4863 ipsum
2729 4792 2876 4865 mare
2900 4808 3069 4865 usque
3094 4792 3148 4846 in
3181 4792 3436 4865 AFr-isiam‘,
3476 4812 3692 4857 omnes

2092 4866 2340 4922 videlicet
2367 4861 2724 4935 episcopatus,
2761 4861 3024 4935 abhatias,
3056 4862 3362 4935 comitatus,
3395 4862 3577 4925 ﬁscos,
3624 4878 3695 4922 et

2091 4936 2270 4989 omnia
2300 4931 2439 4987 infra
2461 4931 2746 5002 prtedictos
2778 4932 2914 5002 lines
2947 4931 3317 4996 consistentia,
3345 4947 3467 4986 cum
3492 4938 3693 4989 omni-

2088 5004 2192 5059 bus
2225 5004 2295 5058 ad
2323 5018 2383 5061 se
2410 5001 2820 5072 pertinentibus,
2867 5001 2924 5061 in
2949 5015 3265 5072 quacunque
3289 5002 3509 5071 regione
3534 5019 3693 5061 eo..-

2093 5069 2486 5139 sistebantﬁct
2526 5072 2610 5126 sui
2632 5069 2771 5140 juris
2813 5083 2934 5124 esse
2979 5069 3487 5140 videbanturguna
3539 5088 3689 5130 cum

2093 5110 2357 5131 ..οκηηπη
2376 5113 2391 5139 ,
2420 5110 2486 5131 ςυ.
2528 5110 2610 5126 υ...
2632 5110 2771 5140 ν...»
2814 5110 2934 5124 νην
2989 5110 3284 5135 ............._...
3385 5110 3487 5132 ψ...
3540 5110 3689 5130 νη...

2092 5141 2413 5220 auctoritate
2437 5140 2613 5220 divina
2630 5142 2794 5220 atque
2821 5147 3038 5220 paterna
3061 5137 3284 5220 praefato
3309 5110 3417 5193 lilio
3442 5156 3541 5220 suo
3562 5140 3694 5197 Ca-

2094 5210 2209 5273 rolo
2234 5210 2400 5263 dedit.
2438 5228 2456 5260 ι
2492 5208 2625 5264 Vide
2648 5206 2808 5263 etiam
2826 5206 3438 5274 Annales’Bertinianos,
3465 5211 3533 5263 ad
3561 5224 3688 5265 an-

2093 5294 2223 5332 num
2247 5279 2370 5333 857.
2398 5278 2598 5338 ΒΑιῠι.

2166 5349 2193 5387 b
2219 5348 2295 5400 ita
2324 5347 2508 5401 habuit
2534 5354 2688 5400 vetus
2723 5344 2918 5400 scheda
2957 5360 3117 5413 quam
3140 5361 3240 5401 nos
3276 5345 3525 5401 vidimus.
3574 5347 3697 5406 Sic

2093 5418 2254 5470 etiam
2284 5415 2452 5469 edidit
2484 5414 2725 5484 Pithmus
2754 5415 3085 5484 Duchesnius
3110 5416 3270 5469 habet
3296 5415 3569 5484 quemlibet
3610 5418 3699 5471 li-

2094 5486 2271 5539 beram
2320 5485 2598 5538 hominem.
2646 5483 2781 5539 Puto
2815 5492 2993 5537 autem
3038 5483 3187 5537 illum
3230 5483 3335 5539 ista
3362 5494 3695 5543 mutuattun

2094 5569 2213 5610 esse
2236 5569 2304 5608 ex
2329 5553 2503 5622 capite
2525 5561 2716 5609 octavo
2741 5553 3019 5608 divisionis
3039 5552 3216 5609 Caroli
3238 5553 3436 5623 Magni.
