3974 6134
315 191 421 252 $39

667 309 849 366 HAEC
899 310 1082 367 SUNT
1119 315 1134 344 ί
1166 311 1508 373 ΕᾹΡΙΤΠΙΑ
1549 319 1570 348 ⁸

598 417 734 466 quas
760 403 781 434 ³
803 420 1011 460 nouxus
1058 423 1394 465 "LOTIIARIIIS
1422 409 1443 441 ’⁵
1471 427 1574 466 nex
1603 411 1625 443 "

312 489 435 574 ιἠιε
460 509 580 584 cum
597 509 863 584 fatiscere
884 496 1364 584 ﬁdeliumfuorum
1398 503 1652 584 excerpsit
1670 503 1778 584 “de
1801 504 1908 558 Ca-

378 563 563 644 pitulis
588 563 768 644 domui
805 563 992 644 Knroli
1018 569 1144 644 ari"
1167 571 1272 644 sui,
1295 588 1359 644 ac
1390 563 1707 644 serenissimi
1741 575 1906 644 impe-

377 633 576 713 ratoris
611 632 908 715 ιῌιεςίοςιήεῇ
929 636 951 666 ⁸
991 632 1376 715 genitoris—sui,
1418 641 1589 715 Ραρίᾳ
1617 645 1672 698 in
1703 632 1904 715 palatio

381 702 544 772 regio,
714 702 1010 786 indictione
1045 708 1206 786 lQma,
1245 720 1295 764 et
1329 702 1516 766 cuncto
1558 713 1578 744 ’
1615 702 1806 796 poéufp
1849 715 1905 767 in

379 771 537 843 regno
562 771 758 828 Italiae
795 776 1095 830 remittenti
1129 771 1436 836 conservare
1457 771 1718 854 praecepit
1747 785 1809 836 ³ο.

377 884 432 937 1.
468 883 546 938 De
583 885 831 942 ecclesiis
870 889 1224 946 emendandis
1258 893 1538 960 volumus,
1577 906 1636 950 ut
1665 896 1738 952 ita
1773 913 1902 953 con-

305 984 554 1045 servetur
589 977 632 1010 ιι
653 979 788 1034 sicut
817 979 870 1034 in
900 982 1195 1051 capitularc
1222 993 1409 1042 nostro
1429 989 1736 1044 continetur
1760 988 1903 1060 quod

301 1069 374 1120 ad
403 1065 670 1123 Olonnam
701 1070 742 1100 "
775 1067 1020 1127 fecimus.
1070 1072 1138 1127 Et
1165 1075 1256 1130 ubi
1293 1076 1345 1130 in
1375 1093 1482 1135 uno
1506 1079 1624 1135 loco
1659 1081 1703 1112 ¹³
1723 1081 1906 1151 plures

303 1164 434 1210 sunt
465 1171 629 1226 quam
676 1171 898 1216 necesse
931 1162 1024 1226 sit,
1061 1163 1430 1224 destruantur.
1476 1171 1631 1238 Quod
1670 1173 1717 1228 si
1763 1171 1904 1230 forte

305 1250 360 1302 in
409 1249 592 1320 aliquo
630 1248 676 1283 “
721 1257 841 1310 loco
883 1256 1146 1312 aecclesia
1190 1259 1262 1314 sit
1307 1270 1619 1320 constructa
1654 1265 1714 1329 ”,
1764 1279 1904 1336 quae

305 1350 487 1397 tamen
517 1346 826 1400 necessaria
849 1346 924 1402 sit
949 1357 1004 1402 et
1027 1349 1164 1404 nihil
1189 1352 1331 1408 dotis
1357 1355 1626 1421 habuerit,
1656 1357 1904 1413 volumus

303 1443 358 1488 ut
406 1435 704 1490 secundum
729 1438 1022 1492 iussionem
1053 1441 1234 1496 domui
1267 1451 1322 1497 et
1355 1445 1617 1511 genitoris
1659 1447 1831 1502 nostri
1860 1447 1902 1478 "

302 1541 444 1581 unus
477 1541 700 1583 mansus
723 1544 844 1584 cum
886 1531 926 1562 "
955 1533 1238 1589 duodecim
1274 1537 1555 1594 hunnariis
1584 1539 1626 1572 ¹⁸
1651 1539 1718 1596 de
1756 1551 1902 1598 terra

298 1619 493 1674 arabili
536 1619 580 1651 ³³
606 1620 680 1676 ibi
707 1622 866 1678 detur
906 1609 960 1680 et
995 1627 1266 1698 mancipia
1301 1629 1346 1661 "
1372 1629 1480 1686 duo
1513 1647 1544 1686 a
1578 1633 1762 1689 liberis
1809 1637 1904 1691 ho-

601 198 831 256 consx
864 199 1388 263 DlPLOMATlCUS.
1417 235 1491 249 -
1517 200 1837 264 Lunovun
1889 209 1909 264 ι
1948 177 2036 265 ετ
2074 209 2398 268 Lormnu
2433 211 2917 275 CAPITULABIA.
2947 252 3018 262 —
3043 219 3146 278 Au.
3186 223 3312 282 852.

3496 223 3604 283 650

1931 330 1980 386 Α
2013 328 2125 375 tum
2156 323 2200 354 "
2225 323 2306 378 eis
2332 323 2620 382 ministret.
2661 328 2765 398 Ipsi
2805 338 2982 386 tamen
3026 334 3225 390 nullam
3274 337 3508 394 habeant
3541 341 3605 396 li-

2011 411 2243 465 centiam
2275 415 2501 483 vagandi
2524 426 2618 472 aut
2643 419 2998 484 discurrendi,
3032 424 3147 478 sive
3171 425 3240 480 ad
3263 425 3463 496 placita
3489 429 3604 486 sive

2007 500 2076 554 ad
2121 501 2380 570 palatium
2405 544 2421 569 ,
2466 506 2581 563 sive
2613 509 2680 562 ad
2709 508 2859 580 ipsas
2897 526 2984 567 res
3025 529 3169 583 quas
3193 517 3444 586 proprias
3475 528 3606 576 ante

2008 589 2312 648 habuerunt
2344 593 2391 626 ³⁸
2417 596 2534 652 sine
2554 598 2772 654 licentia
2796 601 2880 656 sui
2902 603 3140 674 episcopi
3167 621 3183 658 :
3209 607 3306 664 sed
3335 607 3390 662 in
3413 609 3606 666 eodem

2005 681 2126 736 loco
2179 683 2272 738 ubi
2306 685 2412 741 sibi
2455 690 2812 746 constitutum
2854 701 2974 759 est,
3025 708 3178 750 suam
3212 699 3604 767 poenitentiam

2005 772 2203 844 iugiter
2226 783 2408 846 agant.
2443 777 2598 846 Quod
2631 781 2675 836 si
2699 781 2804 838 hoc
2828 798 2936 840 non
2961 785 3368 846 observaverint
3398 789 3464 859 ⁸⁸,
3499 793 3608 863 pri-

2005 881 2154 921 mum
2176 870 2493 927 verberibus
2512 873 2940 944 coherceantur;
2967 882 3111 950 quod
3135 882 3181 936 si
3205 897 3306 940 nec
3337 884 3418 942 sic
3441 887 3609 942 casti-

2003 959 2249 1028 gaverint
2274 961 2340 1026 '°,
2379 963 2433 1016 in
2461 964 2555 1018 tali
2593 965 2712 1021 loco
2738 967 3117 1038 recludantur,
3153 973 3268 1041 ubi,
3306 975 3476 1032 velint
3508 993 3610 1036 uo-

2005 1046 2106 1101 lint
2130 1047 2198 1114 ³²,
2217 1048 2272 1104 ἱη
2305 1050 2349 1082 ³²
2373 1053 2704 1120 poenitentia
2727 1055 2930 1112 vivant.

2073 1137 2127 1193 4.
2160 1139 2230 1196 Ut
2264 1142 2443 1198 nullus
2469 1145 2654 1202 ebrius
2678 1161 2831 1202 suam
2856 1160 3076 1206 causam
3106 1152 3160 1206 in
3191 1153 3411 1212 mallum
3433 1157 3608 1228 possit

2004 1233 2328 1301 conquirere
2354 1250 2453 1291 nec
2480 1237 2849 1295 testimonium
2873 1241 3092 1311 dicere;
3120 1259 3219 1302 nec
3243 1247 3414 1305 comis
3437 1248 3608 1320 placi-

2005 1329 2120 1376 tum
2157 1323 2354 1380 habeat
2380 1327 2484 1382 nisi
2513 1327 2748 1386 ieiunus.

2074 1411 2128 1466 5.
2159 1413 2237 1470 De
2271 1428 2297 1456 ο
2333 1417 2784 1477 reclamatoribus
2807 1422 2892 1478 vel
2917 1426 3240 1492 causedicis,
3281 1429 3372 1498 qui
3400 1445 3499 1487 nec
3523 1433 3608 1488 iu-

2002 1499 2205 1556 dicium
2241 1505 2584 1562 seabinorum
2623 1511 2972 1580 adquiescere
3014 1531 3116 1572 nec
3144 1517 3470 1576 blasl‘emare
3510 1537 3608 1580 vo-

2004 1593 2140 1660 lunt,
2164 1597 2386 1667 antiqua
2410 1603 2746 1658 consuetudo
2767 1615 3016 1660 servetur
3040 1623 3054 1672 ;
3093 1607 3147 1663 id
3171 1617 3255 1664 est
3275 1610 3329 1664 in
3356 1613 3605 1670 custodia

300 1710 538 1767 minibus
567 1712 658 1782 qui
701 1714 770 1770 ad
814 1716 1041 1772 andem
1082 1682 1771 1780 θωῑρείαωςῇἰέώᾶὧέἰ
1803 1682 1897 1782 5;
1927 1710 1974 1771 Β
2005 1682 2374 1782 recludantur,
2419 1687 2591 1782 donec
2625 1707 2792 1746 unum
2813 1707 2846 1748 e
2881 1695 3090 1752 duobus
3129 1695 3352 1782 faciant.
3381 1702 3448 1756 Et
3465 1703 3510 1761 si
3535 1707 3607 1762 ad

298 1799 465 1854 beant
509 1801 554 1832 ¹¹
585 1802 794 1870 audire,
834 1815 892 1859 ut
928 1809 1238 1864 sacerdotes
1265 1812 1310 1841 "
1342 1811 1415 1866 ibi
1450 1813 1660 1882 possint
1693 1829 1814 1871 esse
1845 1827 1902 1872 et

295 1889 514 1947 divinus
543 1891 724 1949 cultus
749 1895 887 1952 tieri.
937 1895 1093 1964 Quod
1119 1899 1164 1954 si
1189 1899 1294 1957 hoc
1319 1902 1552 1972 populus
1586 1885 1766 1960 facere
1803 1924 1900 1964 no-

297 1981 484 2048 luerit,
523 1985 856 2044 destruatur.

365 2092 424 2147 2.
457 2092 748 2166 Sanguinis
772 2097 962 2156 elfusio
986 2100 1039 2154 in
1070 2101 1300 2158 ecclesia
1338 2101 1479 2160 facta
1504 2121 1628 2162 cum
1654 2105 1814 2172 fuste,
1848 2109 1894 2164 si

292 2184 580 2255 presbyter
625 2183 828 2252 fuerit,
889 2189 1050 2260 triplo
1103 2203 1474 2261 conponatur:
1531 2194 1666 2250 duas
1713 2206 1898 2266 partes

293 2276 472 2331 eidem
503 2279 840 2351 presbytero,
871 2283 1084 2336 tertiam
1108 2299 1204 2352 pro
1229 2282 1382 2341 fredo
1405 2287 1473 2342 ad
1507 2287 1816 2354 ecclesiam,
1841 2299 1896 2344 et

293 2366 518 2438 insuper
538 2369 775 2426 bannum
803 2381 1068 2440 nostrum.
1100 2372 1362 2431 Similiter
1389 2377 1455 2432 de
1488 2377 1718 2434 diacono
1744 2379 1893 2434 iuxta

293 2460 746 2529 compositionem
777 2463 896 2519 eius
917 2463 972 2518 in
1003 2465 1163 2536 triplo
1186 2482 1310 2522 cum
1330 2468 1508 2524 hanno
1541 2479 1729 2526 nostro
1758 2486 1893 2527 con-

293 2555 546 2618 ponatur.
609 2549 687 2603 De
729 2551 1060 2608 subdiacono
1101 2553 1350 2609 similiter
1390 2556 1551 2626 triplo
1595 2560 1892 2615 secundum

292 2655 451 2694 suam
501 2643 928 2712 conpositionem
979 2645 1046 2698 ”.
1107 2646 1183 2702 De
1214 2648 1637 2722 uniuscuiusque
1687 2653 1895 2711 ordinis

293 2730 514 2798 clerico,
550 2735 850 2789 secundum
889 2751 1043 2791 suam
1087 2740 1514 2808 conpositionem
1564 2742 1725 2812 triplo
1761 2757 1891 2813 per-

294 2823 558 2890 solvatur,
588 2825 809 2894 insuper
837 2827 1050 2883 bannus
1079 2837 1283 2886 noster.
1321 2830 1584 2889 Similiter
1603 2847 1652 2888 et
1691 2835 1756 2890 de
1779 2835 1890 2890 ictu

291 2913 416 2969 sine
439 2914 717 2984 sanguinis
741 2915 1004 2974 effusione
1021 2917 1090 2974 de
1116 2921 1534 2992 uniuscuiusque
1555 2925 1761 2982 ordinis
1781 2925 1891 2983 cle-

295 3006 414 3062 rico
449 3009 744 3064 secundum
791 3024 950 3072 suam
1001 3013 1434 3081 conpositionem
1471 3016 1632 3086 triplo
1685 3032 1888 3088 coupo-
1915 3047 1928 3060 ε

2004 1774 2265 1844 palatium
2303 1793 2404 1848 pro
2453 1779 2556 1837 hac
2591 1795 2650 1836 re
2684 1783 3038 1842 clamaverint
3076 1798 3131 1844 et
3151 1781 3376 1850 'litteras
3401 1796 3606 1854 detule-

2003 1867 2132 1933 rint,
2167 1885 2276 1925 non
2311 1872 2528 1941 quidem
2565 1875 2646 1930 eis
2681 1878 2972 1946 credatur;
3021 1897 3122 1938 nec
3167 1891 3346 1942 tamen
3386 1888 3441 1942 in
3485 1904 3606 1946 car-

2000 1971 2125 2012 cere
2145 1971 2454 2029 ponantur;
2503 1965 2598 2020 sed
2635 1981 2758 2021 cum
2785 1970 3030 2025 custodia
3061 1980 3116 2026 et
3153 1973 3182 2014 δ
3207 1989 3330 2030 cum
3355 1977 3486 2048 ipsis
3517 1979 3606 2036 lit-

2001 2051 2132 2107 teris
2178 2055 2386 2122 paritcr
2421 2057 2488 2110 ad
2532 2057 2791 2126 palatium
2829 2070 3074 2117 nostrum
3117 2066 3501 2137 remittantur,
3543 2082 3606 2129 ut

1999 2143 2071 2198 ibi
2101 2144 2464 2201 discutiantur
2495 2148 2637 2203 sicut
2660 2151 2881 2222 dignum
2909 2161 3011 2208 est.

2068 2257 2118 2311 6.
2158 2258 2234 2314 De
2257 2260 2750 2330 conspirationibus
2775 2265 3102 2338 quicumque
3125 2268 3306 2329 facere
3328 2288 3604 2345 praesum-

1995 2351 2196 2420 pserit,
2233 2360 2288 2406 et
2322 2365 2666 2411 sacramento
2701 2373 3100 2432 quamcumque
3142 2367 3601 2436 conspirationem

1997 2442 2350 2509 ﬁrmaverint,
2381 2446 2576 2516 triplici
2601 2449 2810 2505 ratione
2836 2451 3160 2511 iudicentur.
3197 2456 3381 2516 Primo
3402 2471 3463 2518 ut
3485 2465 3603 2520 ubi-

1995 2547 2226 2602 cumque
2261 2533 2480 2605 aliquod
2514 2538 2714 2594 malum
2747 2555 2846 2610 per
2870 2543 2973 2601 hoc
3007 2557 3380 2618 perpetratum
3413 2553 3600 2623 fuerit,

1993 2633 2245 2681 auctores
2293 2625 2422 2683 facti
2465 2629 2893 2697 interliciantur.
2939 2638 3215 2698 adiutores
3247 2659 3378 2702 vero
3411 2662 3602 2706 eorum

1993 2717 2133 2774 alter
2157 2719 2224 2775 ab
2249 2716 2420 2777 altero
2435 2719 2789 2794 ﬂagellentur,
2819 2737 2874 2783 et
2895 2745 3056 2786 nares
3079 2735 3184 2790 sibi
3203 2736 3435 2796 invicem
3451 2757 3603 2812 prae-

1992 2810 2196 2865 cidant.
2238 2823 2259 2850 ε
2296 2812 2399 2868 Ubi
2423 2830 2552 2871 vero
2577 2817 2712 2872 nihil
2748 2820 2875 2874 mali
2898 2833 3272 2892 perpetratum
3307 2840 3410 2896 est,
3451 2810 3602 2891 simi-

1991 2899 2114 2956 liter
2145 2902 2360 2972 quidem
2389 2905 2532 2960 inter
2575 2921 2634 2962 se
2667 2906 3020 2980 ﬂagellentur,
3067 2924 3124 2971 et
3161 2921 3384 2988 capillos
3409 2924 3454 2957 ³³
3495 2927 3600 2984 sibi

1990 2990 2231 3048 vicissim
2257 2994 2574 3051 detundant.
2629 2997 2685 3053 Si
2729 3015 2858 3057 vero
2883 3018 2981 3072 per
3001 3005 3222 3065 dextras
3252 3012 3436 3082 ali.,ua
3469 3031 3600 3072 con-

294 3110 462 3156 mu",
483 3141 498 3166 ’
555 3101 776 3173 insuper
817 3105 1028 3162 bamus
1079 3119 1284 3164 noster.
1335 3109 1398 3163 Ε,
1443 3083 1557 3178 qui'
1578 3124 1682 3165 non
1730 3083 1892 3166 habet
1917 3088 1966 3156 ο
1994 3083 2459 3178 spiratiolirmata
2487 3084 2671 3155 fuerit,
2701 3089 2748 3144 si
2779 3089 2932 3146 liberi
2971 3104 3116 3162 sunt,
3149 3106 3244 3152 aut
3271 3099 3449 3157 iurent
3474 3118 3599 3162 cum

291 3193 450 3248 unde
471 3195 542 3249 ad
574 3195 863 3252 ecclesiam
902 3199 1195 3268 persolvat,
1231 3201 1406 3258 tradat
1441 3215 1501 3257 se
1533 3201 1586 3256 in
1611 3203 1890 3258 servitium

289 3286 470 3341 eidem
509 3287 777 3345 ecclesiae
822 3305 996 3362 usque
1028 3293 1155 3349 dum
1203 3301 1372 3350 totum
1411 3295 1649 3351 debitum
1687 3296 1894 3366 persol-

365 3469 401 3523 5
427 3467 494 3522 ’⁸.
526 3467 828 3529 Statuimus
861 3474 930 3531 de
952 3475 1270 3546 presbiteris
1300 3487 1352 3533 et
1379 3477 1696 3534 diaronibus
1720 3479 1893 3535 eccle-

289 3559 516 3617 siastico
540 3563 743 3620 honore
769 3565 1014 3635 privatis,
1050 3578 1108 3624 ut
1136 3568 1448 3642 redigantur
1470 3571 1797 3641 poenitentia
1821 3573 1886 3637 “,

289 3650 434 3706 sicut
459 3669 696 3712 canones
724 3658 1086 3728 praecipiunt.
1137 3660 1202 3715 Et
1245 3660 1289 3716 si
1332 3661 1498 3717 habet
1521 3663 1808 3732 episcopus
1833 3663 1887 3718 in

287 3758 392 3798 sua
433 3747 715 3813 parrochia
755 3765 910 3804 suum
948 3751 994 3782 ⁸⁸
1016 3752 1424 3822 monasterium,
1475 3753 1544 3810 ibi
1584 3755 1887 3810 mittantur.

287 3834 447 3903 Quod
470 3837 516 3893 si
557 3841 943 3896 monasterium
975 3857 1080 3899 non
1130 3843 1398 3910 habuerit,
1443 3857 1570 3902 tunc
1597 3849 1890 3917 praecipiat

286 3926 595 3996 episcopus,
640 3937 701 3983 ut
738 3930 814 3984 illi
850 3932 984 3988 tales
1029 3933 1268 3990 habitent
1318 3935 1370 3989 in
1420 3935 1507 3990 illa
1555 3938 1712 4008 plebe
1749 3941 1891 3996 unde

286 4021 551 4082 sunt;'et
593 4017 640 4071 si
671 4033 758 4074 res
793 4021 1039 4090 proprias
1073 4023 1381 4090 habuerint,
1429 4026 1628 4098 eligant
1663 4029 1764 4084 sibi
1810 4039 1891 4084 ta-

285 4106 398 4162 lem
421 4115 708 4179 patronum
732 4113 824 4184 qui
850 4115 914 4170 de
934 4115 1068 4186 ipsis
1095 4119 1254 4174 rebus
1295 4119 1492 4176 vietum
1517 4130 1572 4175 et
1597 4120 1890 4177 vestimen-

1999 3176 2208 3233 idoneis
2235 3177 2564 3234 iuratoribus
2603 3181 2708 3237 hoc
2736 3197 2834 3252 pro
2869 3185 3016 3242 malo
3041 3205 3150 3244 non
3187 3189 3403 3261 fecisse,
3431 3203 3527 3253 aut
3549 3199 3598 3256 si

1999 3265 2177 3323 facere
2224 3285 2330 3324 non
2377 3273 2686 3339 potuerint,
2741 3291 2897 3332 suam
2941 3277 3114 3352 legem
3157 3296 3502 3358 conponam;
3551 3293 3598 3350 si

1932 3385 1943 3394 -
1998 3373 2128 3415 vero
2155 3359 2202 3392 “
2222 3361 2364 3416 servi
2392 3361 2612 3432 fuerint,
2653 3364 3008 3439 ﬂagellentur.
3047 3373 3116 3430 Et
3156 3384 3216 3432 ut
3249 3377 3316 3434 de
3338 3388 3521 3440 cetero
3543 3385 3600 3440 in

1998 3465 2164 3522 regno
2197 3463 2386 3510 nostro
2424 3455 2570 3511 nulla
2606 3457 2915 3517 huiusmodi
2962 3465 3294 3536 conspiratio
3323 3469 3452 3540 ﬁat,
3497 3489 3600 3533 nce

1997 3561 2096 3616 per
2117 3557 2519 3604 sacramentum
2547 3567 2646 3608 nec
2675 3553 2792 3610 sine
2816 3568 3238 3616 sacramentum.

2067 3659 2098 3713 7
2124 3661 2192 3714 ³⁸.
2238 3662 2314 3717 De
2360 3665 2710 3732 oppressione
2753 3682 3052 3746 pauperum
3086 3670 3380 3730 liberorum
3423 3677 3598 3735 homi-

1997 3765 2146 3816 num,
2181 3761 2239 3806 ut
2265 3769 2372 3808 non
2403 3755 2533 3810 liant
2558 3771 2586 3809 a
2610 3759 3008 3826 potentioribus
3030 3778 3129 3832 per
3151 3764 3368 3836 aliquod
3391 3768 3596 3824 malum

1997 3841 2269 3913 ingenium
2305 3855 2496 3901 contra
2534 3848 2796 3903 iustitiam
2831 3855 3096 3921 oppressi,
3127 3857 3200 3910 ita
3227 3866 3287 3912 ut
3310 3861 3483 3917 coacti
3505 3877 3596 3919 res

1995 3951 2182 3992 eorum
2210 3939 2444 3995 vendant
2465 3949 2560 3996 aut
2583 3943 2818 3998 tradant.
2867 3945 2991 4001 ideo
3021 3947 3156 4004 haec
3182 3949 3250 4005 de
3283 3950 3472 4009 liberis
3496 3955 3596 4011 ho-

1998 4028 2232 4084 minibus
2258 4030 2511 4098 diximus,
2548 4047 2616 4088 ne
2641 4032 2780 4090 forte
2813 4045 3068 4106 parentes
3102 4049 3292 4096 contra
3326 4043 3593 4105 iustitiam

1996 4119 2128 4175 [iant
2177 4121 2488 4190 exeredati,
2527 4131 2581 4178 et
2615 4125 2795 4199 regale
2845 4127 3166 4200 obsequium
3203 4131 3496 4202 minuatur,
3535 4144 3592 4194 et

1504 4253 1592 4313 VA
1603 4251 1898 4308 RIANTES
1939 4252 2346 4312 LECTIONES.

361 4371 598 4480 ’,ἔηῖῖνξι
628 4389 686 4476 ε.
709 4371 923 4480 res.
955 4379 1052 4480 ἐξ·
1528 4380 1754 4480 νιπξιξῇ
1789 4379 2399 4480 f2:-..l:e’:r2.ieuel
2816 4411 2953 4480 ιιτ.ι›ο
2991 4413 3025 4480 τε
3059 4399 3590 4480 ιοίιιειίοὶηιρεηι-

283 4450 446 4515 tore;
470 4441 586 4515 Est.
665 4444 686 4476 ³
709 4461 868 4515 quem
902 4446 952 4502 1.
991 4447 1045 4502 2.

279 4513 364 4582 pit
407 4511 574 4582 Varie.
649 4515 670 4546 "
706 4511 814 4570 atrii
846 4517 894 4570 Ι.
969 4519 1285 4576 ειυιίοιιιιίοἱ
1329 4521 1380 4574 1.

279 4655 675 4724 structamAqui
699 4654 795 4710 Ch.

1144 4449 1166 4481 "
1193 4449 1545 4539 l’ottariu'sni.‘
1609 4453 1630 4484 ⁵
1664 4449 2082 4539 ξςκβηειῖιιιθνό
2119 4455 2296 4539 iussit:
2328 4449 2391 4512 2.’
2423 4449 2914 4539 (reliqnaut'tesnnt):

1456 4521 1628 4595 _’cum
1667 4521 1862 4595 Vatiae
1917 4525 1958 4556 ¹⁰
1988 4526 2234 4595 concepit
2271 4527 2323 4580 1.

281 4580 477 4637 ruetur
512 4580 570 4638 γ.
649 4586 700 4623 ¹⁸-
715 4588 783 4640 ad
808 4587 1055 4643 dolonam
1091 4589 1158 4644 P.
1187 4591 1381 4646 olonna
1401 4590 1496 4646 Ch.
1573 4593 1616 4624 ¹³
1643 4609 1807 4647 unum
1850 4593 2026 4649 locum
2059 4594 2156 4649 Ch.

872 4659 916 4690 ¹⁶
946 4661 1150 4716 nostris
1184 4659 1280 4716 C/t.
1315 4660 1382 4714 Ρ.
1463 4663 1502 4694 ⁸⁷
1531 4663 1671 4718 deest
1698 4664 1760 4717 P.
1841 4664 1884 4694 ⁸⁸
1907 4665 2166 4722 bichariis
2215 4665 2310 4722 Cli.
2349 4667 2410 4722 V.
2457 4669 2550 4726 Vn.
2589 4675 2658 4727 Ε.

3005 4469 3026 4500 ⁸
3059 4475 3296 4530 excersit
3328 4477 3380 4532 l.
3428 4469 3589 4538 cxce-

2354 4531 2618 4608 praecipit
2651 4531 2847 4608 ξῖιιιὶε.Δ
2870 4531 2880 4539 ⁷
2901 4538 2941 4568 ⁸⁸
2975 4540 3282 4601 obsernetis
3318 4531 3386 4602 Ρ.
3429 4531 3589 4608 obse-

2257 4597 2302 4677 ξι
2335 4597 2734 4677 εειίορρῖηιίο
2765 4605 2864 4677 rel.
2946 4609 2990 4640 η
3014 4597 3342 4671 aeu-lesiatn
3361 4597 3587 4677 ἐίιῖοῖ-

2738 4675 2780 4706 ¹⁹
2802 4679 3007 4760 arahile
3041 4681 3137 4737 Ch.
3170 4756 3182 4762 _
3209 4687 3259 4762 1°
3287 4675 3586 4762 mancipias

278 4724 423 4833 doliis
443 4723 512 4778 ad
537 4721 634 4778 (ΖΕ.
657 4795 676 4833 Ι
710 4727 754 4757 ἰ
784 4726 935 4833 delest
958 4728 1023 4782 1»,
1069 4730 1146 4833 "’1'
1172 4731 1423 4833 sacerdos
1459 4732 1699 4833 i..‘possit
1730 4733 1817 4833 Pii.ﬁ
1871 4735 1918 4766 aa
1943 4737 2372 4833 conppsilionem
2405 4757 2564 4833 iisun
2603 4748 3262 4833 conpositionem£165qu

278 4807 342 4833 cn
381 4809 461 4833 ηρ
487 4808 503 4822 ⁸
537 4810 656 4833 nun:
709 4812 836 4833 enim
860 4815 933 4833 om
964 4816 1027 4833 nm
1141 4818 1170 4833 η
1213 4818 1357 4833 ΛΙΙΙΙΑΙ
1396 4820 1507 4833 ιιι-η.
1539 4822 1567 4833 ι.
1597 4821 1672 4833 ...ια
1853 4815 2004 4833 ιιι-...ιι
2039 4825 2082 4833 η-
2112 4817 2180 4833 ι.-.
2216 4819 2257 4833 ,ι
2302 4825 2354 4833 ,μ
2475 4830 2528 4833 μυ
2556 4829 2564 4833 .

278 4793 516 4876 ςράίσε-ξ-
535 4795 935 4876 quatis-aprici?
963 4816 1027 4876 ea:
1061 4799 1359 4876 Illudoleici
1375 4793 1694 4876 capit-ulmi.
1773 4804 1817 4835 ἰῖ
1847 4815 2004 4876 caput
2033 4793 2180 4861 (idest
2208 4819 2257 4862 et
2300 4809 2356 4864 in
2396 4793 2584 4866 Bidnti.
2608 4793 2872 4873 "iﬁlli:

357 4861 778 4949 uestitutn‘BhlltX
803 4861 812 4866 ⁷
839 4869 1201 4949 “diali-norint
1225 4870 1286 4924 P.
1365 4873 1409 4902 ²⁹
1445 4861 1890 4949 conseruaugrint
2083 4878 2138 4949 A’f’
2164 4861 2677 4949 eaStigati—iileiiitit.

277 4928 330 4962 ⁸³
357 4947 521 4988 nares
593 4933 640 4965 ”
661 4933 757 4990 Ch.
793 4952 838 4992 s.
871 4936 907 4991 Γ.
935 4938 972 4993 Γ.
1000 4940 1065 4994 Et
1090 4951 1148 4994 ut
1171 4943 1235 4996 de
1255 4952 1435 4998 cetero
1459 4944 1642 4998 desum
1671 4928 1727 4999 ini

1907 4946 1953 4978 ³⁵
1979 4962 2047 5002 ex
2071 4946 2176 5002 805
2205 4951 2260 5003 Β.
2297 4946 2379 5005 f6.
2409 4953 2565 5008 cuius
2594 4958 2782 5011 ultima
2819 4946 3090 5017 sententia
3135 4946 3357 5022 cncidit.

2920 4834 2974 4890 p.
3027 4823 3114 4878 BI.
3192 4827 3238 4858 “
3279 4828 3420 4884 deest
3461 4823 3582 4888 lilii.

2881 4889 2933 4970 ³¹ζ
2955 4891 3098 4970 deest
3140 4893 3205 4948 P.
3241 4966 3252 4970 _
3280 4899 3354 4970 __”
3385 4915 3482 4970 sup
3509 4900 3580 4959 Ρ.

1812 5079 2044 5136 ΝΟΤΕ.

351 5191 376 5254 ξ
403 5178 461 5254 ιιι
488 5187 590 5254 est,
618 5181 969 5254 qui_ljtigant.
997 5185 1199 5241 Bswz.

352 5249 666 5327 lfCarolum
708 5249 958 5324 Magnum
1005 5271 1115 5310 non
1165 5272 1286 5312 esse
1332 5265 1661 5327 repertorem
1717 5261 1876 5316 istius

265 5319 418 5391 juris
438 5319 908 5396 colligi_potesi_ex
929 5327 1154 5396 epistola
1181 5327 1284 5382 104
1309 5319 1483 5384 sancti
1510 5328 1791 5396 Bonifacii,
1818 5333 1872 5387 in

317 5392 491 5470 ua_sic
509 5393 699 5447 scribit
719 5394 787 5448 ad
815 5392 1100 5470 Pippinum
1127 5413 1309 5470 regem
1333 5413 1348 5452 :
1379 5417 1398 5450 ι
1427 5398 1658 5466 Quidam
1685 5392 1876 5458 servus

317 5406 384 5445 ua
410 5406 491 5447 suc
509 5406 699 5447 serunt
719 5406 787 5448 au
815 5406 1100 5466 Pippinum
1127 5413 1309 5470 regem
1333 5413 1348 5452 :
1379 5417 1398 5450 ι
1427 5406 1658 5466 Quidam
1685 5417 1876 5458 servus

267 5406 537 5548 gcclesiae
559 5472 778 5548 nostris,
803 5472 860 5519 et
883 5467 997 5548 ipse
1018 5468 1482 5548 mendacissimus,
1517 5471 1610 5540 qui
1634 5487 1747 5548 nos
1758 5482 1878 5548 arte

273 5531 536 5602 fugiebat,
564 5531 757 5588 Anfrid
779 5531 1013 5601 nomine,
1042 5539 1266 5595 veniens
1292 5541 1359 5595 ad
1383 5531 1480 5596 nos
1498 5531 1621 5597 cum
1639 5543 1878 5599 indienlo

269 5611 483 5676 vestro,
516 5617 716 5676 rogans
757 5613 818 5660 ut
844 5608 894 5662 ei
931 5607 1200 5676 justitiam
1252 5609 1576 5674 faceremus,
1627 5614 1877 5670 misimus

275 5671 436 5728 illum
462 5674 528 5727 ad
556 5671 650 5728 vos
679 5689 802 5729 cum
847 5671 978 5746 ipsis
1008 5679 1206 5736 litteris
1234 5696 1356 5736 cum
1385 5671 1788 5754 missoinostro,
1819 5695 1879 5742 ut

530 5785 805 5847 PATROL.
857 5787 1112 5854 XCV“.

1909 5197 1958 5255 Ι)
1985 5197 2326 5264 cognoscatis
2351 5196 2474 5266 quia
2508 5199 2768 5271 mentitus
2795 5202 2949 5258 vobis
2973 5212 3074 5271 est,

3118 5216 3364 5278 petentes
3391 5223 3452 5270 ut
3479 5233 3581 5278 nos

1983 5279 2081 5334 pro
2110 5271 2355 5321 mercede
2396 5279 2573 5357 vestra
2601 5269 2660 5324 dt
2672 5269 3135 5357 fendatis'contra'
3146 5281 3280 5337 tales
3304 5269 3576 5357 falsarios:

1981 5344 2037 5389 ct
2061 5351 2248 5391 eorum
2273 5339 2566 5394 mendaciis
2593 5356 2697 5394 non
2718 5343 2974 5399 credatis.
3006 5365 3025 5398 ι
3061 5347 3136 5402 In.

2055 5407 2318 5494 cvqlossa‘
2346 5410 2658 5494 marginalis
2701 5412 2755 5494 in
2803 5411 3001 5471 Codice
3045 5416 3246 5494 Regio:
3282 5441 3302 5474 ι
3356 5424 3412 5482 Si
3439 5428 3574 5486 nihil

1985 5477 2504 5564 maliperpelrattnn
2541 5490 2646 5564 est,
2674 5491 2843 5548 actor,
2893 5477 3577 5564 secunduin‘quosdam,

1986 5547 2260 5603 Corsicam
2287 5559 2374 5605 est
2399 5551 2693 5627 mittendus
2711 5569 2727 5620 ;
2759 5547 3054 5627 secundum
3066 5547 3241 5624 alios:
3255 5547 3575 5627 “ciiiilius?

1986 5634 2147 5688 quam
2197 5635 2479 5704 sequaces
2503 5631 2613 5704 est_
2639 5623 3024 5696 ﬂagellandus;
3078 5623 3373 5693 secundum
3413 5623 3570 5704 alios,

1987 5699 2140 5746 actor
2163 5692 2300 5748 mori
2328 5693 2504 5748 debet.
2542 5713 2561 5748 ι
2595 5693 2672 5749 In.

2895 5817 2964 5879 21
