3974 6134
272 164 375 222 ωδ

583 164 815 223 CODEX
848 168 1786 233 DlPLOMATlCUS—LUDOVICI
1819 177 1839 232 ι

1989 177 2311 235 [ΟΤΙΙΛΒΠ
2341 179 3017 242 (ᾺΡΙΤυιΑΒΙΔ.-ΛΝ.
3055 185 3181 246 832.

3423 192 3529 250 (ἧι

343 278 428 334 i5.
458 277 529 335 lit
551 295 741 337 omnes
767 284 859 352 qui
896 298 996 353 per
1016 286 1198 357 aliqua
1223 291 1426 347 scelera
1450 292 1679 350 rebelles
1704 301 1848 357 sunt,
1886 297 1931 355 Λ
2025 291 2080 348 9.
2108 290 2165 349 Si
2183 292 2416 363 quisper
2437 292 2577 349 faida
2599 297 2829 365 pra-tium
2851 300 3090 370 recipere
3113 318 3218 356 non
3244 304 3375 369 vult,
3400 314 3527 363 tunc

273 373 710 443 constringantur
732 376 801 431 ab
825 377 972 432 omni
1000 380 1345 449 generaliter.

339 464 428 518 16.
458 464 534 519 De
559 465 645 521 his
684 466 777 536 qui
816 467 987 539 legem
1012 484 1230 527 servare
1269 474 1714 545 wntcmpserint,
1746 486 1807 530 ut
1834 479 1852 507 ‘

270 570 365 625 per
392 555 415 586 ’
445 553 790 614 ﬁdeiussores
835 558 891 613 in
915 560 1273 629 praesentiam
1309 572 1551 621 nostram
1581 567 1859 622 deducan-

272 658 380 703 "If.

340 737 431 791 17.
458 737 536 793 De
558 740 849 807 mensuris,
893 749 954 797 ιιι
977 745 1270 801 secundum
1296 745 1590 804 iussionem
1614 756 1856 804 nostram

270 828 523 898 aequales
549 828 705 885 ﬁant.

269 940 441 997 Facto
469 941 763 1029 capitulare
808 944 1185 1029 ungo-imperii
1222 946 1247 979 ⁸
1286 946 1624 1029 ιζοηιὶηοηιιιι
1656 958 1859 1029 nostro-

340 1029 461 1066 rum
496 1011 763 1067 Ludewici
788 1023 841 1067 et
869 1011 1104 1069 Lottario
1142 1017 1480 1071 nonodecinto
1510 1029 1563 1072 et
1604 1020 1859 1074 εει-(ἄρασς-

338 1082 497 1148 timo,
535 1098 710 1137 metm
746 1080 1061 1150 Februario,
1083 1085 1353 1140 iudicione
1378 1086 1601 1142 decima.

760 1197 897 1237 ιτειι
923 1199 1048 1238 λιιΑ
1072 1198 1189 1238 CAP]
1196 1200 1356 1240 Τυιιὶ.

339 1271 394 1327 1.
419 1272 499 1328 De
522 1273 754 1330 cerariis
786 1271 810 1305 ⁵
845 1280 901 1328 et
926 1273 1205 1330 tabulariis
1228 1282 1390 1347 atque
1415 1275 1724 1335 cartulariis
1740 1318 1755 1345 ,
1783 1279 1858 1335 si-

262 1372 362 1419 cut
384 1378 417 1416 a
444 1363 604 1433 longo
629 1371 872 1433 tempore
894 1361 1019 1428 fuit,
1056 1372 1320 1419 servetur.

338 1450 395 1505 ἰ.
424 1451 501 1506 De
524 1451 881 1507 sacramentis
902 1465 1002 1520 per
1031 1452 1242 1508 ildonea
1282 1455 1512 1511 invicem
1537 1470 1661 1513 cum
1705 1456 1854 1512 iura-

268 1542 479 1599 toribus
503 1560 662 1600 nemo
683 1544 862 1602 facere
889 1556 1218 1616 praesumat.
1264 1548 1387 1606 Alio
1413 1564 1541 1606 vero
1581 1551 1740 1607 modo
1785 1552 1853 1609 de

1958 386 2025 441 ad
2048 401 2147 441 nos
2173 387 2245 441 sit
2289 389 2660 455 transmissus,
2703 398 2760 445 et
2801 408 2899 447 nos
2929 408 3052 450 eum
3101 396 3394 469 dirigamus
3440 401 3530 457 ubi

1957 476 2212 532 damnum
2231 478 2453 533 minime
2472 477 2646 534 facere
2673 481 2862 549 possit.

2027 565 2115 621 10.
2149 564 2323 622 Simili
2348 567 2505 623 modo
2529 577 2584 623 ct
2606 570 2699 638 qui
2722 570 2744 600 “
2767 586 2869 640 pro
2900 570 3037 627 faida
3063 576 3294 645 pretium
3324 578 3534 635 soivero

1957 658 2241 716 noluerunt
2270 673 2371 716 nec
2398 660 2658 716 iustitiam
2683 663 2875 718 exinde
2920 665 3117 731 facere,
3158 668 3213 722 in
3273 669 3364 723 tali
3415 670 3533 727 loco

1954 763 2078 803 cum
2106 749 2321 804 mittere
2351 749 2620 817 volumus,
2643 758 2703 806 ut
2721 766 2822 822 pro
2845 754 3035 810 eodem
3066 756 3239 812 maior
3274 759 3535 817 damnum

1958 853 2063 894 non
2084 847 2310 895 crescat.

2028 929 2116 984 11.
2167 930 2242 985 De
2277 929 2576 985 latronibus
2619 930 2695 985 ita
2721 931 3079 1003 praecipimus
3115 936 3530 1005 observandum,

1928 1029 2016 1089 fut
2035 1018 2206 1090 prima
2225 1017 2379 1091 culpa
2407 1034 2515 1076 non
2552 1022 2835 1078 moriatur.
2859 1022 2935 1080 De
2971 1024 3207 1082 secunda
3235 1043 3365 1084 vero
3416 1030 3534 1086 cul-

1954 1124 2024 1180 pa
2047 1124 2237 1166 nasum
2255 1111 2464 1180 perdat.
2486 1111 2563 1168 De
2586 1113 2763 1181 tertia,
2793 1114 2838 1168 si
2861 1130 2968 1170 non
3001 1118 3388 1188 emendaverit,
3412 1137 3531 1178 mo-

1958 1198 2148 1253 riatur.

2026 1288 2115 1344 12.
2140 1289 2216 1346 De
2244 1294 2569 1349 monasteria
2593 1302 2646 1348 et
2672 1293 2983 1352 sinodochia
3012 1298 3101 1367 qni
3141 1314 3241 1369 per
3290 1299 3533 1362 diversos

1954 1381 2238 1438 comitatos
2262 1395 2384 1438 esse
2416 1382 2674 1439 videntur
2700 1392 2756 1440 et
2780 1385 2928 1457 regia
2981 1399 3132 1456 sunt,
3183 1400 3246 1446 ut
3283 1394 3531 1463 quicum-

1953 1486 2059 1542 que
2083 1487 2175 1528 eas
2196 1474 2397 1531 habere
2416 1475 2706 1545 voluerint,
2737 1492 2836 1549 per
2858 1480 3181 1537 beneﬁcium
3209 1484 3406 1544 domno
3434 1504 3533 1546 no-

1953 1568 2069 1618 stro
2090 1562 2233 1632 regis
2257 1564 2508 1621 habeant.
3267 1575 3274 1581 '

266 1630 482 1688 illorum
505 1623 806 1691 elimosinis
837 1645 937 1722 aut
963 1637 1030 1693 de
1070 1639 1335 1694 incendiis
1359 1649 1453 1695 aut
1476 1641 1543 1696 de
1572 1642 1853 1713 naufragio
1881 1651 1929 1713 ιι
2026 1652 2112 1707 13.
2151 1623 2230 1709 ὗε
2257 1654 2417 1709 rebus
2444 1655 2536 1726 qui
2578 1654 2896 1715 llildecarde
2939 1661 3126 1732 regine
3161 1666 3359 1722 tradite
3408 1667 3530 1726 fue-
3598 1680 3601 1683 '

265 1726 513 1794 quamvis
555 1713 937 1785 convenentias
982 1728 1206 1798 faciant,
1253 1745 1413 1787 nemo
1446 1732 1502 1787 in
1539 1732 1642 1790 hoc
1673 1734 1851 1789 iurare

261 1828 599 1886 praesumat.

334 1910 390 1964 5.
421 1909 498 1964 De
523 1918 695 1966 truste
729 1909 973 1969 faciendo
1002 1928 1161 1970 nemo
1192 1921 1590 1984 praesumatur.

331 1999 389 2054 ι.
418 1998 521 2067 Qui
544 2002 619 2056 ad
634 2000 899 2071 palatium
934 2011 1028 2057 aut
1053 2003 1219 2060 aliubi
1250 2013 1500 2076 pergunt,
1530 2012 1590 2060 ut
1613 2020 1709 2061 eos
1726 2020 1849 2062 cum

260 2088 489 2145 collecta
518 2106 678 2147 nemo
702 2092 774 2147 sit
800 2108 964 2149 ausus
989 2094 1241 2150 adsalire.
1280 2095 1348 2150 Et
1373 2108 1531 2151 nemo
1555 2097 1738 2153 erham
1768 2098 1848 2152 al-

259 2179 436 2233 terius
465 2186 705 2250 tempore
729 2180 1057 2237 defensionis
1083 2182 1270 2239 tollere
1286 2192 1624 2254 praesumat,
1661 2187 1765 2247 nisi
1793 2187 1848 2241 in

259 2264 419 2322 hoste
442 2270 793 2339 pergendum,
821 2279 915 2325 aut
940 2272 1138 2329 missus
1163 2283 1350 2329 noster
1372 2274 1465 2330 sit.
1494 2275 1666 2346 thui
1690 2276 1849 2332 aliter

258 2367 576 2425 praesumet
601 2358 801 2427 facere,
827 2362 1094 2418 emendet.

330 2449 388 2503 5.
423 2449 499 2504 De
540 2450 768 2507 teloneis
810 2466 948 2522 quae
984 2454 1091 2509 iam
1136 2465 1294 2512 antea
1336 2455 1640 2513 forbannita
1672 2459 1695 2492 '
1727 2457 1846 2515 fue-

254 2547 410 2605 runt;
443 2556 603 2599 nemo
624 2543 804 2609 tollat,
833 2544 937 2600 nisi
971 2545 1061 2602 ubi
1086 2547 1392 2617 antiquitus
1419 2548 1656 2613 fuerunt.

324 2624 387 2686 6.
419 2632 494 2688 De
527 2634 809 2705 mancipiis
834 2650 973 2706 quae
1000 2638 1324 2705 venduntur,
1374 2647 1433 2694 ut
1461 2640 1515 2695 in
1538 2642 1847 2710 praesentia

254 2723 498 2794 episcopi
526 2725 608 2779 vel
630 2726 845 2782 comitis
879 2727 990 2782 sint
1015 2728 1229 2784 vendita
1260 2729 1303 2796 ⁸,
1332 2738 1426 2787 aut
1454 2730 1509 2785 in
1540 2732 1845 2801 praesentia

256 2815 582 2872 vicedomini
611 2817 695 2872 vel
724 2818 920 2876 indicis
944 2819 966 2852 '
992 2820 1230 2889 comitis,
1264 2829 1358 2877 aut
1392 2832 1519 2880 ante
1554 2824 1689 2880 bene
1717 2833 1846 2880 nota

254 2905 589 2961 testimonia.
641 2907 708 2961 Et
734 2906 867 2965 foris
904 2923 1083 2967 marca
1108 2925 1271 2968 nemo
1300 2913 1567 2984 mancipia
1611 2916 1840 2983 vendat;

1952 1748 2100 1808 runt,
2123 1741 2370 1799 volumus
2394 1752 2454 1799 ut
2478 1742 2610 1799 ﬁant
2627 1743 2897 1817 descripto
2938 1762 3038 1819 per
3059 1751 3285 1823 breves;
3324 1765 3381 1811 et
3428 1758 3533 1830 ipsi

1950 1830 2143 1888 breves
2174 1832 2242 1889 ad
2257 1849 2355 1890 nos
2388 1833 2592 1891 faciant
2625 1837 2840 1895 adduci.

2021 1923 2109 1978 14.
2139 1908 2347 1981 Placuit
2368 1925 2525 1982 nobis
2546 1926 2612 1984 de
2635 1928 2871 1985 cartulas
2902 1928 3042 1999 illas,
3071 1946 3179 2003 que
3220 1934 3365 1992 facta
3401 1948 3532 1995 sunt

1949 2012 2018 2069 de
2035 2012 2261 2084 singulis
2282 2015 2609 2083 hominibus,
2633 2018 2727 2089 qui
2750 2032 2812 2076 se
2827 2026 2887 2075 et
2908 2036 3111 2080 uxores
3128 2024 3266 2082 ﬁlios
3283 2028 3365 2083 vel
3393 2029 3532 2087 ﬁlias

1950 2103 2007 2159 in
2034 2105 2256 2162 servitio
2277 2105 2633 2176 tradiderunt,
2659 2119 2720 2165 ut
2730 2111 3065 2185 ubicumque
3085 2116 3288 2174 inventi
3303 2120 3539 2191 fuerint,-

1949 2195 2260 2263 reddantur,
2290 2206 2347 2253 et
2364 2197 2475 2254 sint
2505 2198 2663 2255 liberi
2689 2200 2834 2257 sicut
2863 2202 3117 2272 primitus
3141 2206 3382 2265 fuerunt.

2020 2285 2108 2341 15.
2136 2285 2214 2343 De
2237 2302 2391 2343 arma
2419 2287 2473 2343 in
2502 2288 2823 2358 exercitum,
2853 2292 2995 2349 sicut
3023 2303 3184 2352 antea
3218 2297 3275 2352 in
3300 2300 3408 2356 alio
3441 2316 3530 2360 ca-

1944 2378 2180 2450 pitulare
2201 2378 2715 2448 commendavimus,
2757 2382 2834 2437 ita
2860 2394 3124 2440 servetur.
3153 2386 3377 2459 Insuper
3414 2407 3527 2447 om.

1947 2468 2034 2523 nis
2064 2467 2226 2524 homo
2253 2469 2322 2525 de
2356 2470 2640 2528 duodecim
2685 2472 2892 2531 mansis
2926 2472 2950 2506 '
2991 2475 3241 2533 hruniam
3294 2480 3524 2550 habeat;

1946 2557 2039 2629 qui
2060 2572 2190 2614 vero
2211 2558 2461 2614 hruniam
2484 2559 2691 2617 habens
2715 2568 2771 2617 et
2791 2575 2912 2619 eam
2957 2577 3144 2620 secum
3168 2581 3277 2624 non
3322 2569 3525 2638 tulerit,

1946 2662 2108 2704 omne
2139 2648 2181 2680 ⁸⁸
2200 2648 2524 2705 beneﬁcium
2542 2663 2665 2706 cum
2690 2651 2939 2708 bruniam
2958 2655 3173 2724 perdat.

2018 2736 2105 2792 16.
2132 2735 2204 2793 Ut
2220 2736 2401 2792 nullus
2427 2736 2584 2795 alteri
2603 2752 2702 2809 per
2717 2751 3118 2798 sacramentum
3140 2743 3456 2803 ﬁdelitatem
3483 2748 3523 2781 "

1944 2825 2246 2896 promittat,
2272 2824 2379 2880 nisi
2399 2825 2558 2881 nobis
2585 2834 2642 2881 et
2685 2828 2977 2900 unicuique
3020 2834 3246 2903 proprio
3298 2837 3525 2905 seniori,

1946 2916 2015 2972 ad
2040 2922 2280 2972 nostram
2308 2914 2596 2972 utilitatem
2617 2924 2673 2973 ct
2699 2918 2784 2973 sui
2811 2919 2854 2951 “
2874 2920 3126 2989 senioris,
3172 2934 3399 2995 excepto
3440 2927 3529 2984 his

252 3004 307 3050 et
336 2997 433 3065 qui
459 2997 560 3053 hoc
583 2998 788 3065 fecerit,
821 3009 1000 3058 tantas
1023 3002 1169 3059 vices
1190 3004 1425 3059 bannum
1452 3006 1642 3071 solvat,
1672 3023 1845 3077 quan-
1872 3002 1922 3067 Β
1949 3010 2305 3065 sacramentis
2339 3006 2539 3079 quibus
2561 3007 2705 3064 iuste
2730 3010 3026 3066 secundum
3050 3010 3223 3082 legem
3271 3014 3411 3072 alter
3455 3019 3525 3073 ad

246 3093 345 3142 tas
369 3087 666 3158 mancipias
690 3090 953 3147 vendidit.
998 3092 1068 3148 Et
1086 3093 1132 3148 si
1159 3108 1267 3150 non
1295 3094 1457 3151 habet
1479 3098 1735 3167 pretium,
1786 3100 1845 3155 in

248 3177 433 3232 wadia
482 3180 831 3250 semetipsum
860 3182 1046 3239 comiti
1091 3183 1276 3253 donet,
1322 3200 1493 3257 usque
1525 3187 1654 3243 dum
1696 3189 1844 3261 ipsos

249 3269 467 3325 bannos
491 3270 688 3327 solvat.

326 3362 386 3416 7.
410 3362 482 3418 Ut
507 3363 690 3420 nullus
713 3363 936 3423 brunias
982 3364 1130 3425 foras
1162 3375 1356 3426 nostro
1399 3383 1566 3442 regno
1612 3372 1845 3429 vendere

247 3460 589 3524 praesumat.

322 3546 384 3599 8.
407 3542 468 3598 Si
491 3544 661 3600 comis
685 3545 740 3601 in
757 3562 861 3603 suo
884 3548 1189 3606 ministerio
1215 3549 1475 3606 iustitiam
1498 3565 1606 3606 non
1627 3550 1839 3619 fecerit,

246 3634 429 3690 misso
455 3643 643 3690 nostro
664 3636 735 3691 de
756 3652 909 3693 suam
931 3654 1151 3696 causam
1175 3653 1202 3683 ει
1225 3642 1438 3697 soniare
1459 3639 1641 3707 faciat,
1670 3658 1843 3714 usque

247 3729 386 3783 dum
422 3727 687 3783 iustitiam
717 3729 918 3786 ibidem
947 3730 1147 3788 factam
1192 3731 1414 3788 fuerint.
1465 3733 1533 3787 Et
1556 3733 1604 3788 si
1650 3749 1843 3791 vassus

248 3825 447 3873 noster
469 3817 727 3872 iustitiam
749 3834 856 3875 non
878 3820 1091 3887 iecerit,
1136 3830 1266 3877 tunc
1288 3821 1341 3878 ei
1366 3823 1538 3878 comis
1555 3829 1613 3877 et
1640 3824 1841 3880 missus

249 3910 323 3964 ad
357 3908 523 3977 ipsius
546 3923 709 3964 causa
744 3910 986 3979 sedeant,
1016 3919 1071 3968 et
1094 3911 1160 3969 de
1195 3926 1295 3977 suo
1320 3913 1522 3979 vivant,
1559 3928 1839 3985 quousque

246 4000 521 4056 iustitiam
546 4000 768 4057 faciant.

1945 3095 2118 3153 altero
2138 3097 2365 3164 debent;
2395 3105 2451 3154 et
2498 3096 2733 3155 infantes
2766 3100 2863 3171 qui
2904 3109 3032 3158 ante
3074 3118 3184 3160 non
3233 3115 3526 3176 potuerunt

1943 3194 2163 3258 propter
2179 3186 2466 3244 iuvenilem
2510 3195 2710 3246 etatem
2761 3189 2962 3260 iurare,
3001 3194 3163 3250 modo
3209 3195 3525 3256 ﬁdelitatem

1945 3277 2103 3334 nobis
2139 3278 2536 3349 repromittant.

2017 3369 2107 3424 17.
2142 3370 2221 3427 De
2243 3369 2499 3441 periuriis
2521 3378 2582 3426 ut
2609 3382 2919 3440 caveantur,
2956 3383 3018 3431 ut
3040 3392 3149 3434 non
3169 3377 3525 3436 admittantur

1944 3469 2118 3518 testes
2140 3463 2208 3518 ad
2232 3462 2595 3517 iuramentum
2627 3451 2920 3536 antequam
2944 3467 3326 3524 discutiantur.
3364 3471 3435 3526 Et
3474 3472 3528 3528 si

1944 3552 2103 3609 aliter
2128 3552 2335 3609 discuti
2379 3568 2488 3610 non
2510 3563 2756 3634 possunt,
2789 3557 2818 3597 h
2843 3568 3163 3628 separentur
3187 3562 3257 3616 ab
3293 3561 3524 3619 invicem

1944 3647 2000 3696 et
2019 3638 2366 3709 singulariter
2391 3639 2752 3712 inquirantur,
2778 3652 2842 3700 ut
2897 3660 3007 3702 non
3042 3647 3218 3704 solum
3242 3659 3266 3688 ο
3296 3665 3524 3707 accusa-

1946 3732 2051 3788 tori
2088 3731 2250 3789 lieeat
2278 3732 2307 3774 d
2338 3734 2382 3766 “
2405 3741 2577 3791 testes
2606 3735 2808 3809 eligere
2832 3739 3085 3797 absentes
3113 3757 3240 3799 suos
3275 3753 3526 3800 causato-

1944 3836 2053 3878 res.
2083 3813 2161 3879 Et
2178 3823 2398 3880 omnino
2418 3824 2597 3882 nullus
2632 3826 2736 3882 nisi
2752 3814 2965 3886 ieiunus
2999 3831 3067 3886 ad
3092 3833 3453 3889 iuramentum
3479 3834 3525 3868 “

1947 3910 2032 3966 vel
2067 3912 2136 3969 ad
2159 3911 2202 3944 "‘
2222 3912 2588 3968 testimonium
2610 3916 2981 3974 admittantur.
3022 3920 3091 3975 Et
3132 3921 3175 3952 “
3203 3922 3295 3978 ille
3326 3924 3416 3993 qui
3453 3925 3523 3982 ad

1944 4003 2311 4060 testimonium
2329 4003 2612 4064 adducitur
2636 4019 2660 4047 α
2687 4009 2734 4064 si
2777 4010 3061 4079 refutatur,
3107 4013 3252 4070 dicat
3288 4016 3377 4073 ille
3425 4018 3523 4089 qui

1474 4119 1860 4177 VARIANTES
1897 4117 2279 4177 LECTIONES

331 4227 351 4259 ³
380 4234 434 4281 et
457 4225 551 4281 Ch.
628 4227 649 4259 '
668 4226 809 4303 deest
846 4225 944 4285 Ch.
1018 4229 1236 4303 ‘impii.
1312 4231 1334 4264 ⁸
1356 4233 1471 4288 cod.
1505 4235 1712 4289 cerario
1743 4253 1789 4288 c.
1869 4236 1890 4266 ⁸
1919 4234 2206 4289 forbanniti
2236 4249 2282 4286 ε.
2360 4232 2382 4263 ⁸
2406 4247 2453 4288 s.
2490 4247 2543 4286 v.
2571 4232 2757 4289 desunt
2787 4252 2834 4288 c.
2909 4238 2930 4271 ⁷
2959 4237 3121 4295 indici
3150 4257 3199 4294 c.
3262 4242 3286 4275 ⁸
3308 4243 3447 4303 ἄειδε
3465 4262 3521 4303 ε.

252 4295 275 4327 ⁸
296 4312 519 4353 menses
546 4314 596 4352 ο.
672 4298 714 4329 ⁸⁸
735 4313 895 4354 omne
919 4316 967 4354 c.
1046 4302 1086 4333 “
1109 4295 1340 4360 ﬁdelitas
1363 4320 1410 4357 ο.
1490 4306 1532 4336 ¹²
1563 4306 1676 4360 suis
1704 4323 1750 4359 c.
1830 4305 1872 4337 ¹³
1901 4306 2023 4359 licet
2042 4313 2101 4358 ut
2138 4321 2185 4358 ι’.
2250 4303 2293 4335 ίδ
2322 4303 2621 4360 iumentum
2648 4320 2696 4359 ο.
2775 4306 2819 4338 ⁸⁵
2842 4314 2898 4361 at
2922 4323 2970 4361 c.
3036 4309 3079 4340 ¹⁶
3101 4319 3161 4365 ιιι
3190 4328 3240 4367 c.

1774 4421 2005 4478 NOT/E.

250 4527 395 4599 anni
415 4527 642 4598 spatium
678 4530 745 4583 ad
770 4528 1059 4584 vindictam
1096 4545 1200 4586 non
1231 4532 1456 4598 dederit,
1491 4533 1738 4588 volumus
1782 4541 1843 4588 ut
1872 4517 1921 4575 Ῐ)
2020 4531 2113 4599 ei.
2136 4548 2209 4599 e.,
2239 4548 2386 4589 casa.

248 4598 431 4653 curtis
446 4594 607 4668 regia
639 4600 904 4672 adquirat,
941 4614 1000 4654 se
1024 4600 1158 4672 ipsa
1195 4600 1394 4657 femina
1415 4594 1540 4658 eum
1584 4605 1701 4672 ipso
1726 4620 1841 4658 ser-

247 4682 388 4721 vum
412 4683 555 4720 annu
583 4677 637 4721 et
672 4668 811 4723 diem
851 4668 1083 4731 steterit,
1131 4671 1328 4727 habeat
1351 4687 1468 4728 eam
1496 4668 1650 4729 cuius
1684 4689 1840 4729 servo

246 4746 363 4800 est,
391 4744 448 4792 et
473 4738 567 4791 ﬁlii
594 4739 686 4807 qui
720 4753 789 4795 ex
813 4754 878 4794 ea
900 4740 1014 4794 nati
1040 4738 1260 4807 fuerint,
1306 4743 1386 4800 sic
1413 4744 1554 4799 servi
1581 4743 1721 4799 sicut
1747 4761 1839 4815 pa-

246 4818 344 4862 ter
365 4821 577 4862 eorum.

333 4896 355 4928 ι
373 4877 456 4948 l5.
488 4877 760 4931 Statutum
788 4884 890 4945 est,
906 4886 969 4933 ut
993 4879 1038 4934 si
1076 4880 1198 4948 quis
1216 4880 1353 4937 liber
1376 4883 1539 4939 homo
1558 4899 1727 4939 uxore
1749 4884 1841 4939 ha-

241 4948 393 5004 bens
426 4947 647 5018 liberam
683 4955 901 5018 propter
938 4947 1157 5018 aliquod
1204 4952 1408 5006 crimen
1460 4962 1553 5007 aut
1600 4955 1838 5009 debitum

244 5018 538 5092 servitium
581 5017 736 5091 alteri
772 5017 833 5073 Se
877 5017 1130 5092 subdidit,
1163 5021 1457 5092 eademque
1482 5024 1675 5079 coniux
1716 5040 1838 5079 cum

243 5091 373 5162 ipso
393 5102 622 5162 manere
634 5090 882 5162 uetuerit,
899 5090 1135 5157 ipsorum
1150 5090 1450 5161 procreatio
1475 5108 1579 5162 que
1592 5094 1683 5148 tali
1710 5111 1838 5148 con-

244 5158 403 5229 iugio
422 5159 530 5229 _sit,
567 5158 834 5214 libertatis
866 5167 1125 5214 statutum
1151 5158 1265 5215 non
1291 5158 1577 5217 ammittat.
1628 5163 1684 5217 Si
1711 5179 1836 5219 vero

242 5226 596 5285 «(defuncta
646 5229 879 5284 secunda
935 5245 1075 5283 uxor
1114 5238 1165 5286 et
1205 5240 1386 5288 tamen
1434 5233 1602 5288 libera
1647 5233 1740 5287 tali
1777 5249 1837 5289 se

242 5301 447 5371 sciens.
461 5297 642 5352 tulerit
669 5298 940 5355 iunexerit
967 5300 1233 5371 coniugio,
1283 5302 1438 5360 liberi
1480 5319 1667 5360 eorum
1709 5303 1836 5359 sub-

242 5370 469 5423 dantur.

330 5456 351 5486 ι
379 5437 462 5491 16.
491 5438 696 5515 Siquis
738 5441 1356 5515 perensseritpresbiter
1380 5443 1433 5499 id
1482 5452 1563 5501 est
1588 5446 1839 5501 sacerdos

242 5505 402 5587 [ιφ.
430 5505 877 5587 presbiteru_m....
909 5513 1303 5587 sacerdotem],
1352 5526 1615 5587 conponat
1645 5532 1834 5573 aurum

239 5578 513 5639 optimum
547 5579 682 5638 libre
708 5582 913 5637 decem.
953 5602 973 5635 ι

2016 4596 2126 4686 1iln
2153 4596 2471 4687 quibusdam
2498 4602 2787 4687 pollicibus
2817 4606 3061 4687 legitur;
3100 4613 3424 4687 Separentur
3448 4620 3521 4676 ad

1940 4674 2176 4748 inuicem.
2210 4674 2472 4748 Alcuinus
2506 4677 2558 4731 in
2584 4676 2719 4733 libro
2740 4679 2805 4733 de
2848 4674 3149 4740 Virtutibus
3171 4674 3229 4740 et
3255 4674 3415 4746 Vitiis
3451 4674 3521 4748 all

1942 4743 2214 4830 Witonem
2240 4745 2509 4830 comitem,
2541 4761 2669 4829 cap.
2695 4748 2766 4802 20
2795 4766 2831 4830 :_
2852 4767 2870 4800 ι
2909 4750 2966 4830 Si
2995 4754 3141 4830 falsi_
3168 4765 3335 4814 testes
3357 4743 3519 4830 seps:

1942 4823 2150 4878 rantur,
2182 4830 2309 4870 mox
2347 4814 2631 4872 mendaces
2655 4819 3018 4876 inveniuntur.
3056 4845 3074 4877 ι
3106 4823 3302 4881 Βειιυῑ.

2014 4893 2040 4922 ο
2073 4883 2140 4960 I_d
2156 4894 2229 4960 e_s_t
2252 4886 2437 4960 actori,
2467 4894 2526 4960 ut
2546 4887 2626 4960 ait
2658 4898 2811 4960 vetus
2836 4890 3009 4960 glossa
3059 4894 3418 4951 interlincaris
3460 4897 3519 4953 in

1940 4969 2051 5040 uno
2079 4953 2275 5040 Co‘dice
2304 4955 2471 5040 Regio
2507 4956 2640 5040 legis
2664 4953 3163 5040 Langobardorum.
3202 4966 3355 5040 Quod
3396 4967 3518 5040 ideo

1943 5032 2090 5108 recte
2114 5025 2456 5108 observatum
2486 5025 2835 5108 est,.ne_'quis
2862 5040 3054 5108 putare
3077 5025 3263 5103 posset
3296 5035 3387 5092 hic
3427 5037 3517 5108 agi

1942 5094 2009 5151 de
2027 5094 2208 5151 causis
2230 5101 2435 5148 tantum
2458 5094 2843 5156 criminalibus.
2863 5094 2948 5153 in.

2012 5163 2040 5204 (ι
2075 5182 2094 5216 ι
2122 5163 2184 5245 id
2211 5171 2296 5219 est
2317 5164 2771 5245 adduceretestcs
2796 5174 2857 5245 ut
2884 5167 3089 5245 jnrcnt,
3130 5191 3157 5245 ι
3210 5173 3385 5245 inquit
3426 5191 3519 5232 ea~

1941 5232 2475 5308 gem‘glossarUnde
2524 5236 2601 5308 ait
2656 5237 2760 5292 alia
2802 5232 2977 5308 glossa
3004 5232 3521 5302 in'altcro'Codieo

1941 5303 2143 5375 Regio:
2180 5321 2199 5355 ι
2226 5303 2404 5380 Etiam
2437 5306 2680 5380 reo_licct
2717 5303 2884 5380 testes
2923 5309 3118 5380 eligere
3154 5323 3209 5368 et
3245 5318 3517 5372 contradi~

1943 5373 2064 5431 cere
2088 5388 2185 5444 per
2209 5373 2498 5445 capitulum
2521 5375 2762 5432 Lotharii
2795 5395 2808 5431 :
2837 5377 2901 5435 Si
2945 5373 3062 5452 quis
3102 5400 3218 5508 cuin
3262 5386 3446 5441 altero.
3491 5402 3513 5440 ι

3190 5472 3241 5508 n.

3190 5472 3241 5509 Ι).

2014 5524 2038 5555 ο
2066 5513 2264 5591 Charta
2285 5513 2837 5591 ALudovicithregis
2877 5533 2977 5591 pro
3019 5527 3348 5584 monasterio
3385 5525 3512 5585 Fos-

1937 5586 2142 5643 satensi
2174 5603 2186 5641 :
2226 5604 2244 5640 ι
2276 5583 2429 5672 Quod
2450 5586 2717 5674 sialiquis
2755 5583 3043 5650 temeraria
3092 5583 3509 5671 prmsumptioiiu
3550 5618 3554 5622 ’
