3974 6134
277 287 380 344 657

598 285 830 343 CODEX
866 285 1386 346 DH’LOMATICUS.
1414 319 1478 330 -ο
1503 290 1826 349 LUDOVICI
1858 293 1888 348 1’
1909 293 1999 350 ΕΤ
2039 293 2362 352 LOTHARll
2391 294 2874 355 CAPITULARIA.
2907 329 2976 340 —
3007 299 3109 357 AN.
3151 302 3280 359 832.

3501 307 3526 321 go

3501 307 3526 321 go

3461 306 3563 361 (lc-8

341 401 431 454 αἰεὶ.
459 401 668 456 Census
696 396 892 471 regalis
928 401 1304 472 undecumque
1335 403 1576 474 legitime
1617 406 1854 474 cxiebat,
1887 413 1936 470 Α
1963 423 2104 476 rum,
2133 410 2481 480 pupillorum,
2513 419 2572 466 ut
2604 411 2657 465 in
2683 411 2914 482 publicis
2939 413 3210 469 iudicibus
3237 428 3344 469 non
3390 414 3568 484 despi-

272 493 520 547 velumus
541 500 603 546 ut
639 491 764 548 inde
807 493 1067 561 solvatur,
1097 495 1212 550 sive
1257 495 1325 550 de
1365 496 1581 565 propria
1629 511 1860 566 persona

273 586 512 642 hominis
537 585 652 642 sive
677 586 744 641 de
781 586 964 642 rebus.

335 683 428 739 23.
459 681 532 740 Ut
557 681 790 754 singulis
812 681 1082 752 episcopis
1105 682 1390 738 abbatibus
1412 683 1699 754 diligenter
1733 699 1862 739 con-

270 775 508 830 siderent
539 773 796 828 thesauro
843 772 1215 828 ecclcsiastico
1260 779 1481 842 propter
1531 773 1810 842 perfidiam
1841 774 1859 806 ²

267 872 360 919 aut
385 863 784 936 neglegentiam
807 863 1040 930 custodi,
1079 878 1148 919 ne
1174 863 1376 934 aliquid
1402 864 1469 920 de
1512 866 1741 934 gemmis
1765 875 1860 921 aut

264 954 332 1010 de
364 955 511 1010 vasis
537 953 746 1024 reliquo
771 955 1026 1010 thesauro
1050 954 1320 1024 perditum
1357 956 1461 1022 sit;
1491 957 1617 1026 quia
1654 958 1858 1014 dictum

264 1049 548 1113 estnobis,
575 1048 719 1117 quod
767 1049 1138 1117 negotiatores
1179 1047 1356 1104 Iudaei
1402 1062 1612 1104 necnon
1668 1057 1723 1104 et
1763 1050 1856 1105 alii

264 1137 584 1210 gloriantur,
607 1137 752 1208 quod
776 1137 1035 1207 quicquid
1055 1137 1136 1194 eis
1155 1137 1393 1208 placent,
1419 1139 1626 1208 possint
1649 1139 1754 1196 hab
1776 1140 1858 1196 eis

261 1243 466 1286 emere.

329 1319 424 1372 24.
451 1317 772 1373 Audivimus
793 1319 938 1388 quod
962 1317 1090 1374 alibi
1116 1319 1345 1374 reddant
1383 1318 1706 1376 beneficium
1758 1338 1855 1380 no-

259 1416 436 1466 strum
461 1410 528 1466 ad
553 1409 690 1466 alios
733 1409 980 1464 homines
1014 1409 1069 1463 in
1107 1409 1518 1480 proprietatem,
1546 1420 1603 1466 et
1638 1411 1694 1466 in
1735 1413 1853 1482 ipso

259 1503 462 1574 placito
483 1502 575 1558 dat
593 1501 828 1573 pretium
853 1509 910 1558 et
934 1508 1193 1572 conparat
1219 1501 1363 1572 ipsas
1389 1519 1478 1559 res
1501 1503 1700 1560 iterum
1747 1507 1851 1562 sibi

257 1596 316 1649 in
347 1605 373 1633 ⁸
401 1593 616 1648 alodum
642 1609 657 1659 ;
683 1593 827 1662 quod
849 1593 1072 1648 omnino
1118 1593 1418 1648 cavendum
1450 1601 1556 1658 est,
1581 1596 1710 1664 quia
1756 1596 1851 1666 qui

254 1684 364 1740 hoc
405 1682 613 1739 faciunt
671 1698 778 1738 non
825 1683 966 1740 bene
987 1681 1300 1738 custodiunt
1322 1683 1480 1739 (idem
1506 1699 1668 1754 quam
1694 1688 1850 1744 nobis

251 1777 578 1846 promissam
602 1777 822 1832 habent.
849 1775 918 1831 Et
961 1793 1030 1832 ne
1078 1775 1219 1832 forte
1265 1777 1442 1848 aliqua
1470 1779 1842 1838 inﬁdelitatem
1877 1761 1919 1818 Β

251 1869 627 1936 inveniamus;
657 1868 784 1939 quia
807 1869 902 1938 qui
935 1870 1040 1925 hoc
1063 1868 1290 1936 faciunt,
1311 1885 1409 1941 pro
1433 1883 1622 1928 eorum
1654 1874 1844 1930 volun-

249 1968 420 2016 tatem
449 1961 516 2016 ad
532 1972 697 2018 aures
719 1969 936 2017 nostras
958 1961 1085 2016 talia
1106 1977 1268 2032 opera
1289 1963 1504 2020 illorum
1524 1981 1632 2021 non
1655 1980 1845 2036 pervc-

245 2052 426 2107 niant.

315 2140 412 2197 25.
441 2143 519 2198 De
542 2143 806 2200 mendicis
831 2143 922 2214 qui
957 2159 1056 2215 per
1083 2146 1261 2216 patria
1309 2145 1643 2216 discurrunt,
1685 2150 1844 2206 volu-

239 2248 374 2289 mus
393 2241 454 2288 ut
489 2237 866 2307 unusquisque
885 2237 1124 2294 fidelium
1151 2248 1462 2296 nostrorum
1491 2257 1662 2321 suum
1704 2259 1840 2314 pau-

237 2339 436 2395 perem
465 2325 533 2384 de
556 2329 822 2385 beneficio
849 2338 943 2386 aut
988 2330 1058 2386 de
1099 2333 1318 2402 propria
1341 2333 1546 2389 familia
1572 2337 1836 2404 nutriant,

238 2424 300 2472 et
327 2431 440 2472 non
462 2419 741 2488 permittat
773 2420 940 2476 aliubi
963 2422 1114 2478 abire
1149 2423 1526 2490 mendicando,
1555 2435 1616 2481 ut
1639 2427 1732 2481 ubi
1759 2434 1838 2482 ta-

239 2505 323 2562 les
335 2507 546 2563 inventi
569 2507 789 2576 fucrint,
821 2510 926 2566 nisi
949 2512 1198 2568 manibus
1231 2513 1497 2582 laborent,
1528 2515 1710 2573 nullus
1734 2517 1755 2548 ¹
1785 2519 1835 2574 ei

234 2599 532 2668 quicquam
573 2599 812 2656 tribuere
829 2611 1159 2671 praesumat.

307 2688 402 2743 26.
425 2689 502 2745 De
525 2691 820 2748 liberorum
844 2693 1124 2750 hominum
1147 2697 1584 2766 possibilitatem,
1608 2708 1668 2755 ut
1684 2699 1834 2756 iuxta

237 2779 558 2848 qualitatem
597 2781 942 2853 proprietatis
967 2799 1225 2841 exercere
1258 2787 1510 2844 debeant.

303 2870 402 2926 27.
433 2871 505 2928 Ut
537 2871 718 2928 nullus
761 2875 1067 2930 consentiat
1095 2875 1210 2931 suis
1257 2876 1567 2934 hominibus
1617 2878 1834 2936 malefa-

234 2959 492 3015 ciendum
520 2961 575 3016 in
610 2963 880 3032 patriam;
923 2971 978 3020 et
1007 2963 1076 3020 de
1121 2979 1186 3021 eo
1221 2965 1243 2997 ³
1277 2967 1420 3036 quod
1450 2967 1656 3035 dicunt,
1687 2970 1832 3039 quod

232 3069 343 3137 non
368 3055 580 3126 possint
597 3056 796 3114 habere
809 3057 1058 3116 homines
1076 3060 1146 3116 ad
1163 3075 1402 3137 marcam
1419 3061 1826 3131 defensandam,

230 3133 276 3203 si
311 3133 416 3205 eos
439 3151 580 3207 bene
605 3151 950 3224 distringam.

295 3239 396 3295 28.
421 3241 499 3296 De
522 3243 694 3299 vassis
709 3245 1000 3314 regalibus,
1023 3254 1084 3300 ut
1101 3246 1362 3302 honorem
1386 3248 1642 3316 habeant,
1663 3259 1719 3307 et
1730 3265 1830 3322 per

224 3344 286 3386 se
307 3331 384 3386 ad
405 3347 506 3389 nos
531 3341 627 3388 aut
651 3335 718 3390 ad
739 3334 880 3391 filios
905 3345 1124 3394 nostros
1151 3347 1314 3408 caput
1335 3349 1576 3396 teneant.

291 3419 376 3478 29
413 3421 485 3480 Ut
505 3438 604 3492 pro
625 3423 825 3494 placita
846 3441 954 3481 non
983 3425 1116 3482 ﬁant
1136 3428 1343 3484 banniti
1371 3429 1528 3486 liberi
1556 3431 1824 3501 homines,

221 3518 462 3580 excepto
497 3512 544 3567 si
569 3513 747 3584 aliqua
772 3515 1128 3585 proclamatio
1149 3533 1313 3587 super
1333 3519 1569 3589 aliquem
1591 3523 1820 3590 venerit,

219 3612 319 3658 aut
346 3611 500 3659 certe
524 3604 571 3660 si
593 3605 851 3672 scabinis,
875 3615 970 3662 aut
985 3607 1146 3664 iudex
1171 3625 1279 3666 non
1303 3609 1488 3679 fuerit,
1512 3619 1572 3668 ut
1595 3629 1694 3684 pro
1721 3614 1824 3671 hoc

219 3695 610 3767 condempnati
631 3697 707 3754 illi
729 3713 1000 3770 pauperes
1032 3718 1140 3760 non
1168 3701 1323 3759 ﬂant.

239 3805 250 3812 ’
289 3805 390 3862 50.
427 3805 602 3863 Homo
625 3807 890 3879 ingenuus
915 3812 1008 3882 qui
1044 3813 1270 3868 multam
1299 3811 1324 3848 ⁸
1371 3815 1667 3886 quamlibet
1715 3817 1822 3874 sol-

216 3911 357 3954 vere
378 3915 485 3956 non
507 3903 766 3970 potuerit,
796 3911 850 3960 et
891 3905 938 3960 si
981 3905 1354 3963 fideiussorem
1400 3925 1506 3964 non
1543 3911 1816 3980 habuerit,

213 3988 390 4045 liceat
419 3991 469 4045 ei
496 3993 846 4063 semetipsum
873 3995 926 4048 in
955 3995 1188 4052 wadium
1227 3998 1276 4053 ei
1313 3999 1402 4054 cui
1426 4001 1448 4032 ⁸
1475 4001 1687 4057 debitor
1733 4011 1819 4059 est

213 4083 464 4148 mittere,
493 4100 662 4154 usque
687 4087 814 4142 dum
861 4088 1088 4143 multam
1125 4104 1286 4160 quam
1317 4091 1339 4122 ⁸
1387 4092 1574 4148 debuit
1603 4096 1815 4162 persol-

209 4183 328 4228 vat.
363 4171 422 4228 In
473 4178 661 4232 eodem
687 4177 925 4248 capitulo
959 4180 1024 4235 de
1057 4182 1262 4238 soniste
1307 4182 1329 4215 "
1367 4191 1460 4238 aut
1504 4183 1572 4238 60
1615 4185 1816 4244 solidos

209 4273 528 4335 componat,
570 4269 900 4324 autcum'12
939 4270 1100 4336 iuret,
1131 4279 1226 4326 aut
1248 4273 1293 4327 si
1323 4272 1412 4328 ille
1464 4274 1555 4344 qui
1589 4291 1811 4333 causam

205 4355 400 4424 qucrit
428 4355 496 4410 l2
528 4356 806 4414 hominum
845 4371 1245 4418 sacramentum
1285 4364 1528 4433 recipere
1554 4367 1804 4434 noluerit,

204 4456 302 4500 aut
327 4442 404 4500 ad
429 4463 646 4504 crucem
673 4459 766 4504 aut
789 4451 859 4507 ad
895 4461 1110 4508 scutum
1157 4462 1212 4508 et
1248 4453 1390 4510 fuste
1453 4465 1643 4512 contra
1682 4473 1803 4516 eum

203 4536 536 4594 disccrtent.

273 4649 377 4706 51.
407 4650 483 4704 De
509 4654 938 4722 reliziquentibus
965 4657 1207 4712 seculum
1233 4675 1247 4724 ;
1277 4675 1443 4714 unum
1498 4674 1564 4716 ex
1590 4663 1806 4722 duobus

199 4739 432 4812 eligant,
458 4749 518 4796 ut
535 4742 766 4812 pleniter
785 4748 1079 4802 secundum
1111 4750 1428 4806 canonicam
1449 4752 1470 4784 ³
1494 4761 1588 4808 aut
1611 4771 1806 4812 secun-

199 4833 336 4888 dum
373 4833 672 4902 regularem
702 4837 1099 4894 institutionem
1125 4840 1310 4898 vivere
1333 4841 1584 4899 debeant.

269 4924 370 4982 52.
401 4925 480 4980 De
503 4919 707 4982 iustitia
737 4927 1092 4986 ecclesiarum
1118 4931 1236 4997 Dei,
1256 4933 1557 5002 viduarum,
1583 4937 1801 4996 orfano-

1963 499 2184 556 ciantur
2211 501 2574 572 increpantes,
2606 502 2704 559 sed
2729 503 3017 574 diligenter
3041 504 3355 566 audiantur.

2031 615 2120 669 ⁸55.
2150 613 2208 668 Si
2235 629 2422 670 servus
2449 624 2636 671 noster
2651 617 2866 673 occisus
2887 616 3071 682 fuerit,
3103 618 3238 674 duas
3275 629 3462 688 partes
3499 621 3568 676 de

1962 703 2077 772 ipsa
2091 703 2112 734 ’
2135 704 2508 773 conpositione
2531 705 2684 760 tollat
2701 705 2874 762 curtis
2895 715 3102 770 nostra,
3127 714 3182 761 et
3202 707 3362 762 tertia
3376 722 3504 777 pars
3521 709 3563 741 ¹⁰

1957 796 2199 866 parentis
2224 797 2367 851 servi
2387 797 2558 866 ipsius
2597 799 2770 853 nostri
2812 797 3080 865 defuncti,
3127 798 3271 854 sicut
3314 801 3565 871 superius

1959 889 2212 945 diximus.
2243 889 2357 946 lloc
2386 899 2568 946 autem
2599 892 2652 946 in
2689 893 2883 948 diebus
2903 893 3112 950 nostris
3151 900 3208 948 et
3237 893 3294 950 in
3321 902 3566 966 tempore

1959 981 2111 1051 regni
2137 982 2307 1036 nostri
2349 983 2660 1051 statuimus,
2685 985 2934 1054 quamvis
2957 983 3042 1042 lex
3077 993 3268 1042 nostra
3298 1002 3404 1043 non
3435 1003 3564 1058 pos-

1957 1072 2030 1128 sit
2055 1073 2118 1126 “.
2144 1073 2274 1128 Post
2313 1082 2498 1130 autem
2552 1084 2800 1132 nostrum
2844 1079 3126 1134 decessum
3155 1079 3248 1148 qui
3277 1093 3378 1149 pro
3423 1087 3562 1136 tem-

1955 1177 2086 1232 pore
2108 1165 2362 1234 princeps
2385 1165 2568 1232 fuerit,
2595 1167 2760 1224 faciat
2795 1169 2938 1226 sicut
2962 1170 3014 1226 ei
3062 1170 3208 1226 Deus
3255 1171 3556 1242 inspirare-

1955 1257 2047 1323 rit,
2075 1268 2168 1314 aut
2197 1270 2403 1316 rectum
2438 1263 2892 1320 sicutsecundum
2923 1265 3164 1320 animam
3193 1281 3349 1321 suam
3370 1272 3551 1337 provl-

1952 1351 2115 1406 derit.
2141 1352 2278 1420 Quia
2300 1370 2407 1409 non
2441 1355 2615 1411 solum
2643 1356 2811 1412 semel
2836 1357 2930 1414 sed
2957 1357 3276 1415 multotiens
3295 1360 3551 1430 cognovi-

1953 1457 2093 1508 mus,
2124 1445 2215 1500 ubi
2245 1447 2380 1502 tales
2409 1461 2602 1503 causas
2643 1448 2989 1514 emerserint,
3039 1450 3296 1520 quoniam
3347 1465 3448 1508 nec
3491 1451 3549 1506 in

1953 1536 2116 1592 rebus
2153 1537 2382 1607 publicis
2433 1553 2535 1595 nec
2584 1539 2729 1594 nulla
2778 1538 3044 1596 rationem
3091 1541 3278 1611 palatii
3321 1543 3546 1613 proluit,

1951 1628 2096 1698 quod
2123 1630 2319 1686 exinde
2337 1639 2552 1688 actores
2577 1634 2750 1690 nostri
2774 1634 3045 1701 tulerunt;
3070 1643 3127 1690 et
3150 1636 3374 1706 insuper
3395 1638 3544 1696 inve-

1952 1720 2132 1777 nimus
2165 1729 2219 1778 et
2241 1723 2594 1794 cognovimus
2613 1724 2814 1782 multos
2838 1733 3052 1782 actores
3067 1735 3306 1796 nostros,
3330 1730 3422 1800 qui
3444 1729 3549 1786 tol-

1948 1812 2132 1869 lebant
2155 1814 2382 1886 singulis
2402 1815 2545 1871 unde
2565 1817 2750 1874 decem
2795 1818 3018 1886 solidos,
3052 1819 3196 1876 unde
3249 1835 3364 1888 sex,
3403 1823 3547 1878 unde

1945 1907 2196 1976 amplius,
2223 1901 2278 1963 et
2305 1908 2506 1964 dabant
2537 1909 2700 1966 talem
2746 1911 2978 1981 spatium
3023 1920 3187 1982 atque
3229 1913 3544 1983 tranquilla,

1946 1999 2118 2055 donec
2149 1999 2264 2070 ipse
2289 1999 2382 2070 qui
2410 2001 2760 2057 homicidium
2805 2001 3076 2060 iaciebant
3122 2005 3410 2062 obsecrare
3447 2021 3546 2075 po-

1945 2087 2138 2144 tuisset
2162 2097 2222 2146 ut
2243 2091 2438 2146 exinde
2484 2090 2618 2146 nihil
2655 2093 2828 2148 daret.
2892 2093 2961 2147 Et
2989 2093 3033 2125 “
3060 2093 3164 2150 hoc
3206 2094 3544 2163 providimus

1943 2187 2204 2248 statuere,
2239 2181 2412 2237 curtis
2441 2191 2661 2238 nostrae
2685 2184 3029 2240 medietatem
3071 2175 3142 2241 de
3181 2184 3444 2252 aldiones,
3484 2195 3544 2241 et

1943 2271 2076 2326 duas
2097 2280 2280 2340 partes
2295 2272 2359 2327 de
2375 2288 2560 2328 servos
2583 2273 2626 2304 ⁸³
2647 2274 2787 2330 sicut
2809 2289 2971 2344 supra
2988 2274 3244 2342 diximus,
3270 2275 3538 2342 habeant;

1942 2361 2044 2430 ipsi
2059 2369 2312 2432 parentes
2336 2363 2623 2434 propinqui
2651 2373 2730 2431 ut,
2757 2366 2902 2421 unde
2925 2365 3128 2422 habent
3149 2365 3411 2429 dolorem,
3441 2365 3542 2421 ha-

1939 2451 2104 2508 beant
2127 2453 2179 2508 in
2201 2454 2382 2524 aliquo
2405 2465 2629 2526 propter
2651 2456 2956 2514 mercedem
2983 2457 3407 2515 consolationem

2009 2565 2100 2623 54.
2149 2565 2380 2638 Propter
2422 2569 2593 2626 Deum
2639 2579 2694 2626 et
2739 2571 3113 2628 misericordia
3150 2571 3271 2628 eius
3303 2571 3539 2643 precipi-

1938 2672 2062 2716 mus
2085 2667 2249 2730 atque
2271 2662 2671 2720 constatuimus
2693 2663 2804 2720 sola
2833 2663 3054 2734 pietatis
3087 2679 3274 2730 causa,
3305 2671 3366 2718 ut
3387 2663 3433 2719 si
3457 2663 3536 2718 al-

1935 2749 2059 2806 dius
2083 2759 2270 2823 noster
2296 2753 2510 2809 occisus
2534 2751 2718 2819 fuerit,
2746 2755 3094 2811 medietatem
3117 2755 3184 2810 de
3209 2755 3380 2824 ipsam
3407 2769 3544 2810 con--

1932 2841 2258 2911 positionem
2287 2843 2444 2900 tollat
2465 2853 2621 2901 curte
2637 2855 2840 2911 nostra,
2867 2855 2923 2900 et
2961 2847 3307 2903 medietatem
3332 2861 3532 2916 parcn-

1933 2939 2018 2988 tes
2049 2932 2220 3004 ipsius
2265 2933 2523 3001 defuncti,
2560 2936 2608 2992 si
2645 2935 2770 2992 vivo
2815 2943 2970 3006 patre
3017 2936 3269 2993 habuerit
3315 2935 3532 2992 aldione

1932 3031 2140 3089 nostro,
2170 3025 2285 3080 sive
2318 3033 2567 3092 matrem,
2609 3027 2724 3083 sive
2746 3024 2959 3091 fratres,
2989 3027 3104 3083 sive
3126 3025 3242 3082 filii.

1855 3121 1902 3184 ρ
2002 3113 2094 3171 55.
2140 3115 2253 3171 Hoc
2293 3117 2644 3188 precipimus,
2690 3126 2752 3174 ut
2783 3117 2961 3174 nullus
2997 3125 3278 3188 prcsumat
3317 3131 3420 3173 nec
3463 3117 3530 3173 da

1932 3219 2094 3262 servo
2113 3222 2216 3264 nec
2242 3207 2309 3262 da
2323 3207 2538 3265 aldione
2557 3217 2745 3265 nostro
2771 3208 2976 3280 aliquid
3001 3224 3214 3278 emere;
3267 3209 3394 3280 quia
3431 3224 3549 3279 pro.

1930 3297 2142 3355 cautela
2163 3307 2220 3355 et
2242 3315 2342 3370 pro
2366 3299 2564 3358 futuris
2607 3303 2945 3372 temporibus
2969 3317 3068 3374 per
3103 3317 3296 3358 omnes
3345 3309 3538 3356 curtes-

1928 3398 2145 3449 nostras
2170 3393 2365 3450 breves
2389 3393 2620 3452 facimus
2639 3394 2710 3452 de
2729 3410 2920 3452 omnes
2949 3395 3256 3452 territorias
3289 3394 3356 3452 de
3382 3395 3532 3466 ipsas

1927 3490 2112 3540 curtes
2141 3484 2499 3555 pertinentes.
2533 3484 2686 3544 llnde
2708 3487 3066 3559 precipimus,
3091 3496 3153 3544 ut
3199 3487 3293 3557 qui
3329 3486 3527 3543 amodo

1927 3575 2180 3632 inventus
2205 3575 2370 3632 fuerit
2406 3579 2472 3633 de
2506 3593 2666 3635 servo
2692 3588 2788 3636 aut
2825 3578 2894 3634 de
2927 3579 3144 3636 aldione
3175 3579 3221 3610 “
3245 3577 3331 3634 vel
3354 3578 3525 3634 abtim

1925 3665 1993 3721 de
2021 3675 2176 3722 curte
2197 3677 2384 3724 nostra
2409 3668 2614 3740 aliquid
2635 3683 2836 3737 emere,
2866 3669 3043 3741 ipsum
3073 3667 3304 3741 perdere
3339 3669 3524 3734 habet,

1922 3756 2065 3814 sicut
2085 3759 2180 3828 qui
2201 3775 2290 3816 res
2311 3759 2517 3819 alienas
2546 3763 2691 3818 malo
2717 3762 2908 3819 ordine
2930 3762 3158 3818 invadit.
3186 3761 3252 3816 Et
3281 3761 3326 3816 si
3367 3769 3524 3816 actor

1921 3850 2260 3904 consenserit
2281 3857 2377 3904 aut
2401 3851 2652 3907 conscius
2669 3849 2854 3918 fuerit,
2884 3865 2972 3906 res
2997 3851 3116 3906 eius
3145 3849 3333 3906 tollere
3358 3857 3411 3904 et
3437 3849 3523 3903 in-

1919 3939 2198 4009 publieare
2227 3941 2407 3998 faciat.
2437 3941 2575 4009 Quia
2615 3943 2776 3999 debet
2803 3942 2846 3974 ¹⁸
2865 3942 3044 3997 omnis
3067 3942 3230 3997 homo
3269 3941 3518 3996 conside-

1919 4042 2042 4084 rare
2070 4029 2113 4060 ¹⁸
2136 4039 2362 4101 propter
2382 4031 2552 4086 Deum
2574 4041 2628 4088 et
2651 4033 2888 4086 animam
2911 4047 3088 4098 suam,
3131 4031 3386 4100 quoniam
3414 4046 3518 4086 nos

1917 4119 2070 4176 illum
2094 4122 2479 4191 relaxavimus,
2503 4140 2535 4180 a
2559 4123 2730 4180 livero
2759 4126 2798 4156 "
2822 4140 3168 4180 crcmmanos
3189 4122 3334 4194 quod
3356 4123 3516 4178 nobis

1916 4210 1973 4266 in
1999 4222 2184 4270 curtes
2213 4223 2429 4272 nostras
2471 4217 2767 4272 secundum
2813 4217 3036 4286 antiquo
3077 4215 3258 4273 edicto
3303 4215 3514 4287 legibus

1911 4301 2286 4372 pertinebant;
2311 4306 2559 4378 quoniam
2579 4308 2669 4380 qui
2715 4323 2876 4362 unam
2907 4305 3076 4378 ﬁliam
3111 4306 3431 4378 relinquebat
3467 4306 3512 4338 ⁸⁸

1915 4401 2127 4450 tantum
2157 4395 2212 4450 in
2239 4397 2400 4452 tertia
2424 4412 2550 4468 pars
2576 4397 2620 4429 ¹⁹
2656 4397 2992 4454 substantiae
3012 4397 3184 4468 patris
3209 4398 3292 4452 sui
3319 4411 3510 4452 succc—

1836 4501 1882 4557 ι)
1909 4485 2087 4552 debat,
2117 4495 2173 4542 et
2206 4489 2339 4544 duas
2359 4489 2413 4544 in
2461 4489 2677 4560 publico
2715 4491 3060 4546 revertebant
3095 4489 3164 4556 ’°,
3205 4489 3250 4544 si
3288 4490 3508 4560 propin-

1911 4591 2046 4646 quos
2071 4587 2324 4648 parentes
2366 4596 2474 4635 non
2499 4581 2701 4648 habet;
2738 4589 2793 4637 et
2825 4581 2872 4637 si
2930 4583 3064 4638 duas
3090 4581 3228 4637 ﬁlias
3273 4583 3509 4636 habebat

1908 4668 2104 4738 aliquis
2133 4683 2226 4725 aut
2249 4672 2502 4742 amplius,
2555 4675 2610 4730 in
2654 4674 2943 4730 medietate
2995 4685 3208 4740 tantum
3249 4671 3505 4729 succede-

1906 4761 2037 4818 bant
2060 4768 2202 4834 patri
2223 4783 2322 4824 suo
2349 4777 2404 4824 et
2424 4769 2675 4838 publicus
2701 4770 2756 4825 in
2775 4770 2972 4826 media.
3010 4771 3074 4826 Et
3111 4784 3239 4826 ecce
3258 4783 3357 4824 nos
3381 4783 3501 4822 mo-

1905 4853 1973 4909 do
1999 4858 2181 4912 omnia
2205 4857 2272 4914 de
2295 4861 2492 4918 talibus
2519 4865 2702 4920 causis
2740 4872 2965 4935 praptcr
3013 4863 3181 4918 Deum
3217 4870 3272 4916 et
3308 4861 3353 4891 "
3379 4859 3502 4918 eius

1905 4944 2277 5005 misericordia
2303 4951 2664 5011 rclaxavimus
2683 4955 2728 4986 "
2757 4969 2772 5008 :
2800 4953 3027 5024 proinde
3073 4951 3363 5020 unicuique
3403 4947 3499 5001 de.-

1434 5072 1824 5134 VARIANTES
1857 5081 2261 5142 LECTIONES.

267 5173 288 5205 ¹
321 5171 506 5232 fidiam
541 5192 590 5233 ο.
684 5179 708 5225 '.
735 5181 942 5236 nullum
971 5199 1018 5237 c.
1117 5183 1140 5215 ³
1164 5191 1218 5238 et
1247 5183 1348 5240 deo
1371 5201 1418 5238 c.
1515 5185 1538 5217 ⁵
1565 5187 1762 5245 multas

191 5241 311 5298 ἰιι

337 5193 506 5232 ullam
541 5193 590 5233 ο.
684 5193 708 5225 '.
735 5193 942 5236 nultum
971 5199 1018 5237 c.
1117 5193 1140 5215 ⁸
1164 5193 1218 5238 et
1247 5193 1348 5240 deo
1371 5201 1418 5238 c.
1515 5193 1538 5217 "
1565 5193 1762 5245 multas
1795 5193 2034 5262 qualibet
2057 5214 2104 5250 c.
2197 5197 2217 5230 "
2243 5198 2316 5254 ﬁ
2345 5216 2393 5254 ε.
2471 5199 2493 5232 δ
2523 5199 2692 5256 multa
2722 5214 2882 5270 quem
2907 5215 2956 5254 c.
3031 5198 3053 5230 '
3090 5196 3200 5254 clcs
3224 5194 3402 5250 onislc
3441 5213 3489 5249 c-

337 5259 393 5314 p.
420 5261 467 5302 s.
491 5263 542 5303 c.
569 5248 710 5326 deest
736 5267 786 5306 c.
860 5251 882 5284 ⁸
909 5253 1123 5326 ίρξειξς.
1201 5253 1244 5285 ¹⁰
1271 5269 1400 5324 pras
1417 5271 1464 5308 c.
1542 5257 1584 5288 ¹¹
1624 5258 1720 5314 sit.
1797 5263 1841 5293 "
1867 5264 1969 5321 hac
1994 5283 2042 5320 ο.
2123 5268 2167 5300 ¹³
2199 5284 2408 5325 servos.
2450 5269 2602 5326 Sicut
2623 5287 2670 5326 s.
2693 5271 2746 5326 d.
2774 5270 2830 5326 Ιι.
2881 5271 2920 5324 i.
2952 5270 3070 5323 cod.
3149 5267 3194 5298 “
3222 5266 3402 5322 aldine
3439 5283 3489 5319 ε.

2197 5197 2217 5230 ⁵
2243 5198 2316 5254 ᾖ
2345 5216 2393 5254 c.
2460 5199 2493 5270 7‘
2523 5199 2692 5256 multa
2722 5214 2882 5270 quem
2907 5215 2956 5254 c.
3031 5198 3053 5230 '
3090 5196 3200 5270 cies
3224 5194 3402 5270 onistc
3441 5213 3513 5249 ε..

197 5313 242 5411 ζ’
261 5314 498 5411 ff“?
574 5317 785 5411 “1‘99”
811 5337 860 5405 εἰ·
929 5313 979 5356 ’⁸⁷
1008 5313 1334 5411 “litteras;
1405 5325 1448 5357 ¹⁸
1473 5341 1534 5408 ,q-
1563 5343 1706 5411 (1135.
1739 5329 1778 5384 r.
1807 5313 2156 5411 essent.
2186 5313 2278 5393 ἴ
2303 5313 2602 5411 ἰῖἶπέζὲῖ
2623 5313 3060 5396 “”²ἱ”ι·ἶ”τ;ἰὲιῐιῖἑίι
3086 5342 3140 5394 in
3167 5337 3332 5394 tcrcia
3363 5352 3492 5405 pars

190 5385 538 5478 fiillstaiitiae
557 5390 736 5458 patris
761 5392 844 5447 sui
865 5394 1206 5458 succedebat,
1225 5403 1281 5450 et
1301 5397 1437 5452 duas
1469 5385 1523 5452 in
1537 5385 1752 5468 publico
1779 5385 2209 5465 revéiiéiiihili
2219 5385 2266 5464 ἓ.
2343 5385 2814 5468 n’éiwm'ércmiéx}.
2841 5385 3062 5467 xiiii};
3089 5385 3264 5473 uicae,
3303 5385 3487 5478 supra.

190 5451 236 5481 ”
260 5451 631 5514 mlavimus'c.

1734 5563 1968 5624 ΝΟΤΛΞ.

264 5653 303 5722 ει,
325 5640 571 5738 Alodium
599 5647 730 5702 olim
761 5647 1014 5738 dicebant
1040 5651 1258 5738 fundum
1303 5652 1554 5738 libentur
1585 5655 1784 5738 nullius
1889 5659 2019 5717 dum
2045 5663 2516 5732 V'imlocinenscni,
2549 5681 2672 5738 pag.
2695 5667 2745 5723 5.
2784 5666 2983 5723 Βιλιυῑ.

187 5708 304 5774 iuri
343 5714 653 5783 obnoxium,
685 5728 742 5774 ut
779 5721 856 5774 ait
878 5721 1196 5778 Sirmondus
1223 5723 1277 5777 in
1317 5724 1459 5780 notis
1489 5725 1555 5780 ad
1600 5708 1789 5783 Gellii,-
