3974 6134
445 296 547 353 659

1350 293 1411 352 Β.
1451 294 1701 354 CAROLI
1738 292 1950 351 MAGNI
1985 288 2134 349 OPP.
2176 288 2357 346 PARS
2389 288 2429 345 ῐ.
2471 287 2661 345 SEC’I'.
2698 286 2740 342 ῐ.

3596 286 3715 342 σεδ

445 408 538 464 bet
560 409 804 465 sutiicere
828 423 923 464 sua
945 407 1265 473 substantia,
1311 415 1365 462 ct
1409 424 1517 463 non
1560 407 1716 463 debet
1747 404 2012 477 eupidita-
2043 408 2094 466 Α
2119 412 2175 457 ut
2206 402 2486 457 relaxetur.
2517 398 2608 455 Sic
2629 407 2829 465 tamen,
2862 406 2922 452 ut
2948 397 3092 453 dicat
3116 397 3170 453 in
3203 396 3319 469 ipso
3338 411 3703 467 sacramento,

446 508 556 556 tem
590 501 789 556 habere
812 509 999 556 contra
1022 499 1283 553 rationem
1311 499 1708 567 comparandum
1738 498 1804 553 da
1834 510 2009 555 servo.

426 601 541 646 'aut
575 591 643 646 de
674 589 884 645 aldione
909 589 992 643 vel
1008 587 1157 644 abtin
1177 594 1384 643 nostro.
1408 585 1559 643 Unde
1582 586 1671 656 qui
1702 587 1805 641 hoc
1837 584 2014 639 facere

445 677 883 750 praesumpserit,
905 691 1209 747 conponere
1230 676 1393 731 habet
1417 675 1559 730 sicut
1594 674 1854 743 scriptum
1895 679 2017 738 est;

445 769 665 837 insuper
684 768 740 824 in
764 766 984 837 periurii
1011 774 1221 822 reatum
1243 765 1401 822 nobis
1420 764 1699 834 conparuit
1723 762 2013 833 pertinere,

443 873 512 911 co
530 856 672 926 quod
693 856 848 911 nobis
872 856 1106 911 iuratum
1130 855 1293 911 habet
1336 855 1480 924 quod
1529 854 1686 909 nobis
1718 852 1891 908 ﬁdelis
1922 851 2017 906 sit.

444 948 514 1002 Et
537 947 715 1017 qualis
746 946 976 1003 fidelitas
995 955 1097 1011 est,
1125 946 1257 1001 dum
1280 946 1373 1002 ille
1411 960 1534 1003 cum
1575 945 1781 1002 iudices
1824 952 2017 1001 aucto-

445 1053 563 1093 rem
586 1043 681 1092 aut
701 1036 968 1093 aldionem
992 1036 1074 1092 vel
1101 1052 1267 1092 servo
1288 1036 1598 1094 conludium
1649 1034 1796 1100 facit,
1830 1044 1886 1091 et
1931 1049 2020 1091 res

446 1139 631 1187 nostra
650 1139 838 1187 contra
857 1138 1099 1187 nostrain
1123 1130 1457 1187 voluntatem
1480 1129 1733 1187 invadat?
1760 1128 1896 1196 Quia
1917 1128 2022 1184 hoc

445 1228 706 1277 statutum
729 1229 815 1278 est
836 1220 891 1277 in
915 1220 1171 1287 edictum,
1198 1228 1260 1276 ut
1287 1221 1377 1291 qui
1416 1221 1483 1276 de
1509 1234 1665 1277 servo
1708 1227 1803 1274 aut
1854 1218 2023 1274 aldio-

445 1328 572 1369 nem
594 1314 985 1384 conparaverit,
1011 1315 1200 1384 perdat
1231 1314 1502 1383 pretium;
1542 1320 1598 1369 et
1620 1312 1831 1383 qualem
1851 1312 2022 1381 legem

447 1402 820 1473 unusquisque
843 1402 1225 1475 Langobardus
1261 1403 1461 1459 habere
1503 1402 1645 1467 vult,
1678 1401 1841 1457 talem
1867 1401 2025 1456 debet

448 1493 518 1548 ad
546 1500 754 1548 curtem
784 1501 1025 1550 nostram
1049 1506 1388 1548 conservare.
1416 1492 1483 1547 Et
1510 1492 1636 1562 quis
1662 1490 1854 1546 amodo
1899 1505 2027 1546 eon-

448 1581 740 1651 paravcrit,
787 1590 881 1637 aut
916 1580 1326 1648 intiduciaverit,
1372 1582 1561 1650 perdat
1601 1580 1833 1649 pretium
1869 1594 2026 1634 suum

2111 493 2255 562 quod
2274 507 2382 547 non
2405 489 2797 547 consentiendo
2815 488 3011 554 amico,
3043 503 3150 543 non
3177 489 3248 544 ad
3267 496 3571 557 parentem,
3594 506 3711 546 non

2109 584 2318 653 pt-etnio
2346 589 2649 651 corruptus,
2673 579 2771 635 nisi
2792 580 2935 650 quod
2955 589 3163 635 eertum
3194 580 3331 636 sciat
3354 582 3499 650 quod
3513 591 3711 640 contra

2112 674 2386 729 rationem
2409 673 2602 728 toltum
2652 680 2766 737 est;
2815 679 2873 726 et
2913 687 3038 727 cum
3074 672 3232 727 nobis
3268 671 3431 728 fuerit
3468 674 3706 730 recensi-

2114 770 2248 827 tum,
2276 777 2376 829 per
2395 770 2636 817 nostram
2663 761 2957 819 iussionem
2978 761 3307 817 relaxentur.

2184 872 2275 926 37.
2302 871 2457 929 Unde
2492 870 2803 937 statuimus,
2841 877 2902 925 ut
2949 884 3046 940 per
3072 870 3142 925 60
3186 886 3357 927 annos
3398 874 3715 942 inquiratur

2115 965 2383 1036 possessio
2405 964 2471 1021 de
2501 964 2761 1034 pecunias
2784 963 3048 1034 publicas,
3072 978 3172 1034 pro
3197 979 3264 1019 eo
3287 964 3432 1034 quod
3463 966 3717 1035 peccatis

2118 1055 2522 1112 imminentibus
2549 1054 2617 1111 de
2638 1053 2709 1109 40
2743 1054 2899 1109 annis
2924 1054 3120 1124 aliquis
3160 1069 3268 1110 non
3315 1063 3606 1121 memorat,
3652 1064 3715 1112 et

2115 1148 2275 1219 pauci
2298 1147 2647 1203 inveniuntur
2680 1144 2774 1216 qui
2811 1153 2994 1201 tantos
3036 1160 3208 1200 annos
3252 1145 3470 1211 abeant,
3515 1147 3718 1202 statui-

2120 1254 2263 1304 mus,
2295 1244 2356 1292 ut
2388 1243 2614 1306 excepto
2650 1234 2744 1305 qui
2775 1234 2884 1290 iam
2908 1249 3007 1304 per
3043 1234 3305 1289 iustitiam
3349 1234 3719 1305 inpuhlicatns

2122 1337 2223 1392 est,
2258 1327 2401 1398 quod
2425 1326 2566 1382 intra
2592 1324 2664 1383 50
2689 1339 2862 1382 annos
2896 1325 3075 1395 aliqua
3110 1325 3319 1382 invasio
3357 1334 3451 1382 aut
3478 1326 3633 1384 fraus
3658 1330 3714 1384 in

2122 1419 2381 1490 pecunias
2406 1417 2649 1489 publicas
2678 1417 2818 1473 facta
2842 1425 2942 1482 est,
2972 1417 3085 1487 ipsa
3118 1417 3379 1489 requirat,
3402 1426 3458 1474 et
3480 1419 3717 1477 adducm

2126 1510 2193 1566 ad
2225 1516 2468 1565 nostram
2489 1507 2759 1563 notitiam.
2793 1506 2886 1562 Sic
2913 1514 3126 1576 tamen,
3155 1516 3216 1566 ut
3251 1519 3412 1566 antea
3453 1528 3563 1568 non
3594 1528 3715 1582 prc-

2126 1608 2304 1657 sumat
2331 1599 2536 1656 wiﬂ'are
2573 1606 2668 1654 aut
2686 1599 2996 1674 pignurare.
3028 1602 3166 1671 Quia
3198 1619 3298 1660 nos
3326 1604 3578 1661 volumus
3612 1605 3718 1661 ista

449 1672 745 1728 εθθιιηάυηι
773 1672 936 1728 “dmi
965 1680 1175 1728 ίθηοτθο
1199 1670 1301 1739 Qui
1327 1687 1457 1727 "97°
1498 1671 1601 1727 h°°
1645 1671 1805 1725 πηοάο
1849 1669 2028 1762 [ficere
2059 1754 2098 1762 _
2129 1705 2293 1747 causa
2319 1703 2417 1761 per
2440 1669 2805 1762 nosmetipsos
2824 1692 3014 1749 audire
3037 1669 3092 1748 et
3115 1695 3408 1750 secundum
3432 1695 3605 1750 Deum
3632 1712 3718 1750 or-

448 1764 861 1854 νςθειιιηρεθςίιν
908 1770 966 1854 ef
992 1762 1235 1854 Priami“:
1270 1763 1485 1854 νοτάεξιι
1521 1770 1576 1816 ει
1609 1762 1754 1854 sic“!
1797 1760 1888 1830 (ιιιί
1939 1776 2027 1816 res
2059 1754 2104 1815 Β
2127 1754 2337 1835 dinare:
2364 1779 2498 1850 Quia
2526 1754 2777 1853 apparuit
2808 1783 2981 1847 nobis,
3009 1784 3159 1853 quod
3186 1783 3232 1839 si
3260 1799 3360 1840 nos
3395 1785 3515 1854 ipsa
3556 1801 3723 1841 causa

448 1850 657 1906 alienas
684 1849 825 1907 malo
849 1850 1039 1907 ordine
1060 1851 1261 1907 invadit
1288 1851 1562 1907 nesciente
1611 1851 1857 1917 domino,
1896 1865 2028 1905 con-

449 1949 635 2011 ponat.
662 1939 829 1999 Actor
861 1956 990 1997 vcro
1018 1941 1234 1998 amittat
1252 1941 1611 1998 substantiam
1632 1957 1785 1996 suam
1805 1942 1899 2011 qui
1924 1941 2030 1997 hoc

449 2032 811 2089 consenserit.
840 2031 982 2087 sicut
998 2032 1169 2103 Supra
1198 2031 1412 2101 legitur.
1439 2029 1574 2085 Nam
1597 2029 1647 2085 si
1687 2046 1787 2086 nos
1823 2030 2032 2088 relaxa-

450 2123 649 2189 vitnus,
674 2123 1043 2194 unusquisque
1069 2123 1269 2180 habere
1293 2122 1485 2179 debeat
1505 2120 1596 2178 cui
1617 2130 1932 2191 preceptum
1957 2125 2032 2181 fe-

450 2212 627 2270 cimus
650 2220 745 2267 aut
777 2211 1084 2268 fecerimus.

522 2304 612 2361 36.
645 2302 886 2372 Qualiter
916 2305 1064 2361 iubet
1092 2304 1318 2360 domnus
1361 2319 1455 2360 rex
1491 2303 1563 2363 ad
1594 2318 1785 2363 omnes
1822 2315 2033 2362 actores

451 2394 544 2465 qui
578 2402 759 2450 curtcs
790 2396 908 2451 eius
930 2394 1247 2451 commissas
1287 2394 1508 2454 habent.
1540 2397 1598 2453 Id
1630 2406 1715 2453 est
1756 2396 1811 2451 in
1844 2397 2033 2467 primis

452 2487 520 2541 de
544 2484 638 2541 illo
663 2486 806 2559 quod
827 2486 1024 2547 nostris
1053 2486 1388 2561 temporibus
1422 2488 1811 2559 inpublicatum
1844 2495 1947 2554 est,
1972 2494 2034 2542 ut

453 2574 595 2634 iuret
620 2581 985 2652 unusquisque
1028 2589 1203 2647 actor,
1238 2588 1297 2636 et
1339 2578 1483 2637 dicat
1522 2594 1621 2649 per
1646 2577 2030 2650 euuangelias:

456 2668 595 2735 Quia
617 2670 975 2743 quodcumque
1011 2687 1314 2743 cognovero,
1362 2669 1506 2743 quod
1550 2679 1733 2725 contra
1779 2670 2035 2725 rationm

454 2761 617 2819 alicui
636 2761 822 2819 toltum
843 2772 940 2830 est,
964 2763 1102 2827 facta
1122 2761 1309 2818 exinde
1330 2762 1570 2819 notitiam
1591 2761 1782 2815 domno
1808 2760 1908 2814 mei
1931 2760 2036 2831 regi

2129 1870 2482 1940 audierimus,
2509 1873 2623 1929 Deo
2646 1871 2861 1928 favente
2884 1873 3003 1929 sine
3031 1881 3255 1945 peccato
3287 1887 3407 1928 eam
3446 1874 3719 1944 inquirere

2132 1967 2411 2033 habemus,
2450 1974 2505 2022 et
2542 1965 2622 2023 sic
2662 1966 2916 2023 ordinare
2957 1973 3020 2021 ut
3050 1965 3354 2022 mercedem
3386 1966 3723 2032 habeamus;

2133 2058 2260 2129 quia
2296 2057 2499 2113 iudices
2534 2056 2728 2123 nostri,
2767 2069 2943 2126 neque
2981 2056 3289 2112 aritnannos
3310 2095 3328 2124 ,
3374 2070 3477 2111 nec
3511 2063 3723 2113 actores

2134 2147 2334 2214 nostri,
2353 2153 2581 2218 possunt
2622 2147 2702 2203 sic
2740 2146 3021 2217 disciplina
3062 2146 3384 2217 distringere
3423 2145 3566 2201 sicut
3601 2162 3726 2202 nos.

2137 2238 2291 2308 Quod
2318 2247 2497 2294 autem
2520 2239 2806 2310 probatura
2838 2247 2923 2294 est
2946 2252 3044 2309 per
3067 2238 3287 2310 triginta
3309 2254 3482 2294 annos
3510 2247 3607 2293 aut
3629 2255 3725 2295 stt-

2136 2343 2236 2400 per
2270 2329 2657 2399 cuiuscumque
2691 2329 3092 2399 possessionem
3129 2326 3255 2395 fuit,
3293 2336 3350 2384 et
3390 2327 3589 2385 modo
3631 2328 3726 2384 ha

2136 2420 2294 2485 beat;
2332 2428 2394 2475 ut
2434 2418 2612 2474 nullus
2638 2427 2790 2474 actor
2823 2433 2889 2475 eo
2915 2427 3191 2489 presumat
3231 2434 3335 2475 nec
3372 2419 3586 2474 vitiare
3623 2434 3726 2475 nec

2137 2511 2455 2576 molestare;
2495 2516 2554 2563 et
2589 2508 2682 2578 qui
2706 2509 3112 2578 presumpserit,
3142 2516 3411 2579 conponat
3434 2510 3550 2579 ipse
3573 2517 3727 2564 actor

2137 2601 2408 2673 widrigild
2431 2616 2610 2667 suum,
2647 2608 2874 2670 excepto
2897 2599 3040 2656 unde
3065 2609 3379 2671 preceptum
3415 2599 3612 2656 falsum
3645 2599 3729 2656 inv-

2140 2692 2356 2749 venitur
2380 2690 2395 2722 ⁸
2430 2690 2574 2761 quod
2597 2698 2791 2761 aperta
2817 2690 2839 2721 ³
2865 2704 3029 2747 causa
3053 2691 3231 2748 estad
3263 2690 3615 2762 quincudutn.

1653 2889 2042 2948 VARIANTES
2078 2888 2483 2948 LECTIONES.

528 2962 546 2995 ¹
572 2961 828 3020 inucntur
864 2979 914 3019 c.
988 2962 1020 2994 "
1041 2969 1200 3035 opeta
1234 2978 1284 3017 c.

1986 3121 3709 3157 .....________________

700 3198 1147 3263 HLOTHARII
1187 3186 1723 3266 tMrEntTonts
1757 3166 2228 3269 convenires
2263 3206 2893 3275 coursumrmsrs
2927 3211 3073 3293 (An.
3108 3213 3253 3290 833,
3288 3213 3493 3296 Oct.).

531 3393 611 3473 Et:
647 3392 1102 3473 acti_s.cat_tventu§
1144 3392 1225 3473 in.
1246 3406 1353 3461 quo
1395 3390 1698 3473 hudovicus
1727 3391 2029 3473 imperator
2061 3393 2334 3473 depositus
2369 3403 2454 3450 est
2474 3435 2490 3461 ,
2532 3394 2727 3473 relatio
2760 3394 3135 3473 episcoporum
3169 3405 3224 3453 et
3256 3398 3464 3473 charta
3488 3401 3558 3457 ah
3596 3403 3741 3473 Ago-

462 3462 836 3544 bardqarehie
876 3461 1419 3542 iscopo.l.ugdunensi
1445 3461 1512 3515 ad
1533 3461 1839 3544 exemplum
1865 3463 1960 3517 reli
2001 3461 2191 3546 uoru'tn
2214 3461 2865 3547 episcoporumlothario
2889 3461 3069 3521 oblata
3097 3476 3329 3522 exstant.
3360 3470 3427 3524 Et
3450 3470 3592 3527 hanc
3614 3461 3742 3542 qui-

462 3537 581 3590 item
629 3540 772 3587 tuter
816 3477 1085 3601 £gobardr
1129 3530 1303 3599 Opera
1338 3529 1641 3601 vulgatam,_
1658 3531 1726 3601 ad
1771 3541 1941 3586 instar
1963 3480 2185 3588 Ἱὶοὼωδ
2225 3549 2369 3589 untct
2399 3549 2453 3589 tn
2478 3535 2799 3595 bibliotheca
2828 3536 2995 3601 Regia
3024 3537 3315 3593 Parisiensi
3351 3555 3408 3593 n.
3440 3540 3604 3601 2853,
3633 3559 3740 3601 m..

459 3537 581 3590 item
629 3531 772 3587 inter
816 3529 1303 3611 AgabardiLO'pcra
1338 3529 1727 3611 vulgatam,_ad
1771 3532 1941 3611 instar

2050 3532 2185 3588 dicis
2225 3532 2453 3609 uniciin
2478 3535 3315 3609 bibliothecaliegiaParisiensi
3351 3555 3408 3593 n.
3440 3540 3604 3608 2853,
3630 3532 3740 3609 ἱιι..

457 3617 604 3683 εςςιείεεΔ
624 3616 701 3668 tx,
735 3599 1071 3672 recognitam
1093 3600 1289 3655 iterum
1310 3599 1539 3668 edimus,
1566 3599 1829 3657 relatione
1861 3602 2235 3674 episcoporum
2261 3618 2328 3660 ex
2351 3602 2622 3661 Sirmondi
2646 3599 3129 3673 Conciliis'Galllte,
3155 3615 3198 3662 t.
3226 3606 3293 3677 ll,
3330 3623 3387 3679 p.
3426 3609 3565 3678 560,
3590 3599 3744 3683 ’νυοί

460 3672 669 3743 posita.

459 3775 936 3840 EPISCOPORUM
972 3778 1063 3833 DE
1099 3776 1729 3837 EXAUCTORATIONE
1778 3779 2041 3839 HLUDO-
2068 3790 2116 3854 ο
2145 3784 2581 3858 beneagentihus
2612 3800 2710 3857 per
2732 3786 3093 3845 humilitatem
3137 3789 3291 3856 socii,
3326 3801 3518 3848 contra
3562 3794 3745 3852 delin-

738 3869 896 3926 WlCl
944 3867 1408 3925 IMPERATORIS
1446 3865 1770 3926 RELATIO.

528 3964 792 4021 Omnibus
819 3964 873 4018 in
910 3961 1210 4019 christiana
1250 3960 1508 4031 religione
1548 3961 1862 4019 constitutis
1904 3977 2046 4019 scire

458 4056 732 4122 convenit,
765 4054 923 4126 quale
945 4054 1016 4110 sit
1041 4052 1401 4113 ministerium
1427 4052 1823 4122 episcoporum,
1848 4052 2048 4124 qualis-

459 4164 567 4220 que
589 4146 865 4219 vigilantia
888 4154 1051 4215 atquc
1072 4141 1375 4198 sollicitudo
1394 4142 1473 4197 eis
1492 4142 1638 4198 circa
1665 4141 1892 4198 salutem
1916 4158 2047 4198 cun-

458 4247 671 4294 ctorum
696 4234 998 4300 adhibenda
1021 4233 1111 4299 sit,
1129 4246 1263 4304 quos
1286 4239 1498 4288 constat
1516 4246 1638 4287 esse
1652 4232 1884 4287 vicarios
1897 4231 2050 4287 Chri-

458 4331 532 4386 sti
570 4337 626 4384 et
669 4327 965 4399 clavigeros
1008 4324 1161 4396 regni
1198 4323 1498 4380 caelatum:
1537 4324 1732 4393 quibus
1768 4338 1798 4378 a
1830 4324 2047 4380 Christo

459 4430 613 4478 tanta
637 4422 832 4478 collata
857 4429 940 4476 est
962 4426 1225 4489 potestas,
1260 4426 1321 4473 ut
1346 4419 1723 4489 quodcumque
1760 4417 2045 4500 ligaverint

461 4530 624 4589 super
660 4523 879 4578 terram,
908 4512 978 4568 sit
1000 4512 1222 4582 ligatum
1249 4512 1382 4567 etin
1403 4512 1570 4577 caelo,
1595 4520 1650 4567 et
1669 4513 2045 4583 quodcumque

460 4605 719 4663 solverint
765 4618 927 4673 super
964 4612 1182 4668 terram,
1227 4602 1299 4657 sit
1337 4603 1569 4658 solutum
1600 4612 1654 4658 et
1686 4604 1740 4658 in
1786 4604 1954 4659 caelo.
1980 4604 2047 4659 Et

460 4698 516 4754 itt
542 4704 745 4767 quanto
770 4695 878 4751 sint
905 4694 1007 4764 ipsi
1026 4693 1264 4765 periculo
1288 4695 1586 4759 constituti,
1613 4696 1659 4751 si
1680 4698 1871 4752 ovibus
1892 4696 2048 4753 Chri-

458 4788 533 4842 sti
557 4785 811 4858 pabulum
838 4784 979 4840 vitae
1004 4784 1312 4839 ministrare
1349 4785 1696 4854 neglexerint,
1721 4795 1776 4840 et
1799 4795 2043 4841 errantes

459 4881 528 4936 ad
553 4880 693 4935 viam
720 4876 966 4932 veritatis
999 4874 1273 4947 arguendo
1298 4878 1629 4933 obsecrando
1669 4878 1921 4933 reducere
1946 4893 2045 4948 pro

459 4971 665 5026 viribus
693 4984 801 5025 non
836 4966 1159 5030 studuerittt,
1190 4966 1337 5022 iuxta
1365 4966 1493 5022 illud
1527 4968 1941 5037 propltczicum:
1982 4967 2043 5022 Si

461 5079 565 5117 non
597 5059 1008 5123 annuntiaveris,
1049 5058 1243 5128 inquit,
1289 5058 1468 5129 iniquo
1502 5059 1829 5129 iniquitatem
1870 5074 2050 5122 suam,

458 5163 507 5208 et
546 5153 654 5223 ipse
688 5152 746 5206 iu
777 5150 1039 5220 impietate
1076 5166 1173 5204 sua
1209 5160 1446 5204 mortuus
1485 5149 1643 5219 fuerit
1668 5189 1683 5213 ,
1735 5148 2041 5218 sanguinem

2147 3887 2406 3950 quentum
2431 3895 2561 3936 vero
2585 3880 2714 3936 vitia
2748 3895 2849 3952 per
2881 3881 3056 3937 zelum
3094 3883 3334 3939 iustitiae
3372 3887 3574 3942 erecti:
3604 3902 3745 3959 qua-

2147 3971 2293 4026 tinus
2318 3970 2628 4040 posthabito
2651 3979 2889 4041 torpore,
2925 3979 3090 4043 atque
3114 3973 3360 4043 segnitie,
3387 3974 3473 4030 vel
3497 3975 3745 4034 humano

2148 4058 2351 4126 favore,
2375 4068 2470 4115 aut
2501 4060 2758 4117 mundiali
2782 4060 3001 4127 timore,
3039 4061 3119 4117 sic
3152 4072 3440 4119 exerceant
3488 4066 3757 4123 ministe-

2149 4150 2291 4205 rium
2318 4166 2495 4214 suum,
2524 4159 2585 4205 ut
2616 4158 2673 4204 et
2703 4151 3078 4221 praesentibus
3114 4151 3402 4208 salubriter
3426 4156 3744 4223 consulant,

2149 4251 2205 4295 et
2230 4238 2424 4295 futuris
2448 4240 2557 4296 sint
2588 4241 2890 4311 exemplum
2915 4241 3124 4297 salutis.
3154 4242 3353 4299 Verum
3379 4246 3507 4314 quia
3529 4246 3586 4300 itt
3609 4262 3747 4317 agro

2152 4330 2267 4395 Dei,
2282 4331 2375 4401 qui
2400 4340 2484 4387 cst
2504 4331 2745 4387 Ecclesia
2768 4331 2999 4400 Christi,
3018 4334 3176 4390 noxia
3203 4350 3449 4405 quaeque
3473 4338 3746 4394 instinctu

2150 4421 2322 4478 hostis
2356 4422 2563 4492 antiqui
2609 4423 2875 4492 pullulare
2915 4440 3023 4481 non
3069 4435 3305 4493 cessant,
3344 4443 3488 4497 quae
3515 4445 3750 4488 necesse

2149 4520 2313 4567 estut
2338 4512 2578 4568 adhibito
2616 4513 2830 4568 sarculo
2863 4514 3118 4583 pastorali
3157 4516 3414 4572 radicitus
3463 4519 3749 4589 extirpen-

2150 4611 2256 4667 tur,
2289 4613 2342 4658 et
2369 4612 2590 4674 propter
2615 4603 2908 4660 malevolos
2932 4620 3193 4675 quosque,
3223 4606 3314 4676 qui
3339 4607 3480 4662 bene
3500 4618 3625 4664 acta
3646 4619 3752 4665 aut

2152 4695 2450 4765 intelligere
2474 4694 2683 4762 nolunt,
2708 4703 2800 4750 aut
2823 4696 3083 4751 malevola
3115 4697 3412 4752 intentione
3446 4700 3635 4768 potius
3654 4700 3751 4755 in-

2144 4784 2402 4854 telligere,
2426 4799 2586 4854 quant
2610 4785 2781 4854 ipsam
2798 4784 3081 4841 veritatem
3105 4786 3441 4842 delectantur
3460 4789 3748 4859 amplecti,

2144 4882 2357 4944 oportet
2382 4874 2598 4930 eosdem
2621 4884 2886 4945 pastores,
2922 4883 2984 4931 ut
3005 4875 3456 4947 quandocumque
3483 4878 3553 4933 de
3580 4893 3751 4949 gem»

2146 4963 2246 5018 rali
2296 4964 2568 5031 utilitate,
2610 4964 2691 5019 vel
2731 4965 2943 5035 publica
2979 4967 3309 5022 coercitione
3358 4968 3636 5037 quippiam
3684 4967 3749 5023 in

2145 5056 2500 5112 conventibus
2528 5057 2641 5112 suis
2668 5058 3022 5119 decreverint,
3052 5058 3107 5114 id
3141 5058 3291 5113 iuxta
3325 5073 3537 5113 morem
3561 5057 3748 5114 cocle-

2147 5146 2425 5202 siastieutn
2456 5147 2673 5218 scriptis
2697 5149 3077 5204 committant:
3118 5149 3369 5205 videlicet
3406 5158 3466 5204 ut
3503 5149 3754 5219 posteris

461 5247 573 5300 eius
596 5244 659 5299 de
679 5258 841 5298 manu
862 5252 956 5296 tua
1000 5242 1289 5312 requiram,
1335 5248 1391 5296 et
1428 5241 1595 5295 multa
1623 5240 1707 5295 his
1738 5239 1933 5295 similia
1976 5239 2044 5293 ad
2076 5225 2123 5285 D
2146 5256 2361 5297 omnem
2385 5242 2790 5311 ambiguitatem
2812 5251 2867 5296 et
2888 5243 3229 5299 occasionem
3255 5244 3397 5300 iuste
3417 5244 3756 5301 detrahendi

464 5331 831 5405 magisterium
872 5331 1144 5402 pastorale
1181 5332 1539 5401 pertinentia,
1574 5344 1712 5400 quae
1753 5330 1808 5384 in
1851 5328 2048 5385 divinis

463 5426 691 5494 sparsim
718 5425 1081 5480 continentur.
1130 5423 1463 5495 Quapropter
1498 5425 1699 5480 eisdem
1739 5425 2047 5495 pastoribus

464 5514 668 5570 Christi
707 5529 1048 5585 summopere
1092 5517 1415 5572 studendum
1459 5525 1563 5583 cst,
1609 5526 1669 5572 ut
1693 5533 1821 5588 erga
1867 5524 2046 5571 errata

464 5603 881 5675 delinquentium
899 5606 1323 5663 moderationem
1341 5610 1783 5665 discretissituam
1802 5617 2040 5674 teneant,

468 5708 524 5754 ut
550 5699 655 5753 sint
696 5700 844 5754 iuxta
880 5699 1024 5754 beati
1069 5698 1312 5773 Gregorii
1351 5705 1627 5761 doctrinae
1661 5705 2042 5761 documentum

2152 5331 2235 5386 vel
2262 5330 2687 5400 reprehendendi
2711 5333 2923 5402 penitus
2959 5344 3263 5403 amputem.
3289 5334 3521 5388 Proinde
3546 5343 3758 5391 notum

2149 5434 2268 5476 esse
2294 5423 2658 5478 necessarium
2686 5423 2939 5479 duximus
2964 5424 3214 5480 omnibus
3239 5423 3365 5479 ﬁliis
3394 5432 3621 5480 sanctae
3646 5425 3759 5480 Dei

2149 5516 2447 5580 ecclesiae,
2485 5516 2861 5585 praesentibus
2900 5516 3105 5572 scilicet
3131 5523 3187 5571 et
3233 5513 3449 5579 futuris,
3501 5516 3761 5585 qualiter

2149 5624 2248 5662 nos
2275 5607 2509 5676 episcopi
2536 5608 2637 5662 sub
2651 5605 2836 5679 [super
2857 5606 2945 5679 8.]
2973 5606 3200 5678 imperio
3223 5605 3428 5662 domini
3452 5613 3509 5659 ct
3537 5606 3761 5676 glorio-

2148 5698 2352 5758 εἰς,δὶιηί
2385 5698 2625 5756 Lotharii
2662 5684 3003 5769 imperatoris
3035 5696 3334 5763 constituti,
3380 5712 3526 5752 anno
3566 5697 3767 5752 incar-
