3974 6134
274 336 373 393 Gil

598 332 829 393 CODEX
868 328 1391 393 DlI’LOMATlCUS.
1415 368 1487 381 -ρ
1510 332 1830 397 ιυῡονιει
1857 339 1879 396 Ι
1906 334 1994 395 ΕΤ
2031 336 2357 397 LOTllARll
2395 337 2878 400 CAPITULA'RIA.
2897 344 3079 403 -—~A‘a'.
3123 345 3246 406 853.

3463 352 3581 406 (lii?

272 451 513 507 nationis
532 449 748 506 Dlomlni
776 448 896 505 Iesu
927 447 1131 505 Christi
1155 451 1261 507 855
1287 450 1582 509 indictione
1609 453 1698 522 12,
1726 468 1870 510 anno
1895 458 1942 517 Α
1971 454 2322 511 commissum
2349 458 2781 527 perturbaverat,
2814 461 3125 527 admonere,
3158 476 3213 520 et
3256 474 3447 521 cuncta
3494 468 3573 523 illi

272 543 542 613 siquidem
562 541 804 597 eiusdem
825 540 1089 611 principis
1110 542 1308 612 primo,
1332 543 1390 599 in
1413 559 1601 602 mense
1624 546 1875 603 videlicet

274 634 518 699 Gemini,
545 632 688 704 apud
709 632 1099 702 Compendium
1119 633 1380 703 palatium
1404 636 1729 707 generaliter
1744 650 1877 692 con-

276 727 567 791 venimus,
604 731 661 778 et
694 730 1054 780 memoratum
1087 724 1387 794 principem
1418 725 1698 781 humiliter
1720 726 1875 783 audi-

275 818 477 873 vimus.
524 815 593 870 Et
635 815 740 870 hoc
778 813 994 884 quidem
1036 813 1138 879 illi,
1174 815 1290 871 sive
1320 815 1672 885 optimatibus
1711 815 1875 881 illius,

276 922 380 965 seu
402 906 552 964 omni
580 904 920 977 generalitati
943 903 1128 974 populi
1154 919 1294 975 quae
1318 905 1554 976 undique
1586 905 1716 961 illuc
1748 920 1879 961 cono

279 997 533 1062 luxerat,
565 995 917 1052 manifestare
941 994 1090 1050 iuxta
1115 995 1417 1053 iniunctum
1456 997 1613 1052 nobis
1636 998 1881 1053 ministe-

280 1087 427 1143 rium
452 1086 785 1151 curavimus,
814 1084 993 1155 qualis
1018 1084 1091 1141 sit
1110 1084 1266 1156 vigor
1291 1093 1348 1140 et
1370 1093 1611 1156 potestas
1639 1087 1754 1143 sive
1778 1086 1883 1142 mi-

281 1176 573 1234 nisterium
622 1174 991 1240 sacerdotale,
1039 1183 1094 1229 et
1135 1175 1282 1246 quali
1322 1185 1598 1232 mereatur
1632 1177 1880 1233 damnari

282 1266 580 1333 sententia,
608 1266 702 1336 qui
739 1265 962 1321 monitis
997 1266 1423 1323 sacerdotalibus
1452 1268 1672 1324 obedire
1696 1269 1885 1325 nolue-

283 1360 379 1416 rit.
405 1357 610 1414 Deinde
636 1365 745 1412 tam
775 1363 1076 1413 memorato
1100 1357 1326 1428 principi
1356 1373 1518 1428 quam
1543 1368 1739 1415 cuncto
1765 1360 1884 1417 eius

283 1449 487 1525 populo
514 1448 836 1505 denuntiare
856 1447 1182 1515 studuimus,
1204 1456 1264 1502 ut
1290 1448 1517 1503 Domino
1538 1449 1885 1505 devotissime

285 1542 509 1614 placere
531 1539 832 1605 studerent,
860 1545 916 1593 et
942 1538 998 1593 in
1024 1539 1222 1608 quibus
1251 1552 1375 1593 cum
1409 1537 1741 1594 oll‘endcrant
1770 1539 1885 1609 pla-

288 1648 421 1691 care
444 1648 553 1690 non
581 1630 881 1688 dilferrent.
929 1629 1249 1686 Examinata
1293 1631 1491 1700 quippe
1526 1640 1654 1685 sunt
1692 1631 1879 1696 multa,

288 1737 434 1798 quae
472 1736 570 1794 per
594 1721 976 1794 negligentiam
1016 1722 1071 1776 in
1101 1723 1203 1778 hoc
1240 1722 1881 1794 imperiocontigcrunt,

1976 545 2047 601 ad
2080 545 2400 602 memoriam
2428 547 2682 604 reducere
2707 552 2940 607 curavit.
2968 552 3061 609 llle
3085 570 3216 610 vero
3259 572 3447 613 eorum
3483 572 3573 613 sa-

1975 631 2249 691 lutiferam
2269 636 2717 707 admonitionem,
2736 648 2792 696 et
2811 641 3028 713 dignam
3056 659 3456 718 congruamqnc
3477 663 3576 703 ex.

1976 727 2375 797 aggerationem
2405 728 2635 786 libenter
2652 733 3001 804 amplectens,
3027 736 3274 805 promisit
3299 753 3356 793 se
3380 738 3433 792 in
3460 754 3573 794 om-

1977 817 2139 872 nibus
2181 816 2288 874 illis
2315 820 2691 889 acquieturum
2717 823 2940 879 salutari
2969 826 3216 893 consilio,
3263 835 3319 882 et
3361 829 3575 886 subitu-

1979 922 2101 961 rum
2129 908 2420 965 remediale
2447 909 2725 966 iudicium.
2753 912 2924 969 Porro
2959 914 3028 970 de
3055 924 3200 970 tanta
3230 917 3434 972 salubri
3472 921 3574 975 ad-

1979 1000 2278 1056 monitione
2304 1000 2512 1070 hilaris,
2545 1003 2691 1060 illico
2713 1004 2970 1061 dilectum
2998 1006 3166 1063 ﬁlium
3193 1023 3349 1065 suum
3372 1010 3577 1067 Lotha-

1981 1091 2122 1146 rium
2159 1100 2445 1163 augustum
2483 1094 2586 1149 sibi
2602 1092 2860 1152 festinato
2889 1097 3569 1171 affuturum-supplicavit,

1980 1190 2042 1237 ut
2066 1181 2174 1246 ille,
2217 1184 2389 1252 ruptis
2409 1184 2740 1253 quibuslibet
2764 1188 3012 1256 merulis,
3055 1206 3179 1246 cum
3225 1191 3340 1249 suis
3373 1193 3579 1263 prima-

1982 1270 2128 1326 tibus
2163 1272 2391 1337 veniret,
2424 1274 2679 1344 quatinus
2707 1277 2943 1345 primum
2982 1279 3127 1336 inter
3157 1295 3252 1337 eos
3280 1290 3465 1339 mutua
3492 1299 3580 1343 re-

1981 1360 2290 1418 conciliatio
2330 1364 2625 1419 sccundum
2673 1365 3029 1425 christianam
3064 1371 3368 1427 doctrinam
3399 1350 3575 1439 ﬁeret,

1985 1458 2045 1505 ut
2084 1452 2131 1507 si
2176 1452 2305 1521 quid
2344 1453 2397 1507 in
2431 1455 2687 1512 cordibus
2723 1471 2913 1513 eorum
2959 1460 3114 1515 naevi
3135 1469 3231 1516 aut
3278 1462 3583 1520 discordiae
3686 1492 3700 1508 ι

1987 1539 2182 1607 inerat,
2219 1556 2355 1612 pura
2390 1543 2719 1615 humilisque
2757 1548 3049 1616 postulatio
3091 1552 3281 1607 veniae
3313 1555 3581 1624 expiaret,

1985 1647 2053 1687 ac
2079 1633 2272 1689 deinde
2297 1650 2479 1691 coram
2505 1638 3020 1696 omni'multitudine
3042 1643 3300 1699 iudicium
3329 1649 3584 1702 sacerdo-

1986 1725 2096 1781 tale
2118 1741 2270 1782 more
2292 1728 2617 1797 paenitentis
2644 1730 2963 1800 susciperet,
2990 1733 3136 1802 quod
3172 1741 3228 1788 et
3263 1749 3373 1790 non
3408 1735 3583 1792 multo

287 1829 433 1887 quae
472 1814 539 1869 ad
566 1814 880 1871 scandalum
907 1812 1192 1879 ecclesiae,
1229 1822 1285 1869 et
1322 1815 1534 1870 ruinam
1571 1814 1770 1885 populi,
1802 1815 1887 1870 vel
1918 1819 1963 1879 Β
1989 1823 2113 1885 post
2140 1816 2340 1872 factum
2363 1824 2467 1873 est.
2507 1818 2747 1876 Veniens
2776 1820 2943 1892 igitur
2974 1822 3114 1879 idem
3141 1825 3390 1882 dominus
3410 1826 3583 1884 Lede-

290 1908 447 1979 regni
476 1906 755 1962 interitum
784 1903 1090 1961 manifestis
1116 1904 1331 1960 indiciis
1349 1905 1717 1975 pertinebant:
1751 1918 1891 1976 quae

293 2013 519 2057 necesse
544 2005 665 2053 erat
691 2007 750 2053 ut
776 1997 887 2054 cito
910 1999 1335 2069 corrigerentur,
1381 2006 1436 2053 et
1463 1997 1521 2053 in
1563 1997 1744 2053 futuro
1770 2013 1891 2053 om-

291 2091 459 2147 nibus
503 2089 682 2146 modis
707 2089 1028 2144 vitarentur.
1066 2088 1213 2144 inter
1242 2097 1421 2145 cetera
1457 2089 1620 2144 etiam
1656 2102 1896 2144 comme-

294 2188 569 2240 moratum
606 2186 691 2235 est
715 2194 747 2234 a
781 2179 960 2245 nobis,
1001 2187 1058 2235 et
1086 2180 1339 2236 omnibus
1372 2179 1441 2234 ad
1464 2179 1781 2235 memoriam
1809 2194 1896 2235 re-

294 2272 542 2339 ductum,
572 2271 806 2342 qualiter
828 2271 972 2326 Deus
999 2285 1228 2340 regnum
1262 2270 1408 2327 istud
1432 2285 1530 2341 per
1550 2269 1899 2326 administra-

296 2362 505 2418 tionem
530 2362 706 2417 bonae
730 2361 1027 2417 mcmoriae
1050 2361 1231 2416 Karoli
1252 2361 1701 2431 praestantissimi
1729 2360 1897 2431 impec

298 2453 537 2520 nitoris,
592 2461 649 2509 et
696 2437 796 2523 per
834 2452 1315 2524 praedecessorum
1363 2467 1584 2508 suorum
1620 2451 1896 2518 laborem,

298 2548 590 2620 paciﬁcum
614 2555 671 2602 et
693 2548 907 2602 unitum
934 2554 1096 2616 atque
1122 2545 1378 2603 nobiliter
1402 2545 1688 2601 dilatatum
1714 2542 1897 2610 fuerit,

299 2648 361 2695 et
391 2639 622 2694 Domino
645 2637 724 2694 Lu
745 2637 933 2693 'ewico
959 2637 1272 2708 imperatori
1311 2653 1342 2692 a
1372 2636 1484 2693 Deo
1510 2637 1578 2691 ad
1605 2637 1899 2708 regendum

300 2732 410 2787 sub
436 2746 630 2802 magna
657 2743 789 2801 pace
813 2717 1184 2794 commissum,
1224 2729 1559 2799 Dominoque
1586 2736 1903 2799 protegente

301 2824 409 2879 sub
437 2822 628 2877 eadem
654 2836 806 2891 pace,
838 2822 1094 2891 quamdiu
1118 2821 1259 2877 idem
1286 2820 1537 2891 princeps
1564 2821 1675 2876 Deo
1696 2818 1904 2876 studuit

301 2919 362 2968 et
383 2912 628 2983 paternis
651 2912 915 2981 exemplis
938 2912 1037 2977 uti,
1077 2925 1142 2967 ac
1165 2912 1431 2967 bonorum
1467 2911 1747 2966 hominum
1772 2925 1905 2966 con-

306 3004 450 3060 siliis
479 3004 824 3074 acquiescere
845 3004 1074 3069 curavit,
1106 3012 1484 3059 conservatum
1520 3002 1814 3059 manserit:
1849 3009 1906 3057 et

309 3095 585 3165 quomodo
610 3095 664 3150 in
686 3110 943 3165 processu
970 3095 1250 3165 temporis,
1278 3095 1420 3150 sicut
1451 3094 1702 3150 omnibus
1729 3093 1905 3149 mani-

1991 1906 2160 1962 wicus
2184 1906 2237 1961 in
2263 1908 2541 1964 basilicam
2566 1918 2787 1966 sanctae
2810 1911 2906 1967 Dei
2927 1914 3217 1983 genetricis
3242 1915 3462 1983 Mariae,
3487 1918 3582 1973 ubi

1990 2005 2302 2053 sanctorum
2348 2012 2576 2068 corpora
2643 2000 2981 2071 requiescunt
3042 2002 3282 2061 Medardi
3327 2007 3582 2064 videlicet

1991 2088 2321 2147 confessoris
2334 2090 2538 2147 Christi
2552 2100 2716 2163 atque
2735 2093 3029 2163 pontiﬁcis,
3047 2110 3257 2154 necnon
3274 2097 3583 2157 Sebastiani

1991 2182 2446 2251 praestantissimi
2491 2184 2749 2256 martyris
2773 2225 2790 2251 ,
2838 2185 3182 2243 adstantibus
3225 2191 3583 2262 presbyteris,

1994 2273 2342 2340 diaconibus,
2389 2284 2446 2331 et
2486 2290 2594 2331 non
2638 2290 2805 2346 parva
2850 2277 3196 2341 multitudine
3224 2279 3585 2347 clericorurn,

1994 2372 2279 2434 praesente
2304 2364 2467 2419 etiam
2488 2364 2735 2435 praefato
2768 2365 2990 2423 domino
3022 2367 3280 2427 Lothario
3311 2369 3421 2426 lilio
3446 2371 3584 2438 eius,

1970 2498 1975 2505 .
1993 2451 2220 2523 eiusque
2240 2454 2578 2524 proceribus,
2614 2464 2779 2525 atque
2802 2457 2970 2514 totius
2987 2452 3201 2528 'populi.
3211 2462 3591 2531 generalitate,

1997 2553 2263 2615 quotquot
2287 2544 2540 2601 videlicet
2562 2546 2704 2603 intra
2725 2547 2810 2603 sui
2833 2557 3045 2619 septum
3080 2551 3272 2607 eadem
3308 2553 3593 2610 continere

1997 2636 2176 2706 potuit
2195 2636 2441 2700 ecclesia,
2471 2644 2526 2692 et
2547 2647 2853 2708 prostratus
2869 2639 2926 2695 in
2949 2648 3149 2696 terram
3170 2643 3593 2713 supercilicium

1999 2735 2128 2783 ante
2148 2737 2554 2784 sacrosanctum
2579 2729 2770 2796 altare,
2793 2730 3076 2788 confessus
3097 2740 3187 2790 est
3205 2750 3397 2791 coram
3407 2736 3591 2792 omni.

2001 2817 2105 2873 bus
2127 2818 2486 2873 ministerium
2512 2818 2625 2874 sibi
2654 2821 3005 2876 commissum
3046 2824 3183 2879 satis
3221 2825 3453 2896 indigne
3478 2836 3594 2881 tra—

2002 2914 2198 2971 ctasse,
2223 2906 2354 2962 etin
2382 2922 2448 2961 eo
2468 2906 2655 2963 multis
2676 2908 2851 2964 modis
2874 2910 3041 2966 Deum
3064 2912 3380 2982 offendisse,
3419 2925 3476 2971 ct
3498 2932 3592 2972 eo»

2003 2996 2223 3053 clesiam
2245 2994 2448 3053 Christi
2476 2998 2891 3067 scandalizasse,
2913 3001 3277 3072 populumque
3306 3019 3405 3075 per
3439 3021 3595 3063 suam

2006 3087 2389 3159 negligentiam
2410 3087 2705 3146 multifarie
2727 3091 2781 3145 in
2802 3093 3263 3161 perturbationem
3292 3096 3593 3153 induxisse.

307 3186 516 3243 festum
544 3193 691 3251 erat,
728 3202 826 3257 per
848 3185 967 3242 eius
1010 3186 1482 3256 improvidcntiam
1515 3186 1599 3242 vel
1633 3186 1907 3259 negligcn-
1932 3183 1977 3247 ϐ
2009 3178 2077 3233 Et
2101 3178 2223 3235 ideo
2249 3179 2320 3235 οι)
2348 3188 2624 3236 ιθιιιοΐυηι
2661 3191 2908 3237 mtuum
2935 3185 3298 3255 expiationem
3325 3189 3596 3258 publicam

312 3279 474 3346 tiam,
499 3278 554 3333 in
581 3286 789 3333 tantam
815 3277 1025 3339 venerit
1048 3277 1397 3349 ignominiam
1433 3285 1488 3333 et
1512 3277 1775 3333 vilitatem
1794 3317 1811 3344 ,
1846 3284 1908 3332 ut

313 3386 423 3426 non
448 3369 625 3425 solum
651 3368 842 3425 amicis
868 3369 923 3424 in
956 3369 1313 3433 moesti:iam,
1355 3367 1449 3423 sed
1483 3367 1646 3424 etiam
1674 3366 1910 3423 inimicis

310 3463 527 3519 venerit
552 3462 610 3518 in
633 3461 981 3517 derisionem.
1022 3460 1129 3517 Sed
1154 3461 1280 3531 quia
1310 3461 1449 3517 idem
1474 3461 1726 3532 princeps
1751 3458 1912 3515 mini-

310 3551 545 3609 sterium
586 3552 689 3607 sibi
717 3551 1070 3607 commissum
1099 3552 1431 3623 negligenter
1466 3551 1809 3616 tractaverit,
1855 3558 1913 3605 et

315 3641 511 3705 multa,
535 3654 676 3711 quae
705 3642 815 3696 Deo
837 3649 891 3695 et
916 3641 1224 3697 hominibus
1245 3640 1622 3711 displicebant,
1646 3648 1701 3696 et
1723 3640 1913 3696 fecerit

312 3740 375 3788 et
406 3730 589 3788 facere
617 3732 960 3802 compulerit,
988 3730 1072 3786 vel
1099 3731 1215 3787 ﬁeri
1243 3732 1572 3801 permiserit,
1610 3737 1665 3787 et
1693 3730 1749 3785 in
1777 3728 1914 3785 mul-

316 3821 394 3877 tis
425 3820 675 3877 nefandis
712 3821 956 3878 consiliis
1003 3820 1172 3876 Deum
1217 3822 1514 3877 irritaverit
1558 3829 1615 3878 et
1666 3826 1914 3876 sanctam

314 3910 608 3966 ecclesiam
646 3910 1129 3967 scaudalizaverit:
1168 3919 1224 3966 et
1261 3918 1323 3967 ut
1363 3914 1541 3968 cetera
1583 3928 1722 3983 quae
1755 3912 1915 3970 innu-

318 4015 474 4055 mera
504 4010 631 4057 sunt
668 4001 1012 4066 omittamus,
1061 4003 1353 4058 novissime
1397 4018 1613 4059 omnem
1658 4005 1915 4076 populum

319 4092 427 4148 sibi
466 4093 769 4148 subiectum
812 4093 880 4148 ad
906 4094 1212 4163 generalem
1240 4093 1519 4150 interitum
1550 4096 1912 4162 contraxerit,

318 4194 381 4241 et
406 4185 475 4240 ab
498 4201 563 4241 co
592 4184 775 4240 divino
801 4185 1052 4254 iustoque
1086 4185 1285 4242 iudicio
1321 4185 1501 4242 subito
1528 4186 1820 4256 imperialis
1844 4188 1917 4243 sit

318 4277 605 4333 subtracta
642 4284 909 4346 potestas.
950 4276 1060 4331 Nos
1097 4284 1279 4331 tamen
1316 4290 1583 4332 memores
1604 4287 1919 4348 praecepto-

2009 3277 2065 3325 et
2085 3268 2507 3326 ecclesiasticam
2528 3285 2588 3327 se
2606 3281 2866 3343 expetere
2880 3274 3017 3331 velle
3034 3275 3171 3332 dixit
3189 3279 3597 3348 poenitentiam,
3622 3330 3627 3333 λ

2010 3375 2119 3431 quo
2167 3361 2462 3419 miserante
2509 3363 2738 3421 Domino
2776 3379 2874 3436 per
2914 3380 3106 3422 eorum
3148 3368 3508 3424 ministerium
3544 3378 3599 3425 et
3646 3424 3657 3437 ,

2010 3456 2338 3513 adiutorium
2363 3458 2643 3529 percipere
2663 3468 2966 3517 mereretur
2997 3461 3388 3519 absolutionem
3425 3471 3600 3519 tanto—

2011 3564 2131 3604 rum
2154 3550 2465 3616 criminum,
2491 3552 2691 3622 quibus
2711 3553 2855 3610 Deus
2876 3554 3074 3625 ligandi
3097 3569 3171 3611 ac
3186 3554 3427 3611 solvendi
3451 3555 3600 3610 intu-

2010 3640 2149 3697 lerat
2167 3651 2510 3712 potestatcm.
2527 3642 2697 3711 Quem
2723 3644 2887 3700 etiam
2910 3645 3072 3701 iidem
3093 3645 3395 3715 pontiﬁces,
3418 3652 3604 3715 utpote

2012 3731 2208 3787 medici
2231 3732 2524 3802 spiritales,
2553 3732 2843 3788 salubriter
2863 3732 3605 3798 admonueruntrassercntcs

2011 3821 2061 3878 ei
2084 3823 2229 3891 quod
2254 3838 2445 3893 puram
2469 3830 2525 3879 et
2545 3822 2851 3893 simplicem
2865 3822 3259 3880 confessionem
3287 3835 3604 3891 sequeretur

2013 3925 2141 3966 vera
2162 3913 2411 3968 remissio
2432 3919 2800 3983 peccatorum,
2838 3921 2898 3967 ut
2922 3922 3111 3982 aperte
3137 3912 3488 3968 conﬁteretur
3510 3926 3602 3967 er-

2014 4008 2132 4056 rata
2155 4016 2253 4056 sua
2280 4001 2337 4056 in
2361 4001 2558 4070 quibus
2582 4000 2818 4056 maxime
2845 4016 2906 4056 se
2932 4002 3105 4056 Deum
3126 3998 3414 4057 oll'endisse
3440 4000 3607 4069 proli-

2014 4090 2252 4155 tebatur,
2277 4104 2346 4144 ne
2372 4088 2513 4145 forte
2543 4089 2774 4145 interius
2805 4088 3007 4159 aliquid
3031 4095 3255 4159 tegeret,
3276 4097 3371 4143 aut
3393 4086 3449 4142 in
3461 4103 3604 4144 .eon-

2014 4188 2205 4250 spectu
2231 4179 2326 4235 Dei
2354 4178 2630 4249 quippiam
2654 4178 2838 4236 dolose
2860 4186 3066 4248 ageret,
3096 4178 3240 4235 sicut
3259 4179 3367 4234 iam
3395 4178 3603 4249 pridem

2017 4272 2074 4327 in
2090 4272 2420 4343 Compendio
2440 4271 2640 4343 palatio
2652 4274 2721 4328 ab
2737 4271 2844 4327 alio
2865 4286 3021 4328 sacro
3039 4278 3308 4327 conventu
3326 4278 3608 4340 correptus

323 4383 450 4422 rum
489 4366 602 4433 Dei,
643 4345 1035 4439 ministeriique
1079 4369 1281 4435 nosu'i,
1329 4377 1492 4440 atque
1531 4345 1916 4427 beneﬁciorum
1962 4345 1975 4361 ’
2017 4379 2203 4421 coram
2247 4363 2397 4418 omni
2441 4362 2674 4420 ecclesia
2719 4377 2845 4418 cum
2885 4361 3080 4419 fecisse
3119 4361 3374 4417 omnibus
3417 4367 3609 4417 notum

317 4458 464 4522 eius,
493 4457 714 4528 dignum
741 4450 1013 4524 duximus,
1064 4466 1124 4513 ut
1164 4473 1262 4528 per
1309 4459 1585 4515 licentiam
1631 4461 1915 4517 memorati
2019 4468 2159 4523 erat,
2186 4471 2257 4512 ne
2282 4456 2422 4513 sicut
2450 4462 2597 4521 tunc,
2626 4454 2703 4511 ita
2726 4461 2781 4511 et
2805 4469 2952 4511 nunc
2992 4467 3091 4524 per
3127 4451 3526 4509 simulationem
3552 4461 3611 4506 ct

316 4549 588 4621 principis
609 4550 853 4605 Lotharii
888 4549 1210 4621 legationem
1235 4551 1303 4607 ad
1330 4551 1477 4607 illum
1503 4568 1570 4607 cx
1595 4553 1903 4608 auctoritatc

2019 4545 2374 4602 calliditatem
2401 4544 2606 4616 duplici
2642 4545 2713 4601 ad
2757 4544 2930 4599 Deum
2970 4542 3137 4598 corde
3159 4540 3499 4605 acccdcndo,
3541 4542 3613 4595 ad

318 4643 472 4697 sacri
497 4650 794 4698 conventus
828 4642 1185 4708 mitteremus,
1217 4658 1355 4713 quae
1382 4658 1506 4699 eum
1552 4644 1618 4700 de
1654 4644 1768 4700 suis
1794 4660 1903 4701 rea-

2019 4636 2158 4692 iram
2199 4637 2383 4707 potius
2428 4651 2589 4707 quam
2631 4635 2700 4691 ad
2744 4633 2955 4690 veniam
3000 4648 3223 4690 suorum
3264 4640 3611 4704 peccatorum

318 4735 478 4791 tibus
503 4735 807 4801 admoneat,
831 4742 1099 4805 quatenus
1127 4744 1331 4791 certum
1368 4736 1651 4791 consilium
1678 4752 1809 4794 suae
1833 4753 1919 4794 sa-
2020 4736 2374 4799 Ρτονοαιτθιε
2412 4727 2668 4799 quoniam
2695 4726 2965 4795 scriptura
2997 4733 3248 4792 ιοειθηιθν
3278 4724 3613 4781 Simulum?“

318 4823 461 4879 lutis
488 4831 724 4894 caperet,
750 4831 811 4878 ut
830 4824 956 4894 quia
980 4833 1250 4894 potestate
1274 4827 1520 4895 privatus
1541 4835 1660 4880 erat
1682 4833 1916 4893 terrena,

321 4914 485 4969 iuxta
510 4911 750 4969 divinum
776 4913 1062 4969 consilium
1082 4922 1137 4969 et
1168 4914 1592 4971 ecclesiasticam
1625 4916 1920 4972 auctorita-

324 5012 465 5067 tem,
495 5016 563 5058 ne
585 5018 739 5058 suam
766 5002 1081 5076 [secundam
1113 5002 1200 5076 S.]
1230 5005 1465 5059 animam
1502 5006 1778 5075 perderet,
1812 5006 1923 5063 ela-

324 5094 528 5148 borare
578 5092 632 5148 in
681 5093 943 5150 extremis
984 5094 1195 5165 positus
1242 5095 1371 5151 totis
1407 5095 1621 5152 viribus
1658 5098 1919 5153 studeret.

324 5181 573 5248 Quorum
613 5181 915 5255 legatorum
950 5184 1193 5242 consiliis
1222 5193 1279 5241 et
1322 5185 1695 5243 saluberrimis
1738 5188 1924 5243 admo-

326 5272 630 5331 nitionibus
661 5275 891 5332 libenter
913 5289 1195 5332 assensum
1223 5276 1506 5346 praebuit,
1550 5278 1785 5347 spatium
1828 5293 1926 5349 po-

327 5365 527 5437 poscit,
558 5366 808 5439 diemquc
842 5367 1144 5434 constituit,
1177 5383 1287 5439 qua
1309 5369 1375 5424 de
1404 5368 1718 5425 salubribus
1735 5385 1924 5427 eorum

328 5456 558 5512 monitis
583 5465 791 5512 certum
822 5458 902 5514 eis
930 5473 1245 5528 responsum
1285 5458 1559 5516 redderet.
1586 5458 1719 5515 Cum
1746 5469 1926 5517 autem

329 5547 735 5617 suprascriptus
780 5548 1010 5604 instaret
1048 5548 1200 5617 dies,
1243 5565 1399 5606 sacer
1444 5550 1585 5606 idem
1628 5560 1927 5610 conventus

331 5640 663 5696 unanimiter
696 5642 764 5697 ad
805 5643 1038 5698 eundem
1072 5643 1431 5698 venerabilem
1463 5645 1639 5700 virum
1668 5646 1924 5716 perrexit,

334 5742 567 5802 eumque
589 5731 874 5803 diligenter
898 5735 964 5790 de
988 5734 1183 5804 quibus
1211 5734 1380 5790 Deum
1405 5734 1706 5792 oll‘cndcrat
1728 5745 1784 5793 ct
1807 5753 1928 5793 sau-

336 5824 482 5876 etam
524 5820 810 5879 ecclesiam
858 5824 1315 5882 scaudalizavcrat
1339 5866 1353 5895 ,
1412 5841 1476 5883 ac
1522 5827 1781 5898 populum
1822 5829 1928 5887 sibi

2019 4829 2069 4874 ct
2093 4819 2275 4874 callidi
2297 4827 2577 4891 provocant
2597 4817 2735 4871 iram
2768 4815 2888 4871 Dei.
2928 4816 3129 4872 Verum
3154 4822 3278 4886 post
3302 4812 3613 4869 huiusmodi

2023 4914 2445 4970 admonitionem
2479 4912 2759 4983 professus
2782 4919 2891 4978 est,
2917 4926 2976 4966 se
3003 4910 3057 4965 in
3080 4910 3332 4965 omnibus
3356 4907 3423 4962 iis
3451 4919 3611 4976 prae-

2024 5006 2184 5076 cipue
2207 5004 2516 5074 deliquisse,
2547 5002 2690 5058 unde
2710 5017 2742 5056 a
2765 5000 3079 5057 memoratis
3100 4996 3471 5053 sacerdotibus
3493 4992 3612 5050 fue-

2026 5104 2114 5150 rat
2141 5094 2500 5160 familiariter,
2525 5092 2639 5148 sive
2670 5091 2849 5147 verbis
2870 5090 2983 5145 sive
3014 5087 3249 5158 scriptis,
3281 5086 3611 5150 admonitus,

2023 5195 2081 5242 ct
2105 5186 2266 5258 digna
2292 5184 2658 5255 increpatione
2692 5190 3001 5251 correptus;
3042 5195 3204 5251 super
3227 5179 3436 5249 quibus,
3452 5179 3613 5235 char-

2027 5276 2195 5333 tulam
2223 5291 2492 5332 summam
2519 5282 2768 5329 reatuum
2791 5287 3035 5337 suorum,
3064 5269 3381 5326 undeillum
3406 5268 3618 5340 specia-

2026 5369 2154 5424 liter
2198 5369 2609 5438 redargucrent,
2650 5364 3016 5420 continentem
3043 5364 3095 5418 ei
3125 5362 3410 5428 dederunt,
3453 5377 3619 5432 quam

2029 5459 2121 5516 ille
2145 5459 2201 5514 in
2228 5457 2479 5512 manibus
2500 5454 2767 5526 gestabat.

2100 5551 2153 5604 1.
2180 5547 2441 5605 Videlicet
2467 5546 2608 5603 sicut
2632 5544 2687 5599 in
2716 5543 2901 5599 eadem
2929 5541 3173 5600 chartula
3207 5543 3417 5616 plenius
3439 5540 3619 5600 conlit-

2029 5650 2211 5707 netur,
2235 5648 2443 5694 reatum
2473 5635 2739 5706 sacrilegii
2779 5636 3107 5693 iucurrcndo
3127 5646 3183 5693 et
3211 5636 3525 5703 homicidii,
3553 5649 3620 5691 eo

2029 5733 2171 5803 quod
2191 5741 2471 5802 paternam
2496 5727 2918 5784 admonitionem
2944 5737 2999 5784 et
3023 5727 3323 5786 terribilem
3348 5735 3615 5786 contesta-

2030 5830 2237 5915 tioucml
2261 5827 2362 5886 sub
2386 5823 2565 5883 divina
2587 5822 2926 5883 invocatione
2953 5832 3076 5881 ante
3099 5831 3345 5881 sanctum
3369 5821 3535 5878 altare
3561 5831 3623 5872 ω
