3974 6134
423 323 526 382 αὖ

1339 327 1402 382 Β.
1444 325 1695 386 CAROLI
1732 326 1947 385 MAGNI
1983 326 2133 383 OPP.
2174 327 2356 384 PARS
2387 329 2427 384 1.
2471 329 2666 387 SECT.
2707 331 2749 387 f.

3615 333 3722 391 τιῢᾶ

420 443 724 509 praesentia
752 442 1092 498 sacerdotum
1120 450 1176 497 et
1202 442 1436 497 maxima
1457 445 1639 515 populi
1662 444 2005 500 multitudine
2030 446 2086 505 Δ
2180 442 2234 498 6.
2267 443 2343 497 De
2371 444 2600 501 diversis
2648 444 3110 515 expeditionibus,
3156 461 3294 516 quas
3334 446 3389 502 in
3416 462 3585 519 regno
3613 450 3718 507 sibi

420 532 523 587 sibi
551 532 749 589 factam
773 535 1069 588 secundum
1107 547 1259 587 suam
1294 534 1713 603 promissionem
1738 551 1847 591 non
1876 552 2010 592 con-

419 626 747 687 servaverit;
788 640 854 680 eo
875 624 1018 695 quod
1048 623 1314 693 fratribus
1355 635 1411 682 et
1447 629 1765 699 propinquis
1799 630 2011 686 violen-

420 720 549 772 tiam
574 716 833 781 intulerit,
863 724 918 770 et
943 722 1193 786 nepotem
1219 732 1402 785 suum,
1443 732 1602 788 quem
1630 721 1744 790 ipse
1780 720 2013 777 liberare

417 815 686 879 potuerat,
715 806 1022 863 interﬁcere
1061 809 1401 878 permiserit;
1444 819 1498 866 et
1544 811 1687 881 quod
1725 813 2013 871 immemor

414 901 528 955 voti
553 902 661 966 sui,
684 902 902 973 signum
931 913 1152 961 sanctae
1176 906 1452 977 religionis
1472 917 1693 977 propter
1713 909 2009 966 vindictam

414 1009 546 1050 suae
566 994 953 1065 indignationis
980 995 1097 1052 ﬁeri
1121 1006 1307 1068 postea
1337 999 1577 1054 iusserit.

482 1086 540 1142 2.
568 1086 725 1155 Quod
765 1096 957 1145 auctor
984 1092 1222 1147 scandali
1264 1101 1321 1148 et
1363 1097 1707 1163 perturbator
1750 1100 1900 1168 pacis
1943 1116 2008 1155 ac

414 1178 643 1235 violator
660 1188 1125 1236 sacramentorum
1146 1183 1443 1249 existendo,
1467 1195 1708 1254 pactum,
1723 1189 1867 1257 quod
1889 1204 2012 1259 pro-

414 1284 533 1346 pter
577 1290 768 1345 pawm
819 1283 875 1332 et
920 1278 1336 1334 unanimitatem
1384 1279 1596 1351 imperii
1640 1284 2009 1354 ecclesiaeque

414 1365 843 1434 tranquilitatem
877 1368 1154 1429 communi
1175 1369 1405 1425 consilio
1423 1378 1478 1425 et
1498 1387 1767 1428 consensu
1791 1382 2010 1430 cuncto-

412 1471 534 1512 rum
566 1456 807 1513 tidelium
831 1473 1052 1515 suorum
1080 1458 1256 1515 fuerat
1290 1462 1434 1517 inter
1459 1463 1599 1519 ﬁlios
1627 1480 1756 1520 suos
1782 1466 2001 1532 factum,

413 1555 467 1602 et
488 1560 588 1615 per
612 1556 1012 1604 sacramentum
1049 1551 1449 1620 conﬁrmatum,
1479 1570 1641 1625 super
1679 1557 1867 1614 illicita
1905 1576 2005 1629 po-

413 1646 613 1694 testate
642 1641 981 1709 corruperit;
1015 1650 1070 1696 et
1097 1643 1151 1696 in
1177 1658 1244 1699 eo
1270 1648 1413 1714 quod
1436 1647 1622 1703 ﬁdeles
1644 1664 1771 1706 suos
1789 1651 1844 1705 in
1872 1667 2004 1707 con-

413 1732 751 1787 trarietatem
786 1733 1027 1789 eiusdem
1055 1735 1212 1804 primi
1242 1738 1390 1805 pacti
1433 1746 1489 1793 et
1529 1741 1817 1797 iuramenti
1858 1743 2001 1799 aliud

412 1830 810 1878 sacramentum
840 1823 1022 1879 iurare
1044 1827 1386 1895 compulerit,
1428 1828 1484 1883 in
1522 1830 1745 1899 periurii
1792 1842 1998 1888 reatum

395 1920 812 1982 praestaturum
857 1914 1151 1971 violatione
1194 1926 1658 1975 sacramentorum
1709 1922 1995 1978 inciderit:

409 2012 464 2060 et
489 2011 755 2073 quantum
776 2004 880 2060 hoc
906 2005 1018 2061 Deo
1047 2007 1398 2077 displicuerit,
1428 2010 1633 2081 liquido
1660 2012 1848 2079 claret,
1872 2015 2000 2084 quia

406 2102 594 2166 postea
631 2111 733 2153 nec
776 2097 892 2166 ipse
933 2113 1035 2154 nec
1074 2100 1305 2170 populus
1343 2103 1448 2159 sibi
1492 2105 1768 2162 subiectus
1809 2122 1997 2177 pacem

408 2187 612 2242 habere
635 2187 857 2253 meruit,
886 2188 985 2245 sed
1022 2204 1214 2246 omnes
1248 2191 1303 2246 in
1341 2194 1824 2263 perturbationem,
1874 2213 2001 2268 poe-

406 2291 533 2332 nam
566 2278 775 2344 peccati
799 2278 1135 2346 sustinendo,
1168 2281 1314 2339 iusto
1350 2283 1445 2339 Dei
1480 2285 1680 2343 iudicio
1704 2296 1890 2357 postea
1912 2290 1999 2344 in-

409 2366 557 2423 ducti
588 2376 737 2422 sunt.

414 2504 421 2509 ,
474 2459 531 2514 5.
560 2456 696 2526 Quia
739 2470 930 2517 contra
967 2463 1321 2519 christianam
1366 2465 1677 2538 religionem
1708 2479 1764 2527 et
1802 2481 2025 2529 contra

404 2558 594 2606 votum
620 2566 777 2607 suum
805 2554 924 2609 siue
955 2555 1066 2608 ulla
1094 2556 1327 2613 utilitate
1349 2559 1566 2627 publica
1594 2570 1688 2616 aut
1719 2571 1867 2620 certa
1902 2581 1996 2622 nec

403 2642 675 2708 cessitate,
706 2658 993 2714 pravorum
1022 2648 1250 2705 consilio
1278 2650 1527 2717 delusus,
1567 2654 1624 2708 in
1648 2654 1836 2712 diebus
1865 2673 1997 2727 qua-

403 2731 745 2804 dragesimae
764 2738 1162 2807 expeditionem
1183 2743 1487 2811 generalem
1514 2746 1629 2801 ﬁeri
1658 2747 1835 2814 iussit,
1863 2758 1918 2804 et
1940 2752 1995 2805 in

401 2825 665 2881 extremis
686 2826 897 2896 imperii
923 2828 1005 2883 sui
1029 2828 1227 2887 ﬁnibus
1250 2833 1305 2887 in
1328 2849 1493 2890 coena
1522 2835 1755 2903 Domini,
1779 2841 1996 2908 quando

402 2916 681 2985 paschalia
730 2929 1070 2976 sacramenta
1118 2923 1187 2978 ab
1234 2925 1487 2982 omnibus
1527 2928 1842 2985 christianis
1891 2932 1996 2988 rite

399 3015 531 3062 sunt
574 3007 928 3075 celebranda,
977 3012 1237 3081 placitum
1283 3019 1536 3085 generale
1582 3034 1642 3074 se
1682 3020 1992 3078 habiturum

398 3101 717 3168 constituit;
741 3102 797 3156 in
825 3117 932 3173 qua
958 3106 1319 3175 expeditione,
1356 3117 1617 3179 quantum
1644 3112 1698 3167 in
1725 3113 1842 3184 ipso
1864 3113 1983 3184 fuit,

395 3198 454 3246 et
476 3192 735 3261 populum
772 3195 828 3249 in
871 3212 1120 3267 magnam
1166 3204 1646 3259 murmurationem
1686 3209 1983 3277 protraxit,

397 3291 454 3338 et
481 3286 795 3342 sacerdotes
823 3287 1037 3345 Domini
1062 3305 1093 3344 a
1120 3291 1233 3346 suis
1265 3292 1455 3350 ciliciis
1485 3304 1673 3352 contra
1712 3297 1793 3355 fas
1832 3315 1985 3356 amo-

396 3374 495 3439 vit,
525 3384 581 3431 et
616 3379 945 3449 pauperibus
987 3382 1361 3450 gravissimam
1398 3389 1801 3456 oppressionem
1846 3391 1984 3447 irro-

398 3467 570 3535 gavit.

468 3557 523 3610 4.
554 3555 710 3625 Quod
733 3562 1007 3619 nonnullis
1026 3578 1092 3620 ex
1127 3566 1242 3621 suis
1280 3567 1526 3625 ﬁdelibus
1548 3611 1564 3635 ,
1607 3571 1699 3641 qui
1735 3588 1834 3642 pro
1866 3573 1983 3631 eius

393 3660 727 3718 suorumque
745 3649 981 3707 ﬁliorum
1014 3653 1270 3712 ﬁdelitate
1292 3666 1347 3712 et
1372 3659 1689 3727 salvatione,
1723 3666 1983 3734 regnique

388 3737 638 3793 nutantis
667 3742 1097 3810 recuperatione,
1139 3747 1417 3803 humiliter
1460 3765 1582 3805 eum
1616 3752 1880 3820 adierant,
1927 3762 1983 3810 et

392 3826 463 3881 de
488 3827 702 3886 insidiis
727 3831 1071 3890 inimicorum
1108 3837 1210 3894 sibi
1252 3843 1589 3910 praeparatis
1625 3852 1834 3899 certum
1860 3846 1981 3901 red-

390 3916 659 3986 diderant,
682 3921 996 3978 violentiam
1022 3924 1291 3993 intulerit;
1317 3936 1373 3983 et
1391 3933 1534 4000 quod
1555 3940 1743 3988 contra
1765 3950 1977 3990 omnem

390 4007 579 4079 legem,
610 4011 848 4068 divinam
872 4015 1123 4073 videlicet
1164 4027 1220 4074 et
1263 4020 1573 4088 humanam,
1603 4039 1698 4081 eos
1723 4033 1779 4080 et
1818 4028 1980 4082 rebus

386 4100 624 4169 propriis
648 4102 962 4171 privaverit,
1000 4114 1057 4162 et
1077 4107 1134 4162 in
1169 4110 1334 4167 exilio
1377 4114 1521 4169 trudi
1560 4114 1722 4188 [tradi
1751 4115 1838 4189 8.]
1869 4117 1980 4173 ius-

387 4190 539 4255 serit,
568 4202 729 4263 atque
764 4196 1020 4253 absentes
1054 4202 1215 4255 morti
1242 4201 1538 4259 adiudicari
1564 4203 1770 4271 fecerit,
1811 4214 1866 4262 et
1890 4208 1975 4262 iu-

386 4280 633 4338 dicantes
660 4287 1021 4355 proculdubio
1055 4291 1124 4346 ad
1152 4291 1349 4348 falsum
1377 4293 1635 4351 iudicium
1662 4297 1973 4352 induxerit:

385 4381 443 4428 et
464 4377 836 4435 sacerdotibus
862 4380 1076 4437 Domini
1105 4399 1171 4441 ac
1192 4387 1473 4443 monachis
1509 4397 1698 4444 contra
1738 4389 1973 4446 divinam

384 4470 443 4571 et
462 4468 777 4525 canonicam
806 4473 1186 4530 auctoritatem
1220 4476 1610 4546 praeiudicium
1631 4479 1889 4552 irrogavit
1917 4489 1971 4536 et
2002 4511 2053 4571 Β

385 4554 640 4613 absentes
675 4561 977 4627 damnavit,
1025 4572 1082 4621 et
1108 4564 1163 4620 in
1197 4566 1300 4623 hoc
1341 4575 1550 4623 reatum
1589 4570 1864 4627 homicidii
1892 4574 1974 4628 in-

383 4647 669 4714 currendo,
694 4650 997 4709 divinarum
1035 4669 1132 4711 seu
1158 4657 1513 4714 humanarum
1539 4659 1718 4732 legum
1745 4662 1974 4719 violator

380 4740 671 4797 extitisset.
848 4750 868 4781 ο

449 4830 505 4886 5.
535 4831 612 4888 De
632 4832 860 4889 diversis
885 4839 1242 4895 sacramentis
1265 4839 1478 4910 sibique
1501 4844 1790 4899 contrariis
1807 4853 1970 4915 atque
2068 4880 2071 4883 -

375 4923 698 4992 perniciosis
720 4940 751 4979 a
776 4925 902 4982 ﬁliis
932 4928 1046 4983 sive
1080 4944 1111 4982 a
1152 4931 1380 5000 populo,
1419 4947 1487 4988 eo
1522 4935 1886 5004 praecipiente
1913 4944 1970 4992 et

375 5014 752 5086 compellente,
784 5017 1229 5076 irrationabiliter
1256 5036 1418 5093 saepe
1443 5024 1618 5091 factis,
1652 5041 1751 5096 pro
1771 5028 1973 5097 quibus

371 5124 484 5164 non
509 5110 776 5167 modicam
813 5112 866 5167 in
891 5114 1090 5184 populo
1130 5117 1234 5172 sibi
1272 5120 1564 5175 commisso
1600 5122 1807 5190 peccati
1852 5138 1967 5178 ma-

377 5200 553 5256 culam
581 5201 807 5267 induxit,
840 5215 1049 5260 reatum
1074 5208 1296 5278 periurii
1326 5210 1678 5266 nihilominus
1707 5213 1967 5269 incurris~

360 5298 470 5359 ‘se;
510 5293 764 5363 quoniam
802 5294 935 5352 haec
978 5299 1166 5367 procul
1193 5300 1357 5356 dubio
1401 5301 1456 5355 in
1502 5310 1779 5359 auctorem
1805 5344 1821 5369 ,
1869 5319 1967 5374 per

374 5398 532 5452 quem
571 5384 688 5439 ﬁeri
720 5387 994 5456 compulsa
1039 5396 1195 5455 sunt,
1243 5391 1361 5447 iure
1405 5401 1807 5464 retorquentur.
1856 5394 1964 5451 Sed

374 5473 429 5527 in
458 5473 742 5530 mulierum
768 5479 1106 5548 purgatione,
1134 5480 1188 5535 in
1214 5482 1433 5537 iniustis
1463 5481 1698 5549 iudiciis,
1726 5484 1784 5538 in
1812 5484 1965 5541 falsis

375 5562 698 5619 testimoniis
738 5575 899 5635 atque
941 5568 1230 5637 periuriis,
1279 5586 1433 5642 quae,
1486 5588 1552 5627 eo
1591 5575 1957 5644 permittente,

373 5668 555 5705 rorant
583 5668 640 5707 se
662 5667 969 5725 perpetrata
998 5671 1142 5723 sunt,
1173 5673 1434 5733 quantum
1471 5664 1639 5721 Deum
1677 5665 1961 5724 otl‘cudcrit

377 5745 489 5808 ipse
517 5742 684 5798 novit.

2117 531 2408 588 commisso
2430 547 2540 588 non
2565 531 2738 588 solum
2766 532 3052 599 inutiliter,
3100 534 3195 591 sed
3221 536 3387 589 etiam
3413 538 3577 593 noxie
3600 539 3722 594 sine
3764 579 3771 587 .

2115 623 2343 681 consilio
2365 632 2419 679 et
2445 624 2677 679 utilitate
2701 620 2848 689 fecit,
2878 624 2934 680 in
2956 625 3153 695 quibus
3178 625 3435 682 nimirum
3461 627 3633 683 multa
3661 638 3718 684 et

2115 714 2524 770 innumerabilia
2549 723 2676 770 sunt
2702 714 2756 770 in
2778 714 2976 784 populo
3000 716 3301 772 christiano
3339 715 3543 788 ﬂagitia
3584 734 3713 789 per.

2112 812 2347 874 petrata,
2376 806 2431 860 in
2459 805 2768 862 homicidiis
2797 815 2852 861 et
2885 807 3163 876 periuriis,
3203 808 3257 863 in
3285 808 3620 879 sacrilegiis,
3659 812 3721 867 in

2113 896 2416 962 adulteriis,
2449 896 2504 951 in
2533 885 2756 967 rapinis,
2802 896 2857 950 in
2903 897 3190 963 incendiis,
3234 898 3349 955 sive
3385 899 3441 954 in
3465 901 3722 958 ecclesiis

2113 985 2209 1042 Dei
2233 987 2347 1043 sive
2378 987 2432 1041 in
2457 986 2580 1042 aliis
2608 988 2835 1043 diversis
2861 988 2995 1045 locis
3032 988 3209 1056 factis,
3236 990 3291 1044 in
3317 991 3717 1062 direptionibus

2111 1086 2166 1133 et
2191 1080 2630 1149 oppressionibus
2656 1094 2954 1150 pauperum
2980 1080 3276 1137 miserabili
3299 1091 3356 1137 et
3390 1098 3532 1154 pene
3570 1086 3717 1154 apud

2111 1169 2440 1226 christianos
2476 1171 2721 1236 inaudito
2745 1180 2993 1240 patratu:
3036 1186 3177 1242 quae
3211 1172 3394 1228 omnia
3427 1175 3498 1230 ad
3523 1185 3715 1233 aucto-

2110 1279 2247 1330 rem,
2277 1263 2421 1318 sicut
2447 1264 2805 1333 praemissnm
2833 1273 2936 1329 est,
2966 1263 3336 1320 reflectuntur.

2151 1356 2234 1410 '7.
2267 1355 2326 1411 ln
2346 1356 2702 1412 divisionibus
2730 1357 2937 1426 imperii
2966 1358 3035 1413 ab
3060 1372 3126 1414 eo
3145 1368 3337 1414 contra
3363 1374 3714 1418 communem

2107 1462 2294 1517 pacem
2320 1456 2373 1502 et
2404 1447 2569 1503 totius
2599 1447 2819 1517 imperii
2835 1447 3064 1503 salutem
3099 1449 3169 1504 ad
3195 1449 3405 1505 libitum
3443 1465 3601 1508 suum
3630 1461 3715 1508 te-

2109 1554 2260 1595 mere
2285 1537 2464 1603 factis,
2490 1547 2545 1593 et
2571 1538 2626 1592 in
2651 1526 2994 1594 sacramento
3014 1539 3177 1594 etiam
3201 1541 3344 1609 quod
3368 1541 3547 1598 iurare
3564 1558 3713 1599 com-

2105 1628 2244 1698 pulit
2280 1643 2495 1683 onmem
2533 1628 2820 1698 populum,
2870 1638 2930 1682 ut
2973 1638 3162 1684 contra
3210 1630 3350 1687 ﬁlios
3390 1646 3519 1687 suos
3562 1633 3711 1687 sicut

2106 1728 2298 1776 contra
2345 1720 2593 1776 inimico:
2629 1736 2757 1776 suos
2783 1731 3024 1792 agerent,
3056 1737 3178 1776 cum
3208 1722 3319 1792 ipse
3345 1738 3440 1779 eos
3477 1734 3708 1793 paterna

2036 1798 2079 1858 Β
2107 1813 2430 1870 auctoritate
2468 1814 2826 1883 consultuque
2864 1813 3105 1869 fidelium
3152 1829 3370 1870 suorum
3416 1816 3709 1885 paciﬁcare

2175 1903 2383 1959 inisset.
3492 1944 3503 1953 .

2175 1918 2383 1959 tuisset.
3492 1944 3503 1953 .

2101 1918 2227 2047 p08.
2256 1992 2411 2059 Quod
2440 2008 2544 2049 non
2573 1990 2885 2049 suﬁecerint
2910 1991 2958 2047 ei
3004 2001 3081 2049 tot
3116 1993 3256 2048 mala
3294 2001 3349 2049 et
3377 1992 3579 2065 ﬂagitia
3607 2011 3706 2065 per

2102 2095 2256 2135 suam
2286 2079 2668 2153 negligentiam
2698 2069 2751 2137 ct
2796 2081 3265 2150 improvidentiam
3306 2082 3361 2137 in
3401 2098 3569 2154 regno
3598 2085 3703 2139 sibi

2102 2173 2394 2228 commisso
2423 2181 2749 2242 perpetrata,
2784 2188 2924 2241 quae
2968 2172 3275 2227 enumerari
3301 2188 3410 2228 non
3446 2183 3699 2244 possent,

2098 2277 2199 2333 pro
2225 2263 2420 2332 quibus
2447 2273 2503 2318 et
2530 2263 2680 2335 regni
2707 2262 3031 2333 periclitatio
3066 2269 3124 2317 ct
3151 2264 3292 2332 regis
3319 2263 3701 2320 dehonestatio

2100 2350 2380 2407 evidenter
2407 2358 2727 2422 provenerat
2755 2368 2770 2405 :
2804 2351 2896 2406 sed
2925 2350 3145 2420 insuper
3168 2351 3236 2406 ad
3274 2351 3552 2407 cumulum
3593 2356 3700 2408 mi-

2100 2442 2365 2497 seriarum
2394 2442 2683 2498 novissimc
2712 2456 2926 2497 omnem
2958 2440 3214 2511 populum
3240 2456 3369 2497 suae
3411 2445 3699 2512 potestatis

2100 2532 2167 2587 ad
2194 2548 2534 2588 communmu
2556 2532 2835 2589 interitum
2862 2535 3106 2601 traxerit,
3126 2552 3250 2591 cum
3273 2537 3549 2594 debuisset
3571 2554 3698 2596 esse

2099 2624 2275 2679 eidem
2306 2624 2503 2694 pepnlo
2532 2623 2641 2679 dux
2669 2624 2859 2681 salutis
2883 2634 2937 2681 et
2956 2627 3127 2696 pacis,
3156 2644 3281 2683 cum
3312 2629 3495 2685 divina
3518 2631 3697 2701 pietas

2101 2714 2342 2770 inaudito
2364 2725 2418 2770 et
2446 2715 2702 2773 invisibili
2733 2718 2912 2781 modo,
2943 2734 3007 2774 ac
3040 2719 3242 2774 nostris
3269 2720 3502 2776 sacculis
3533 2736 3694 2791 prae-

2098 2806 2349 2871 dicundo,
2374 2805 2571 2877 populo
2596 2821 2696 2863 suo
2717 2806 2960 2862 misereri
2989 2809 3337 2865 decrevisset.

2096 2950 2099 2951 ν
2170 2895 2338 2969 Igitur
2362 2911 2461 2967 pro
2485 2897 2571 2952 bis
2607 2896 2692 2951 vel
2731 2897 2784 2952 in
2818 2898 2900 2953 bis
2928 2898 3179 2954 omnibus
3207 2915 3346 2970 quae
3374 2915 3538 2970 supra
3578 2917 3689 2957 me-

2100 2995 2307 3043 morata
2337 2995 2481 3053 sunt,
2515 3003 2668 3044 reum
2704 3002 2764 3045 se
2788 3005 2970 3044 coram
3000 2991 3111 3046 Deo
3131 2998 3187 3047 et
3222 3008 3406 3048 coram
3431 2995 3689 3050 sacerdo-

2100 3077 2245 3133 tibus
2267 3078 2351 3131 vel
2370 3078 2516 3133 omni
2544 3079 2741 3149 populo
2768 3096 2892 3134 cum
2928 3079 3183 3152 lacrymis
3210 3081 3510 3145 confessus,
3551 3093 3607 3138 et
3633 3085 3688 3138 in

2013 3155 2062 3221 C
2092 3166 2302 3222 cunctis
2332 3181 2391 3221 se
2417 3167 2707 3238 deliquisse
2734 3176 3063 3237 protestatus
3103 3177 3188 3225 est
3225 3168 3404 3242 [esset
3447 3170 3511 3224 S.
3531 3170 3553 3241 ]
3576 3212 3592 3234 ,
3631 3182 3687 3225 ct

2088 3259 2474 3328 poeuitentiam
2500 3259 2772 3329 publicam
2810 3261 3052 3330 expetiit,
3092 3263 3347 3331 quatinus
3388 3263 3682 3326 ecclesiae,

2089 3362 2254 3419 quam
2294 3349 2571 3419 peccando
2607 3350 3085 3418 scandalizaverat,
3114 3352 3442 3423 poenitendo
3469 3354 3682 3409 satisfa—

2086 3450 2273 3499 ceret:
2314 3450 2371 3499 et
2407 3443 2549 3500 sicut
2585 3444 2760 3499 fuerat
2802 3447 3117 3502 scandalum
3143 3448 3312 3503 multa
3336 3449 3678 3521 negligenda,

2083 3528 2161 3587 ita
2188 3532 2447 3587 nimirum
2475 3548 2534 3588 se
2558 3533 2695 3589 velle
2717 3536 2995 3605 professus
3016 3544 3101 3591 est
3121 3552 3241 3593 esse
3264 3539 3579 3607 exemplum
3604 3540 3680 3594 di-

2082 3640 2243 3696 gnam
2267 3626 2657 3696 poenitcntiam
2696 3629 2995 3684 subeundo.
3039 3628 3169 3684 Post
3216 3630 3358 3685 hanc
3396 3644 3531 3686 vero
3554 3646 3680 3687 con-

2080 3712 2372 3772 fessionem
2402 3756 2418 3780 ,
2460 3716 2762 3773 chartulam
2809 3733 3031 3773 suorum
3066 3727 3316 3774 reatuum
3363 3728 3420 3774 et
3467 3719 3679 3775 confes-

2079 3803 2250 3861 sionis
2270 3805 2339 3861 ob
2368 3804 2610 3861 futurum
2652 3808 2973 3862 memoriam
3015 3808 3387 3864 sacerdotibus
3430 3808 3674 3873 tradidit,

2079 3908 2245 3965 quam
2269 3894 2371 3964 ipsi
2398 3911 2561 3967 super
2588 3896 2758 3952 altare
2801 3908 3134 3968 posuerunt;
3175 3913 3241 3954 ac
3276 3898 3473 3954 deinde
3493 3900 3673 3970 cingu'

2079 3983 2189 4039 lum
2215 3984 2442 4040 militiae
2470 3987 2739 4056 deposuit,
2770 3995 2827 4043 et
2859 4004 3021 4058 super
3055 3989 3226 4045 altare
3268 3990 3578 4056 collocavit,
3623 3998 3674 4046 et

2079 4077 2268 4133 habitu
2306 4078 2506 4135 saeculi
2549 4094 2609 4135 se
2649 4096 2884 4147 exuens,
2924 4082 3168 4138 habitum
3210 4084 3543 4153 paenitentis
3576 4101 3673 4155 per

2083 4166 2489 4237 impositionem
2541 4185 2800 4226 manuum
2850 4172 3227 4243 episcoporum
3286 4177 3563 4245 suscepit:
3620 4184 3677 4230 ut

2076 4267 2200 4327 post
2241 4267 2449 4313 tantam
2495 4260 2767 4330 talemque
2809 4262 3196 4332 poenitentiam
3233 4280 3393 4320 nemo
3428 4266 3572 4320 ultra
3611 4268 3679 4322 ad

2077 4346 2327 4402 militiam
2354 4349 2687 4405 saecularem
2711 4352 2915 4406 redeat.
2939 4352 3035 4407 llis
3054 4353 3236 4423 itaque
3259 4355 3448 4425 gestis,
3473 4356 3679 4425 placuit

2077 4446 2137 4492 ut
2162 4440 2531 4511 unusquisque
2559 4441 2954 4512 episcoporum,
3002 4444 3239 4514 qualiter
3276 4445 3411 4500 haec
3436 4462 3528 4501 res
3554 4456 3678 4502 acta

2076 4526 2258 4593 fuerit,
2310 4528 2365 4583 in
2412 4529 2646 4599 propriis
2691 4532 2953 4588 chartulis
2992 4534 3270 4597 insereret,
3318 4550 3549 4605 eamque
3577 4553 3677 4592 sua

2076 4620 2370 4689 scriptione
2393 4624 2693 4688 roboraret,
2734 4630 2789 4678 ct
2826 4625 3133 4681 roboratam
3178 4638 3481 4698 memorato
3522 4631 3680 4699 prin-

2077 4712 2181 4782 cipi
2203 4712 2461 4768 Lothario
2495 4714 2564 4769 ob
2595 4715 2912 4770 memoriam
2945 4717 3108 4772 huius
3144 4715 3273 4772 facti
3309 4717 3548 4775 offerret.
3592 4722 3676 4777 Ad

2073 4810 2375 4857 extremum
2417 4804 2671 4859 omnibus
2716 4806 2892 4872 nobis,
2933 4807 3027 4876 qui
3069 4807 3443 4874 interfuimus,
3492 4810 3675 4866 visum

2070 4900 2175 4959 est,
2204 4893 2445 4949 omnium
2470 4895 2872 4961 chartularum,
2913 4896 3080 4955 immo
3108 4898 3245 4954 tanti
3283 4900 3486 4972 negotii
3524 4916 3675 4956 sum-

2072 4999 2215 5038 mam
2244 4984 2298 5038 in
2319 5002 2485 5039 unum
2506 4986 2741 5042 breviter
2762 4988 3105 5059 strictimque
3129 5007 3443 5062 congerere,
3472 5003 3527 5047 ct
3546 5009 3675 5049 C0"-

2071 5083 2223 5146 gesta
2256 5076 2488 5147 propriis
2522 5092 2776 5132 manuum
2823 5087 3130 5135 nostrarum
3178 5084 3671 5152 subscriptionibus

2068 5171 2344 5237 roborare,
2367 5173 2508 5229 sicut
2535 5175 2813 5243 sequentia
2840 5176 3044 5232 factum
3064 5191 3185 5234 esse
3205 5180 3612 5237 demonstrant.

2492 5282 2840 5343 AGOBARDI
2882 5287 3232 5347 CARTULA.

2137 5393 2195 5447 In
2221 5394 2436 5449 nomine
2462 5394 2557 5450 Dei
2588 5410 2654 5451 ac
2673 5397 2884 5453 Domini
2916 5401 3087 5456 nostri
3115 5401 3231 5456 Iesu
3258 5402 3482 5458 Christi.
3508 5401 3665 5461 Anno

2064 5487 2453 5543 incarnationis
2505 5489 2623 5544 eius
2662 5490 3112 5562 octingentesimo
3163 5493 3439 5549 tricesimo
3480 5495 3661 5560 tertio,

2063 5593 2164 5648 ego
2196 5577 2512 5648 Agobardns
2538 5579 2911 5649 Lugdunensis
2953 5584 3214 5638 ecclesiae
3256 5584 3509 5654 indignus
3552 5585 3663 5655 epi-

2062 5683 2276 5739 scopus,
2307 5669 2526 5725 interfui
2564 5672 2857 5727 venerabili
2900 5675 3185 5729 conventui
3222 5676 3363 5744 apud
3399 5676 3656 5743 palatium

2064 5764 2206 5831 quod
2232 5775 2573 5835 nuncupatur
2600 5766 3003 5835 Compendinm.
3033 5767 3132 5834 Qui
3158 5768 3340 5839 utiun
3365 5776 3653 5825 conventus
