3974 6134
293 267 400 323 663

597 272 826 330 CODEX
861 277 1380 342 DlPLOMATlCUS.
1409 315 1482 329 —
1509 287 1826 346 LUDOVICI
1863 289 1884 343 Ι
1923 289 2011 344 ET
2046 290 2370 350 LOTlIARll
2407 296 2884 355 CAPITULARIA.
2915 331 2988 343 —
3013 301 3110 358 A5.
3151 283 3277 359 855:

3458 309 3564 362 (ἱίῖἔῖ

284 385 464 488 astitit
484 401 552 488 ex
573 381 1310 489 reverentissimiscpiscopis
1331 409 1386 456 et
1412 403 1874 474 magniﬁcentissi-
1901 405 1949 466 Δ
1974 413 2058 460 est
2101 408 2458 466 misericordia
2499 422 2546 467 et
2587 418 2798 484 copiosa
2823 416 3126 486 redemptio.
3154 415 3383 486 Propter
3417 423 3562 489 quod

283 476 389 574 mis
408 476 538 530 viris
571 476 890 574 illustribus,
931 484 1154 556 collegio
1179 505 1389 560 quoque
1417 493 1671 548 abbatum
1694 501 1749 549 et
1781 510 1875 550 co-
1964 503 2024 574 et
2046 496 2260 553 libellus
2285 500 2462 556 editus
2481 511 2566 557 est
2593 519 2624 557 a
2649 476 2784 559 viris
2809 476 3238 574 diligentioribus
3261 476 3321 562 et
3345 508 3394 563 ei
3417 476 3564 565 o'bla;

282 566 496 631 Initum,
527 570 974 642 promiscuaeque
1001 579 1191 634 aetatis
1234 589 1290 635 ct
1336 583 1610 654 dignitatis
1651 586 1867 655 populo,

278 657 622 726 praesidente
665 663 1008 720 serenissimo
1042 675 1097 722 et
1141 669 1526 739 gloriosissimo
1571 676 1866 743 Hlothario,

1964 573 2056 640 'tus
2076 587 2142 642 de
2166 587 2602 646 manifestatione
2639 573 2926 648 criminum
2961 609 3201 660 suorum,
3229 595 3285 650 in
3311 613 3438 666 quo,
3465 613 3560 654 ve-

1967 675 2048 732 lut
2091 678 2146 732 in
2186 679 2424 748 speculo,
2467 684 2764 760 perspich
2787 685 3122 754 conspiceret
3155 683 3431 742 feditatem
3471 703 3562 744 ac-

279 745 604 814 imperatone
641 758 696 804 et
727 751 928 810 Christi
971 755 1174 814 domini
1216 771 1490 830 amatore;
1537 781 1646 836 quo
1689 777 1869 838 prote-
1966 776 2115 824 tuum
2157 745 2487 836 suorumet
2500 745 2654 827 ﬁeret
2698 745 2755 826 in
2796 773 2888 828 illo
2919 745 3068 842 quod
3104 787 3201 842 per
3227 775 3560 843 peuitentem

275 847 436 908 gente
456 849 512 896 et
529 842 836 910 adiuvante,
863 849 1046 904 subter
1069 852 1276 908 adnexa
1293 855 1546 926 disposita
1575 868 1700 914 sunt
1724 876 1865 917 anno

275 929 487 1000 imperii
510 932 704 1002 primo,
733 951 916 992 mense
943 950 1156 1008 quarto.
1195 943 1398 1012 Quibus
1419 949 1670 1006 omnibus
1702 953 1864 1006 velte-

272 1033 485 1078 menter
507 1025 848 1083 incumbebat
872 1047 998 1086 vera
1025 1037 1336 1105 necessitas,
1377 1047 1437 1094 ut
1461 1041 1687 1097 sollicite
1722 1051 1864 1100 trac-

271 1120 450 1169 tarent
475 1115 540 1170 de
558 1117 797 1186 periculo
826 1121 976 1190 regni
1004 1123 1056 1177 in
1091 1129 1380 1194 praesenti,
1407 1137 1462 1184 et
1487 1139 1628 1186 statu
1679 1133 1732 1187 iu
1777 1133 1862 1188 l'u-

271 1215 413 1270 turo,
442 1209 586 1277 quod
611 1225 854 1280 regnum,
883 1214 1007 1282 quia
1048 1215 1246 1272 iamdiu
1298 1222 1539 1288 nutabat,
1583 1232 1636 1278 et
1671 1224 1858 1294 impel-

268 1299 480 1357 lebatur
519 1303 588 1358 ad
632 1305 842 1360 ruinam
886 1323 982 1377 per
1030 1311 1444 1383 neglegentiam,
1487 1324 1542 1371 et
1584 1326 1644 1372 ut
1677 1321 1856 1375 verius

266 1393 464 1461 diam,
493 1411 590 1466 per
636 1398 905 1466 ignaviam
954 1401 1136 1457 domui
1183 1404 1468 1464 Hluduvici
1515 1409 1532 1440 ³
1561 1411 1852 1465 venerandi

262 1487 533 1555 quondam
576 1489 952 1560 imperatoris,
994 1493 1049 1548 in
1087 1496 1284 1566 quibus
1335 1499 1425 1555 ille
1471 1499 1722 1558 inretitus
1768 1511 1853 1558 est

257 1591 359 1646 per
393 1589 674 1650 corruptas
695 1591 903 1638 mentes
937 1592 992 1639 et
1025 1597 1452 1657 corrumpentes,
1478 1598 1533 1645 et
1557 1593 1850 1648 secundum

1962 859 2259 928 perfectum
2281 863 2486 919 dictum
2507 869 2589 918 est
2609 880 2622 916 :
2648 862 2986 933 Iniquitatem
3007 879 3174 917 meam
3190 879 3283 932 ego
3299 879 3557 933 agnosco;

1959 961 2227 1021 peccatum
2259 971 2428 1008 meum
2468 969 2646 1008 coram
2680 970 2762 1008 me
2803 963 2879 1008 est
2922 969 3142 1025 semper.
3197 954 3298 1009 Pro
3352 970 3458 1024 qua
3499 971 3558 1012 re

1960 1052 2304 1098 accesserunt
2335 1043 2404 1098 ad
2443 1058 2566 1098 eum
2613 1045 2790 1099 denuo
2831 1059 3019 1100 omnes
3061 1043 3155 1113 qui
3200 1043 3254 1096 in
3282 1045 3559 1113 praedicto

1958 1144 2226 1190 conventu
2247 1135 2470 1190 aderant
2493 1135 2752 1206 episcopi,
2787 1135 3142 1191 eoudolentes
3165 1143 3220 1190 et
3244 1136 3559 1205 conpatien-

1958 1233 2039 1294 tes
2064 1226 2467 1281 inlirmitatibus
2491 1235 2544 1282 et
2572 1227 2804 1281 miseriis
2829 1226 2967 1290 eius,
3015 1225 3366 1280 exhortantes
3394 1231 3557 1295 atquo

1953 1321 2270 1383 exoptantes
2294 1324 2349 1370 et
2371 1315 2727 1384 postulantes,
2759 1326 2818 1369 ut
2840 1315 3184 1385 omnipotens
3209 1315 3350 1370 Deus
3391 1332 3554 1370 manu

1951 1404 2169 1474 pietatis
2193 1421 2324 1461 suae
2347 1407 2598 1462 educeret
2618 1421 2742 1461 eum
2767 1406 2832 1460 de
2857 1405 2977 1460 lacu
3009 1405 3253 1460 miseriae
3281 1415 3328 1460 et
3352 1405 3416 1460 de
3443 1405 3554 1459 luto

1951 1492 2084 1545 ceni.
2115 1490 2271 1558 Quod
2299 1491 2753 1548 clementissimus
2790 1491 3041 1548 dominus
3079 1506 3186 1546 non
3229 1491 3402 1546 solum
3445 1507 3553 1547 non

1949 1582 2192 1649 abstulit,
2238 1582 2333 1638 sed
2375 1599 2476 1638 nec
2519 1583 2747 1638 distulit.
2788 1581 2896 1637 Sed
2953 1597 3080 1636 mox
3136 1581 3450 1637 resuscitata
3496 1581 3551 1635 in

257 1669 612 1736 apostolicum
641 1670 864 1740 dictum,
891 1675 1016 1744 quia
1039 1686 1196 1732 erant
1227 1679 1328 1749 ipsi
1351 1691 1603 1749 errantes,
1631 1690 1686 1738 et
1713 1683 1847 1740 alios
1879 1746 1916 1749 _
1947 1681 2129 1728 mente
2163 1675 2282 1730 eius
2323 1675 2649 1730 contritione
2688 1672 2956 1728 humiliati
2996 1671 3198 1737 cordis,
3248 1679 3553 1742 prostratus

255 1757 311 1810 in
341 1775 571 1814 errorem
596 1763 873 1819 mittentes.
897 1765 942 1818 A
983 1782 1092 1837 quo
1125 1746 1390 1826 conventu
1413 1746 1669 1842 quicquid
1705 1775 1849 1830 utili-
1878 1746 1925 1806 Β
1949 1781 2134 1821 00mm
2155 1767 2255 1831 eis.
2280 1781 2389 1821 non
2417 1764 2584 1821 $811181
2606 1764 2689 1820 Vel
2715 1765 2930 1829 iterum»
2978 1763 3072 1818 Sed
3115 1763 3273 1817 ῐθΐιίο
3317 1770 3412 1817 θυι
3438 1778 3552 1816 am-

255 1855 338 1900 ter
359 1856 415 1902 ct
441 1849 778 1916 laudabiliter
825 1858 1105 1913 tractando
1127 1867 1182 1914 et
1209 1859 1534 1917 conferendo
1572 1863 1847 1920 inventum

250 1945 334 1989 est
355 1946 410 1990 et
443 1941 751 1997 necessario
767 1945 1132 2013 statuendum,
1153 1956 1209 2004 et
1230 1950 1592 2009 iudicantibus
1617 1971 1847 2011 consen-

248 2025 316 2090 si,
343 2036 400 2082 et
434 2031 923 2104 couseueicnsipse
967 2037 1217 2095 iudicavi.
1268 2041 1325 2096 In
1367 2043 1556 2112 primis
1600 2045 1847 2102 videlicet

245 2134 390 2188 quae
411 2121 482 2175 ad
507 2125 944 2183 conimoditatem
999 2139 1054 2186 et
1093 2132 1417 2191 soliditatem
1445 2137 1594 2205 regni
1619 2147 1674 2192 et
1703 2141 1847 2210 regis

245 2211 522 2278 pertinere
561 2214 907 2285 videbantur;
935 2220 1127 2279 deinde
1147 2240 1290 2294 quae
1327 2228 1398 2282 ad
1437 2229 1768 2298 ercptionem
1791 2241 1846 2286 et

243 2301 619 2371 purgationem
645 2307 859 2364 animae
883 2309 1066 2366 domui
1093 2313 1374 2372 llluduvici
1404 2297 1846 2376 manifestissime

241 2391 626 2463 noscebantur.
673 2395 821 2463 Quae
864 2399 917 2453 in
961 2403 1239 2472 praedicto
1292 2417 1558 2463 conventu
1617 2408 1846 2464 lideliter

239 2482 510 2547 quaesita,
537 2492 592 2538 et
616 2488 880 2543 veraciter
920 2501 1152 2558 inventa,
1193 2503 1247 2550 et
1287 2497 1659 2555 ordinabiliter
1687 2517 1844 2558 exse-

238 2579 366 2624 cuta
389 2582 548 2640 Slllll;
585 2575 638 2630 in
682 2592 748 2633 eo
775 2580 998 2647 scilicet,
1029 2587 1171 2654 quod
1215 2591 1520 2656 praedictus
1545 2601 1842 2649 conventus

239 2660 582 2729 deliberavit,
628 2676 686 2721 ut
726 2683 824 2738 per
875 2671 1079 2742 legatos
1119 2682 1174 2729 et
1217 2676 1413 2733 missos
1441 2691 1842 2736 ammoneretur

237 2749 474 2806 domnus
499 2753 827 2814 llltnluvicus
868 2761 934 2816 de
959 2764 1073 2818 suis
1099 2766 1388 2834 erratibus,
1429 2779 1484 2824 et
1526 2771 1839 2830 exhortare-

237 2847 347 2906 tur,
375 2849 432 2894 ut
453 2842 747 2900 secundum
770 2849 1143 2918 propheticum
1169 2855 1372 2910 dictum
1411 2859 1608 2916 rediret
1631 2861 1697 2916 ad
1721 2863 1836 2926 cer,

234 2944 288 2988 et
313 2949 728 3007 recognosceret
751 2952 871 2998 aeta
908 2961 1024 3012 sua,
1065 2962 1204 3018 quae
1241 2951 1503 3008 adversus
1526 2953 1692 3008 Deum
1719 2970 1839 3010 cur-

233 3039 360 3116 rens
394 3041 493 3096 per
535 3029 652 3086 vias
692 3033 972 3101 pravitatis
1008 3045 1064 3092 ct
1088 3039 1390 3096 iuiusticiac
1430 3053 1743 3116 exacgcrat;
1768 3062 1834 3102 ac

1946 1856 2108 1925 plius,
2151 1857 2378 1914 crimina
2433 1855 2727 1926 cognoscit,
2785 1854 2997 1910 veniam
3048 1852 3242 1923 poscit.
3283 1853 3544 1908 auxilium

1945 1946 2252 2001 orationum
2281 1954 2586 2016 praecatur,
2610 1944 2894 2001 consilium
2937 1943 3148 2013 recipit,
3191 1943 3543 2028 penitentiam

1945 2038 2200 2107 postulat,
2247 2039 2544 2094 iniunctam
2605 2037 2708 2094 sibi
2771 2036 3132 2092 humilitatem
3191 2035 3548 2093 libentissime

1946 2127 2294 2196 impleturum
2330 2129 2625 2198 promittit.
2662 2127 3024 2183 lnnotescitur
3059 2127 3080 2158 ⁸
3121 2127 3170 2182 ei
3200 2126 3290 2182 lex
3327 2134 3383 2182 et
3411 2127 3546 2182 ordo

1943 2217 2187 2286 publicae
2207 2219 2578 2288 peuitenciae;
2613 2234 2775 2289 quam
2802 2234 2907 2273 non
2947 2217 3184 2283 rennuit,
3209 2217 3304 2273 sed
3341 2218 3408 2273 ad
3429 2233 3546 2273 om-

1943 2309 2033 2364 nia
2061 2311 2284 2376 annuit;
2320 2325 2385 2366 ac
2405 2309 2620 2366 demum
2645 2310 2890 2380 pervenit
2929 2310 2983 2364 in
3029 2307 3316 2366 ecclesiam
3359 2324 3544 2364 coram

1942 2407 2064 2453 cetu
2095 2397 2336 2452 ﬁdelium
2356 2407 2482 2454 ante
2524 2399 2694 2454 altare
2738 2407 2794 2454 et
2839 2399 3086 2468 sepulcra
3127 2405 3459 2464 sanctorum,
3488 2405 3543 2452 et

1941 2497 2246 2560 prostratus
2269 2506 2430 2560 super
2451 2489 2708 2558 cilicium,
2746 2491 2832 2548 bis
2869 2499 3059 2561 terque
3087 2497 3384 2561 quaterque
3413 2505 3542 2544 con-

1943 2581 2118 2638 fessus
2155 2583 2209 2637 in
2241 2583 2494 2638 omnibus
2525 2583 2674 2638 clara
2703 2599 2836 2639 voce
2858 2599 2982 2639 cum
3006 2583 3026 2614 ³
3051 2583 3378 2638 babundanti
3407 2581 3540 2636 eli‘u-

1941 2674 2094 2730 sione
2123 2674 2468 2730 lacrimarum
2507 2675 2749 2744 deposita
2787 2689 2937 2729 arma
2977 2674 2999 2704 ‘
3029 2689 3192 2728 manu
3229 2672 3445 2743 propria
3486 2680 3538 2727 et

1940 2760 2010 2816 ad
2069 2761 2398 2831 crepidinem
2440 2761 2628 2816 altaris
2672 2762 2912 2832 proiecta
2957 2761 2979 2792 ⁸
3003 2801 3019 2827 ,
3067 2762 3305 2832 suscepit
3356 2770 3538 2818 mente

1939 2859 2260 2922 compuncta
2298 2851 2653 2921 penitentiam
2683 2851 2953 2922 publicam
2994 2867 3092 2920 per
3136 2867 3389 2906 manuum
3425 2852 3539 2920 epi-

1939 2943 2234 3014 scopalium
2259 2943 2680 3013 impositionem,
2704 2959 2826 2999 cum
2849 2943 3071 3012 psalmis
3097 2950 3152 2998 et
3175 2941 3533 2999 orationibus.

1939 3035 2136 3107 Sicque
2163 3033 2407 3106 deposito
2448 3035 2636 3091 habitu
2677 3036 2908 3106 pristino
2937 3043 2994 3090 et
3029 3041 3306 3104 assumpto
3347 3033 3532 3088 habitu

402 3095 407 3096 ,
692 3095 709 3101 _
1287 3095 1295 3096 κ
1332 3095 1339 3096 κ
1370 3095 1383 3096 κ
1440 3095 1743 3116 “non--.
1769 3095 1833 3102 η

231 3115 489 3188 deinceps
516 3123 816 3193 susciperet
855 3128 1138 3186 consilium
1175 3133 1317 3189 vitae
1352 3143 1407 3190 et
1445 3136 1636 3193 salutis
1667 3153 1826 3209 suae;

1933 3095 2249 3197 peni-tentis:
2275 3125 2656 3196 congratulans
2677 3095 2739 3181 et
2781 3125 3079 3192 conﬁdens,
3122 3095 3358 3195 postulat
3401 3123 3534 3193 piis-

229 3223 502 3280 quatenus
525 3218 666 3285 apud
690 3220 1112 3289 omnipotentem
1155 3226 1386 3283 iudicem
1429 3236 1484 3284 et
1521 3230 1828 3301 Dominum,

227 3306 320 3376 qui
358 3307 821 3368 clementissimus
847 3314 1084 3373 iudultor
1105 3327 1189 3374 est
1215 3320 1522 3388 criminum,
1551 3324 1830 3397 indulgen-

227 3397 362 3450 tiam
394 3407 451 3453 et
477 3401 851 3459 remissionem
898 3405 1242 3476 iniquitatem
1286 3411 1576 3482 impetrare
1613 3425 1828 3486 posset;

226 3489 399 3558 utqui
429 3504 530 3560 per
559 3493 941 3564 multiplicatus
981 3500 1344 3572 neglegentias
1389 3519 1612 3575 regnum
1659 3516 1828 3564 terre-

224 3593 352 3636 num
381 3585 718 3654 anuuiserat,
747 3604 843 3659 per
867 3592 1137 3662 impensas
1158 3596 1426 3665 supplices
1459 3599 1830 3658 confessiones

221 3684 456 3742 τθεηυιιι
497 3675 730 3734 caeleste
772 3679 1166 3752 adipisceretur
1183 3700 1280 3756 per
1305 3702 1450 3754 eum,
1495 3689 1638 3759 apud
1663 3705 1823 3764 quem

1928 3217 2050 3274 simi
2089 3215 2324 3287 pastoris
2363 3217 2605 3272 humeris
2647 3216 2830 3272 reduci
2873 3231 2934 3271 se
2968 3217 3038 3270 ad
3075 3216 3326 3269 inventae
3359 3221 3412 3268 et
3441 3230 3530 3268 re-

1929 3309 2175 3379 demptae
2196 3309 2315 3364 ovis
2345 3308 2630 3362 unitatem.
2658 3306 2752 3362 llis
2777 3306 2942 3378 gestis
2980 3320 3080 3376 ego
3105 3303 3422 3376 Agobardus
3447 3303 3532 3357 in-

1927 3405 2122 3476 dignus
2157 3403 2441 3474 episcopus
2487 3401 2727 3467 interfui,
2771 3409 2826 3457 et
2867 3399 3180 3456 melioribus
3219 3412 3527 3454 consonans

1925 3506 1983 3554 et
2006 3497 2350 3553 consentiens
2376 3494 2628 3552 iudicavi.
2653 3503 2705 3550 et
2732 3509 2894 3549 manu
2915 3491 3132 3562 propria
3156 3489 3374 3562 signans
3396 3486 3529 3543 sub-

1927 3602 2144 3669 εει-ψει.

1415 3819 1802 3882 VARIANTES
1839 3824 2242 3882 LECTIONES.
2327 3845 2333 3850 ·

288 3911 312 3988 ξ
340 3909 582 3971 luduuiei
619 3935 667 3971 c.
696 3922 788 3974 sed
799 3922 862 3994 in
891 3925 1222 3994 sequentibus
1251 3927 1284 3982 Ιι
1311 3937 1473 3982 ea'tat.
1550 3931 1570 3960 '
1597 3931 1981 3988 innostescitur
2015 3949 2061 3986 τ.

2152 3933 2173 3964 ³
2197 3948 2317 3988 com
2351 3950 2490 3988 corr.
2519 3950 2640 3988 cum
2673 3950 2720 3986 ο.
2798 3931 2820 3963 ⁸
2847 3933 2942 3997 ita,
2970 3948 3107 3986 corr.
3139 3931 3396 4000 depositis
3428 3947 3518 3986 ar-

221 3980 324 4036 mis
344 3999 397 4036 ε.
425 3996 548 4040 sunt
577 3993 858 4046 accusativi
880 3980 1121 4060 absoluti,
1155 3980 1297 4052 more
1316 3980 1573 4069 adimi.
1988 3980 2312 4072 proiectis

230 4125 3487 4166 _—————_—-——_——___—__—___—____—

548 4233 922 4299 LUDOVICI
968 4239 993 4300 l
1045 4239 1586 4303 IMPERATORIS
1635 4243 2105 4308 CONVENTUS
2152 4245 2784 4308 COMPENDIENSlS
2827 4244 2978 4322 (An.
3015 4243 3190 4323 835).

1763 4376 1954 4394 ἡ

289 4445 372 4500 Ex
399 4445 536 4527 actis
568 4446 685 4516 ejus
724 4464 778 4527 In
819 4447 1115 4527 Annalibus
1139 4450 1464 4527 Bertiuiauis
1499 4449 1669 4527 fusius
1693 4453 1974 4527 descriptis
2007 4465 2251 4526 superest
2294 4457 2493 4513 Ebonis
2521 4456 2910 4527 archiepiscopi
2946 4456 3268 4513 Rbemensis
3295 4461 3508 4526 charta,

220 4529 326 4584 qua
359 4516 477 4598 sedi
509 4519 962 4598 suci-esignavit,
985 4534 1150 4598 quam
1178 4521 1266 4575 bic
1295 4536 1362 4576 ex
1394 4522 1571 4598 libello
1590 4519 1706 4589 ejus
1727 4516 2114 4596 apologetico'l
2145 4527 2200 4582 in
2229 4529 2564 4584 bibliothecm
2595 4516 2801 4584 ducalis
2829 4516 3268 4598 Guelferbyta‘me
3287 4516 3508 4594 Codice;

220 4601 348 4642 sec.
375 4601 430 4651 x,
462 4585 602 4643 inter
622 4585 870 4655 Helnist.,
900 4607 955 4646 n.
983 4585 1074 4656 5‘2,
1103 4591 1298 4646 iterum
1327 4585 1696 4666 proponimus.

295 4700 400 4772 Ego
417 4702 551 4768 Eho,
581 4702 832 4773 indignus
852 4703 1152 4774 episcopus,
1180 4720 1571 4775 recognoscens
1613 4705 1815 4777 fragili-
1838 4708 1890 4772 Ι)
1913 4726 2115 4782 gnosco
2150 4726 2272 4768 esse
2301 4709 2595 4782 indignum,
2634 4711 2978 4782 alienumque
3016 4729 3104 4768 me
3141 4715 3370 4770 reddens
3411 4729 3512 4782 pro

219 4800 383 4848 tatem
406 4810 579 4849 meam
609 4803 664 4848 et
685 4795 920 4864 pondera
949 4805 1293 4864 peccatorum
1339 4812 1603 4862 meorum,
1645 4805 1814 4854 testes

214 4880 554 4938 cordessores
609 4899 802 4948 meos,
860 4884 1098 4940 Aiull‘um
1158 4885 1404 4941 videlicet
1449 4888 1811 4957 archiepisco-

211 4984 348 5042 pum
365 4971 414 5038 b,
436 4971 773 5029 Badaradum
799 4987 821 5012 α
851 4987 1064 5044 quoque
1097 4990 1305 5030 necnon
1346 4984 1400 5031 et
1437 4975 1743 5031 Modoiuum
1778 4975 1807 5017 (ι

212 5061 512 5132 episcopos,
537 5065 792 5120 constitui
818 5066 946 5120 mihi
973 5066 1176 5122 iudices
1197 5067 1515 5121 delictorum
1540 5083 1804 5134 meorum,

212 5167 510 5228 puramque
547 5158 678 5229 ipsis
709 5159 830 5216 dedi
868 5159 1284 5225 confessionem,
1324 5175 1590 5230 quaerens
1630 5174 1803 5215 reme-

214 5245 362 5301 dium
398 5247 673 5329 penitendi
711 5260 764 5306 et
789 5252 1017 5309 salutem
1061 5252 1272 5306 animae
1305 5267 1474 5315 meae,
1500 5260 1555 5305 ut
1583 5252 1802 5307 recede-

213 5351 332 5393 rent
352 5343 418 5398 ab
434 5341 612 5400 cilicio
651 5353 707 5399 et
729 5345 1029 5401 ministerio
1053 5344 1366 5418 pontiﬁcali,
1405 5357 1512 5414 quo
1536 5357 1624 5398 me
1649 5358 1801 5399 reco-

1913 4802 2153 4858 reatibus
2177 4802 2332 4867 meis,
2381 4802 2438 4856 in
2481 4801 2679 4872 quibus
2714 4817 2803 4857 me
2845 4817 3102 4872 peccasse
3141 4813 3350 4860 secrete
3377 4803 3516 4872 ipsis.

1911 4891 2190 4947 confessus
2208 4907 2350 4946 sum.
2382 4890 2461 4947 Eo
2481 4891 2688 4946 scilicet
2732 4893 2910 4958 modo,
2939 4901 2999 4946 ut
3042 4891 3146 4960 ipsi
3189 4892 3298 4946 sint
3341 4899 3507 4946 testes

1909 4984 2015 5040 alio
2039 4983 2358 5040 succedendi
2387 4992 2442 5039 et
2474 4983 2828 5038 consecrandi
2851 4983 3284 5053 subrogandique
3309 4980 3506 5036 inloco

1907 5090 2048 5140 meo,
2073 5074 2165 5144 qui
2192 5075 2350 5144 digne
2370 5088 2620 5143 praeesse
2641 5082 2695 5128 et
2718 5073 2976 5142 prodesse
2995 5072 3166 5142 possit
3185 5071 3512 5136 accelesiae,_

1907 5164 1994 5220 cui
2017 5173 2241 5219 actenus
2278 5164 2528 5234 indiguus
2559 5161 2754 5232 prefui,
2789 5169 2846 5218 et
2866 5169 2926 5216 ut
2957 5162 3080 5218 inde
3105 5161 3306 5217 nullam
3349 5177 3509 5232 repe...

1909 5253 2154 5309 titionem
2199 5260 2292 5308 aut
2349 5252 2832 5322 interpellationem
2869 5252 3193 5308 auctoritate
3239 5253 3508 5314 canonica.-

1906 5341 2085 5399 facere
2105 5342 2334 5409 valeam,
2361 5357 2524 5396 manu
2560 5341 2774 5412 propria
2804 5342 3151 5400 subscribens
3171 5340 3400 5398 ﬁrmavi.

1744 5451 1974 5508 ΝΟΤΑΞ.
3236 5489 3252 5522 ο

295 5575 317 5604 ⁸
342 5565 522 5622 Editus
559 5581 626 5622 ex
657 5567 854 5626 Codice
888 5569 1020 5626 bibl.
1060 5569 1314 5626 Palatinae
1356 5583 1411 5623 n.
1441 5565 1562 5631 576,
1600 5566 1652 5620 in
1692 5565 1798 5620 Da-

209 5631 387 5709 clterii
407 5638 714 5709 Spicilegio,
741 5649 780 5697 t.
808 5640 918 5706 νη,
949 5640 1065 5696 175.

295 5704 319 5742 ι’
339 5704 740 5766 Βίιιίι-ἰυριιέεω.

1977 5573 2000 5602 ο
2027 5563 2543 5620 Paderbornenscm.

1973 5632 1999 5674 ἀ
2022 5633 2587 5706 Augustoduneusem.
