4002 6146
240 397 345 453 σω
518 393 743 452 CODEX
784 387 1303 449 DlPLOMATlCUS.
1331 421 1401 431 -—
1427 386 1743 445 LUDOVICI
1782 387 1799 442 Ι
1839 382 1924 439 ET
1972 382 2293 441 LOTllAltll
2335 380 2814 439 CSPITULABIA.
2844 413 2911 424 ——
2937 380 3038 435 AN.
3078 377 3205 435 859.
3356 366 3495 436 ’(Πθ

313 516 360 567 l.
399 509 537 566 Nulli
562 522 588 550 ι
618 509 776 571 liceat
809 515 1032 575 excepta
1066 518 1227 561 causa
1261 502 1628 557 fornicationis
1654 500 1801 555 adhi-
1833 505 1884 564 Α
1980 497 2032 551 4.
2065 499 2140 552 De
2164 497 2184 527 ³
2209 496 2235 535 ἀ
2269 497 2487 551 incestis
2524 493 2995 550 coniunctionibus
3016 493 3119 547 hoc
3143 491 3499 561 praccipitur,

238 606 409 660 hitant
423 614 646 656 uxorem
679 596 981 667 relinquere
1013 602 1068 650 et
1099 593 1289 651 deinde
1327 592 1487 646 aliam
1539 590 1813 660 copulare,
1916 598 1976 645 ut
2019 588 2197 643 nullus
2233 587 2485 655 deinceps
2521 584 2896 655 propinquam,
2928 598 3030 637 nec
3074 597 3237 650 quam
3282 581 3502 651 propin-

238 692 474 762 alioquin
506 698 957 757 transgressorem
976 683 1147 753 priori
1170 680 1419 737 convenit
1454 681 1647 735 sociari
1688 693 1819 734 con-
1916 695 2054 752 quus
2095 680 2301 745 habuit,
2333 692 2555 733 uxorem
2587 676 2817 744 accipiat
2857 674 2911 728 in
2945 674 3216 743 coniugio,
3243 682 3299 728 et
3318 673 3503 728 uxoris

242 786 405 853 ingio.
438 781 495 838 Si
520 789 699 834 autem
728 779 808 832 vir
838 785 895 833 et
923 792 1061 831 uxor
1080 774 1352 830 dimittere
1393 787 1491 842 pro
1514 771 1626 827 sola
1674 771 1818 827 vitae
1916 771 2192 844 parentela
2233 770 2309 825 ita
2354 769 2426 825 sit
2476 768 2593 823 viro
2631 767 2771 822 sicut
2807 772 2865 821 et
2931 767 3152 835 propria
3199 764 3500 834 parentela.

241 875 500 944 religione
523 872 665 925 inter
687 885 746 924 se
789 865 1181 932 consenserint,
1209 864 1512 919 nullatenus
1545 863 1662 918 sine
1687 877 1821 917 con-

243 963 471 1020 Scientia
523 961 757 1031 episcopi
787 959 897 1024 ﬁat,
958 964 1018 1012 ut
1077 956 1146 1011 ab
1185 971 1251 1011 eo
1294 954 1639 1025 singulariter
1693 967 1825 1023 pro-

241 1054 360 1107 viso
382 1052 776 1107 constituantur
798 1048 939 1103 loco.
992 1046 1126 1101 Nam
1150 1061 1317 1100 uxore
1344 1044 1582 1110 nolente,
1628 1052 1719 1097 aut
1748 1042 1823 1097 al-

243 1151 363 1198 tcro
389 1155 592 1198 eorum.
618 1139 781 1194 etiam
808 1153 908 1210 pro
933 1136 1029 1192 tali
1056 1151 1116 1193 re
1141 1135 1545 1191 matrimonium
1570 1149 1678 1189 non
1714 1133 1825 1190 sol-

243 1241 427 1288 vatur.

314 1344 370 1400 2.
407 1342 547 1399 Nulli
572 1342 603 1384 ι)
628 1341 784 1398 liceat
812 1356 921 1397 uno
952 1349 1191 1411 tempore
1223 1339 1357 1395 duas
1378 1338 1577 1395 habere
1606 1352 1820 1401 uxores,

247 1448 541 1490 uxorcmve
586 1440 643 1488 et
694 1431 1078 1496 concubinam,
1141 1430 1268 1500 quia
1312 1445 1435 1486 cum
1484 1430 1664 1486 domui
1715 1444 1823 1483 non

250 1527 315 1581 lit
374 1525 600 1588 lucrum,
661 1523 871 1577 animae
931 1522 992 1577 lit
1048 1521 1449 1578 detrimentum.
1494 1519 1629 1575 Nam
1686 1520 1826 1575 sicut

248 1615 496 1672 Christus
546 1621 753 1670 castam
801 1613 1053 1667 observat
1109 1610 1418 1676 ecclesiam,
1467 1610 1543 1665 ita
1576 1609 1661 1665 vir
1707 1625 1828 1665 cas-

252 1715 366 1761 tum
413 1706 568 1761 debet
608 1702 883 1761 custodire
909 1702 1237 1772 coniugium.

322 1797 377 1851 5.
421 1794 491 1851 Ut
519 1805 543 1833 α
588 1793 823 1863 episcopi
854 1792 1155 1861 diversique
1200 1791 1217 1823 ί
1248 1790 1554 1847 sacerdotes
1592 1790 1827 1847 habeant
1996 1795 2030 1853 ϐ
2054 1795 2098 1850 ⁸.
2146 1795 2485 1867 Quamquam
2519 1793 2540 1834 ί
2585 1792 2882 1850 sacerdotis
2940 1790 3309 1848 testimonium
3346 1787 3519 1845 credi-

254 1886 568 1950 advocatos,
613 1884 737 1954 quia
779 1883 1014 1954 episcopi
1047 1882 1393 1951 universique
1420 1881 1731 1937 sacerdotes
1761 1881 1828 1937 ad
1859 1883 1906 1943 B
1930 1891 2038 1946 bile
2080 1890 2363 1954 habeatur,
2420 1897 2600 1943 tamen
2658 1887 2762 1957 ipsi
2800 1886 2853 1940 in
2900 1885 3236 1941 secularibus
3287 1883 3521 1954 negotiis

1987 866 2481 927 5.Consobrinam"
2502 878 2547 932 ο,
2573 874 2808 935 neptem,
2828 880 3135 929 novercam,
3161 862 3344 919 fratris
3370 880 3506 919 uxo-

1917 978 2036 1018 rem
2061 961 2103 1026 ⁸,
2134 961 2215 1015 vel
2246 961 2409 1015 etiam
2438 958 2504 1015 de
2538 957 2754 1028 propria
2785 955 3185 1019 coniunctione,
3227 962 3320 1008 aut
3341 970 3511 1023 quam

1920 1058 2181 1122 cognatus
2205 1047 2414 1112 habuit,
2462 1046 2638 1102 nullus
2659 1046 2853 1101 audeat
2874 1030 2929 1099 in
2951 1044 3200 1114 coniugio
3227 1043 3506 1112 copulare.

1922 1140 1982 1196 Si
2019 1140 2141 1210 quis
2164 1139 2291 1194 huic
2332 1136 2429 1191 tali
2472 1134 2679 1192 nefario
2717 1134 2967 1205 coniugio
2999 1134 3426 1203 secopulaverit,
3452 1138 3550 1187 ct‘

1923 1229 1979 1286 in
2007 1245 2071 1285 eo
2098 1229 2475 1300 permanserit,
2499 1227 2705 1283 sciatse
2725 1225 3016 1296 episcopali
3037 1225 3359 1280 auctoritate
3379 1240 3511 1279 ana-

1923 1322 2179 1377 thematis
2212 1320 2426 1376 vinculo
2447 1333 2567 1375 esse
2609 1320 2940 1383 innodatum,
2972 1325 3032 1373 ut
3052 1317 3229 1373 nullus
3257 1318 3511 1374 sacerdos

1923 1413 2004 1468 illi
2044 1413 2244 1467 tribuat
2278 1411 2728 1469 communionem.
2751 1411 2808 1466 Si
2843 1427 2974 1466 vero
3013 1426 3306 1466 conversus
3346 1408 3512 1465 fuerit

1924 1511 1979 1559 et
2014 1503 2218 1558 divisus
2245 1502 2313 1556 ab
2364 1500 2548 1556 illicita
2589 1501 2948 1571 copulatione,
3002 1501 3196 1571 dignae
3240 1500 3514 1569 poeniten-

1926 1592 2035 1648 tiae
2077 1592 2450 1655 submittatur,
2514 1584 2599 1644 ιη’
2628 1589 2939 1646 sacerdotes
2978 1588 3083 1646 loci
3133 1587 3512 1644 considet-ave-

1926 1684 2059 1741 rint.

251 1973 423 2030 mtam
446 1972 659 2027 laudem
691 1971 783 2026 Dei
795 1973 1165 2041 bonorumque
1183 1982 1403 2041 operum
1425 1970 1694 2026 actionem
1709 1986 1842 2026 con-

252 2065 571 2120 stituuntur.
622 2061 788 2116 Debet
810 2075 940 2131 ergo
977 2061 1346 2130 unusquisque
1372 2074 1561 2115 eorum
1598 2068 1705 2115 tam
1738 2074 1839 2129 pro

252 2153 633 2211 ecclesiasticis
657 2152 837 2208 causis
861 2166 1023 2222 quam
1064 2152 1226 2208 etiam
1259 2166 1358 2221 pro
1401 2150 1636 2222 propriis
1676 2150 1841 2206 actio-

257 2244 419 2299 nibus
451 2242 582 2307 suis,
617 2251 842 2311 excepto
875 2241 1091 2311 publico
1116 2240 1367 2295 videlicet
1402 2241 1630 2297 crimine
1658 2243 1710 2309 ’,
1745 2242 1840 2298 ha-

257 2335 391 2390 bere
423 2332 738 2388 advocatum
786 2347 892 2386 non
922 2330 1094 2386 malae
1134 2324 1311 2386 famae
1357 2332 1707 2402 suspicatum,
1742 2333 1838 2389 sed

260 2428 436 2483 bonae
491 2424 760 2495 opinionis
799 2430 855 2478 et
909 2421 1196 2478 laudabilis
1241 2422 1377 2478 artis
1425 2422 1722 2490 inventum,
1769 2439 1839 2480 ne

262 2517 392 2572 dum
418 2515 653 2571 humana
685 2513 835 2571 lucra
881 2510 1184 2579 attendunt,
1208 2520 1427 2569 aeterna
1445 2512 1685 2584 praemia
1709 2526 1838 2584 pcr-

261 2608 416 2664 dant.

1935 1994 2036 2050 pro
2073 1978 2383 2035 testimonio
2441 1985 2535 2033 aut
2592 1974 2941 2033 conﬁciendis
2992 1974 3366 2029 instrumentis
3411 1987 3518 2027 non

1937 2078 2217 2141 rogentur,
2258 2068 2385 2138 quia
2402 2083 2497 2123 eos
2537 2068 2592 2122 in
2617 2066 2815 2123 talibus
2862 2066 3025 2121 rebus
3069 2078 3190 2120 esse
3239 2080 3344 2119 non
3393 2078 3524 2117 con-

1936 2160 2103 2216 venit.
2152 2158 2212 2215 Si
2239 2167 2419 2214 autem
2457 2173 2618 2213 causa
2655 2166 2881 2213 eventus
2908 2156 3111 2226 aliquid
3137 2154 3403 2210 audierint
3431 2161 3526 2207 aut

1938 2249 2190 2315 viderint,
2226 2248 2316 2303 ubi
2340 2247 2519 2303 nullae
2541 2246 2765 2302 idoneae
2793 2245 3063 2302 seculares
3092 2258 3352 2315 personae
3374 2243 3524 2298 inve-

1938 2342 2178 2406 niantur,
2195 2356 2262 2396 ne
2277 2340 2475 2395 veritas
2494 2338 2794 2394 occultetur
2804 2347 2859 2394 ct
2877 2338 3075 2394 malum
3090 2338 3142 2392 in
3159 2337 3355 2392 bonum
3370 2334 3530 2389 aesti-

1939 2437 2137 2494 metur,
2166 2429 2220 2484 in
2245 2428 2582 2498 providentia
2627 2429 2863 2498 episcopi
2890 2427 3092 2496 proprii
3127 2426 3215 2491 sit,
3246 2425 3319 2479 ita
3352 2431 3411 2479 ut
3435 2439 3527 2477 co-

1939 2535 2058 2575 ram
2090 2534 2150 2575 se
2181 2528 2274 2574 aut
2317 2518 2751 2590 competentibus
2778 2517 3049 2575 iudicibus
3075 2525 3168 2572 aut
3197 2516 3355 2572 aliter
3394 2513 3528 2570 veri-

1941 2616 2112 2665 tatem
2154 2607 2451 2665 honorilice
2493 2607 2707 2664 tollant.

1438 2741 1834 2801 VARIANTES
1870 2742 2160 2800 LECTION
2168 2742 2271 2798 ES.

342 2852 360 2883 ⁵
384 2851 726 2923 universique
754 2850 831 2906 Μ.
886 2836 1103 2923 '_'_c._et
1125 2866 1227 2923 pro
1248 2854 1498 2910 omniius
1523 2853 1737 2923 placitis
1768 2853 1826 2909 in
1848 2861 2188 2910 sacramento
2215 2853 2273 2909 h.
2313 2852 2376 2908 V.
2420 2852 2522 2909 γη.
2552 2853 2620 2908 E.

268 2922 335 2976 Α.
411 2922 433 2954 ⁸
459 2938 514 2977 ιι.
542 2930 597 2976 et
624 2919 877 2990 sponsam
913 2919 975 2976 V.
1015 2919 1145 2978 νηί
1189 2922 1212 2956 ⁸
1238 2924 1377 2979 deest
1403 2924 1459 2979 in
1485 2919 1775 2981 codicibus.

2722 2858 2743 2889 ³
2771 2857 2907 2937 dces!
2930 2856 2986 2911 in
3024 2857 3172 2911 Δηώ.
3268 2856 3288 2888 ὀ
3312 2856 3449 2911 deest
3480 2854 3536 2908 in

1789 3057 2023 3117 NOTAE.

344 3178 369 3206 ι
402 3165 563 3231 Μαι-η
591 3181 709 3237 cap.
747 3166 836 3223 92.

348 3256 376 3295 ι)
403 3254 562 3321 Muta,
586 3271 635 3311 c.
665 3256 758 3313 93.

348 3355 371 3383 ε
398 3344 614 3411 Μυτηο.
646 3345 738 3403 96.

2037 3169 2262 3244 {Magn
2287 3186 2337 3244 c_.
2363 3172 2452 3244 98.
2480 3172 2575 3227 Est
2606 3172 2716 3228 fere
2744 3182 3056 3243 excerptum
3090 3177 3314 3232 canonis
3337 3178 3423 3244 58,
3484 3180 3536 3233 in

1961 3240 2159 3314 Codice
2178 3241 2689 3314 Blankenburgensi.

2038 3322 2063 3357 0.
2091 3310 2226 3365 Mur.
2244 3350 2259 3375 ,
2284 3326 2333 3365 c.
2358 3312 2447 3366 99.

2041 3380 2062 3420 ί
2089 3379 2251 3446 Mur.,
2272 3380 2474 3436 c.l01.

356 3543 3523 3579 __._________________________________________

1278 3667 1579 3733 DIVISIO
1620 3671 1924 3736 lMPERli
1968 3676 2120 3755 (Au.
2143 3676 2289 3753 839,
2322 3677 2528 3758 ξηιλ).

1548 3813 2240 3843 -ι--ι-ιιη

357 3888 665 3972 Ῡοηῃξειῦῐη
685 3889 1216 3972 ὰίνίξίορὶθ-ἱωρθνίἰ
1246 3889 1577 3972 ειιιιιιάργίορ
1620 3892 1682 3972 ιε
1715 3894 2048 3972 Ἆῖοηηαιίᾳε,
2080 3915 2267 3972 mense
2313 3901 2636 3972 Junioanni
2675 3900 2779 3972 8.39
2820 3900 2961 3972 inter
3005 3900 3401 3972 Lolharinmuct
3442 3902 3545 3958 Ca-

288 3960 458 4039 roluni
478 3960 764 4039 lilios_suos
791 3961 1049 4039 ins_t_itut_:e
1072 3960 1324 4039 _servavit
1350 3962 1508 4018 nobis
1530 3963 1852 4022 Prudentius
1889 3967 1947 4022 in
1973 3960 2271 4026 Annalibus
2305 3988 2455 4027 mou.
2479 3970 2667 4035 Germ,
2703 3970 2802 4025 SS.
2837 3982 2878 4025 t.
2907 3971 2949 4036 l,
2979 3986 3032 4039 p.
3076 3970 3203 4037 454,
3240 3969 3365 4035 455,
3405 3974 3547 4028 unde

290 4031 594 4103 decerptam
619 4030 815 4086 iterum
857 4030 947 4086 hic
970 4030 1214 4086 sistimus
1237 4044 1287 4086 α.

750 4161 881 4203 PARS
916 4162 1127 4201 Αιτειυι
1161 4162 1399 4205 ιωιυιτι

360 4239 607 4308 Regnum
629 4236 816 4292 Italiae
837 4244 1154 4306 partemque
1189 4237 1547 4308 Burgundiae,
1566 4239 1622 4295 id
1646 4249 1730 4295 est
1756 4239 1870 4295 val-

292 4330 396 4386 lem
426 4330 813 4399 Augustanam,
841 4329 1156 4384 comitatum
1206 4329 1557 4386 Vallissorum
1583 4371 1598 4397 ,
1646 4332 1874 4388 comita-

295 4429 406 4476 tum
436 4418 779 4474 W'aldensem
807 4432 977 4488 usque
1012 4419 1081 4474 ad
1104 4434 1252 4474 mare
1280 4419 1546 4487 Rhodani,
1588 4436 1652 4476 ac
1683 4420 1874 4476 deinde

295 4508 609 4565 orientalem
636 4516 796 4578 atque
821 4508 1176 4578 aquilonalem
1202 4509 1445 4565 Rhodani
1470 4518 1679 4579 partem
1706 4525 1878 4580 usque

296 4601 362 4656 ad
374 4601 694 4656 comitatum
711 4600 1141 4673 Lugdunensem,
1160 4603 1474 4657 comitatum
1504 4602 1876 4674 Scudiogium,

297 4693 614 4748 comitatum
661 4691 1067 4760 Wirascorum,
1117 4694 1433 4749 comitatum
1487 4694 1879 4765 Portisiorum;

300 4783 618 4837 comitatum
682 4780 1116 4849 Suentisiorum,
1167 4786 1483 4840 comitatum
1534 4784 1872 4844 Calmonteno

300 4874 460 4942 tium,
503 4875 756 4931 ducatum
786 4875 1225 4943 Mosellicorum,
1268 4876 1584 4932 comitatum
1636 4877 1882 4932 Arduen-

302 4967 574 5031 uensium,
605 4966 920 5027 comitatum
946 4964 1318 5029 Condorusto,
1368 4966 1493 5020 inde
1533 4980 1631 5035 per
1658 4981 1876 5021 cursum

307 5055 483 5113 Mosae
513 5071 688 5125 usque
717 5056 773 5110 in
806 5071 977 5122 mare,
1005 5056 1258 5111 ducatum
1294 5055 1696 5122 Ribuariorum,
1729 5055 1883 5111 Wor-

1888 4152 1934 4216 C
1966 4152 2223 4223 ringubae
2251 4132 2373 4209 cum
2396 4153 2635 4209 marchis
2674 4152 2817 4216 suis,
2858 4167 3082 4221 regnum
3113 4150 3380 4208 Saxoniae
3424 4167 3548 4207 cum

1970 4243 2206 4297 marchis
2234 4242 2377 4317 suis,
2410 4242 2662 4298 ducatum
2692 4241 2909 4296 Fresiae
2948 4256 3117 4309 usque
3154 4241 3353 4301 Mosam
3384 4243 3525 4298 comi

1971 4338 2144 4386 talum
2173 4331 2506 4398 Hamarlant,
2529 4332 2841 4388 comitatum
2865 4331 3550 4409 Batavorum,.comitatum

1973 4423 2466 4490 Testrahcnticum,
2487 4421 2803 4481 Dorestado.

2438 4528 2569 4569 PARS
2603 4526 2815 4568 Αιτειιι
2850 4527 3083 4567 ΒΔΒυΙτι

2048 4605 2288 4661 Alteram
2310 4612 2518 4676 partem
2541 4604 2902 4675 Burgundiae,
2938 4603 2993 4658 id
3020 4610 3104 4659 est
3118 4604 3431 4660 comitatum
3456 4604 3557 4660 Gc-

1979 4709 2298 4761 navensem,
2357 4695 2670 4750 comitatum
2734 4693 3184 4765 Lugdunensem,
3239 4694 3553 4749 comitatum

1980 4782 2443 4861 Qavallonensem,
2472 4783 2788 4839 comitatum
2827 4783 3062 4850 Amans,
3089 4783 3402 4840 comitatum
3448 4782 3555 4836 Ila-

1981 4874 2297 4938 toariorum,
2324 4875 2638 4929 comitatum
2686 4875 3060 4945 Lingonicum,
3090 4874 3403 4929 comitatum
3428 4872 3557 4927 Tul-

1980 4964 2233 5031 lensium,
2267 4974 2323 5020 et
2344 4966 2423 5022 sic
2446 4982 2543 5036 per
2581 4967 2866 5023 decursum
2909 4966 3087 5021 Mosae
3113 4979 3283 5032 usque
3307 4964 3360 5016 in
3383 4977 3553 5027 mare,

1983 5065 2038 5114 et
2067 5058 2209 5114 inter
2233 5057 2432 5114 Mosam
2455 5073 2509 5114 et
2532 5058 2853 5128 Sequanam,
2894 5066 2947 5111 et
2975 5058 3114 5111 inter
3151 5054 3456 5123 Sequanam
3499 5062 3557 5107 et

310 5148 589 5214 mazl‘clda,
617 5147 1028 5219 Sperohgouwi,
1071 5149 1322 5204 ducatum
1372 5132 1678 5213 llclisatiae,
1726 5148 1887 5204 duca-
1987 5148 2220 5218 Ligerim
2254 5165 2379 5202 cum
2426 5149 2647 5203 marcha
2704 5146 3011 5201 Britannica
3036 5184 3051 5210 ,
3108 5142 3454 5213 Aquitaniam
3500 5149 3557 5197 et

315 5248 423 5296 tum
452 5242 806 5297 Alamanniae
828 5281 847 5307 ,
884 5242 1099 5296 Curiam
1120 5280 1137 5305 ,
1175 5240 1428 5295 ducatum
1483 5238 1891 5294 Austrasiorum
1987 5237 2332 5293 Wasconiam
2358 5254 2479 5293 cum
2505 5238 2738 5293 marchis
2758 5236 2824 5291 ad
2846 5251 2903 5291 se
2924 5234 3314 5305 pertinentibus
3332 5274 3348 5302 ,
3383 5232 3561 5305 Septi-

317 5348 434 5389 cum
458 5332 778 5390 Swalalelda
802 5342 857 5389 ct
878 5331 1151 5404 Nortgowi
1180 5341 1235 5388 et
1264 5331 1443 5396 licssi,
1486 5330 1741 5386 ducatum
1777 5330 1887 5385 To-
1989 5331 2226 5386 maniam
2246 5347 2369 5386 cum
2400 5330 2632 5387 marchis
2658 5330 2789 5395 suis,
2818 5337 2873 5383 ct
2894 5327 3255 5385 Provinciam.

1824 5468 2053 5525 NOT/E.

391 5593 415 5621 ι
443 5580 750 5654 Portionem
773 5581 978 5654 iCarolo
1020 5599 1162 5639 anno
1205 5585 1306 5640 837
1342 5583 1515 5652 Aquis
1555 5585 1881 5654 assignatam

328 5661 602 5709 recensent
645 5651 985 5721 Prudentius,
1028 5674 1082 5730 ιι.
1125 5655 1252 5719 451,
1300 5664 1354 5709 et
1383 5651 1694 5717 NHMI‘LIUS;
1728 5656 1819 5710 lib.
1853 5671 1890 5717 ι.

1990 5602 2106 5657 cap.
2131 5587 2351 5653 6,5101).
2375 5587 2557 5645 Germ.
2586 5585 2708 5654 SS.,
2732 5596 2770 5643 t.
2795 5587 2858 5655 ll,
2879 5603 2935 5657 p.
2971 5586 3080 5644 655
