4002 6146
243 166 344 222 673

809 157 1038 215 CODEX
1077 157 1604 220 DIPLOMATICUS.
1630 191 1704 204 κ-
1733 161 2194 219 CAPITULARIA
2239 161 2510 220 SPURIA.
2546 193 2618 204 —
2653 161 2756 218 Art.
2800 162 2928 224 790.
3409 164 3516 220 ϐῖὸ

241 278 489 336 sionibus
527 275 873 332 orientalium
905 277 1248 332 inimicorum
1296 277 1582 348 episcopus
1619 279 1694 334 nil
1734 279 1830 334 ba-
1859 287 1905 344 Α
1935 279 2231 334 secundum
2280 277 2424 350 leges
2465 280 2706 349 ipsorum
2754 279 3012 336 iudicium
3062 277 3290 335 facturis
3334 279 3530 335 volunt

241 375 366 430 beat
409 366 727 426 timendum.
761 367 1028 436 Episcopo
1062 375 1118 422 et
1143 367 1478 436 presbiteris,
1507 368 1600 437 qui
1635 367 1712 423 illi
1740 369 1833 423 de-

241 462 371 520 bent
398 473 520 515 esse
543 457 858 514 obedientes
875 496 890 522 ,
927 454 1171 512 Saxones
1203 471 1302 526 pro
1327 457 1703 522 sacramentis,
1729 471 1829 526 pro

242 553 541 625 sepultura,
591 565 696 622 pro
742 547 922 604 cilicio
962 549 1135 614 vario,
1166 549 1373 605 dabunt
1406 549 1561 604 nihil.
1616 549 1831 604 Dabunt

239 659 368 700 vero
401 640 648 698 ecclesiis
677 639 907 710 singulis
953 637 1192 708 singulos
1219 653 1455 705 mansos,
1495 637 1748 708 episcopo
1775 645 1832 693 et

243 732 562 806 presbiteris
601 731 840 786 decimas
883 737 939 785 et
973 745 1145 785 nonas
1185 743 1252 785 ex
1277 731 1423 786 omni
1449 738 1734 800 proventu,
1771 737 1832 785 ut

241 823 516 880 antistites
557 821 909 878 ecclesiarum
945 821 1070 876 inde
1098 822 1309 888 vivere,
1335 837 1602 892 pauperes
1651 823 1832 878 suble-

243 916 378 982 vari,
399 923 456 969 et
475 912 732 970 utensilia
774 911 1038 968 ecclesiae
1069 912 1333 983 cuiusque
1376 914 1679 984 comparari
1703 929 1828 984 pos—-

241 1009 377 1065 sint.

309 1100 689 1156 Promiseruut
713 1097 958 1152 Saxones
984 1104 1340 1162 sacramento,
1375 1099 1520 1168 quod
1559 1099 1700 1154 intra
1738 1115 1834 1154 an-

242 1205 376 1247 num
418 1205 542 1246 cum
585 1189 724 1252 suis,
779 1195 1046 1257 quotquot
1093 1191 1331 1244 nondum
1385 1198 1512 1244 sunt
1550 1190 1828 1260 baptizati,

1937 371 2188 426 scabinos
2233 385 2360 426 suos
2381 371 2694 442 adiungere,
2731 371 2874 440 quod
2894 370 3153 442 paganias
3183 385 3310 425 suas
3344 369 3530 426 volunt

1937 461 2231 527 dimittere,
2285 461 2430 531 quod
2472 461 2742 518 sacriﬁcia
2787 461 3066 516 hominum
3111 470 3167 515 et
3209 459 3527 524 bestiarum,

1935 555 2296 610 cremationes
2339 554 2621 610 hominum
2658 554 3020 617 mortuorum,
3061 552 3266 609 incerta
3302 550 3530 622 auguria

1933 653 1990 700 et
2051 647 2411 702 divinationes
2481 645 2676 701 inﬁdas
2737 645 3146 714 derelinquent,
3207 651 3264 698 et
3309 642 3532 712 regibus

1933 735 2268 792 Francorum
2325 751 2424 806 per
2467 737 2651 792 omnia
2705 737 3004 792 manebunt
3044 734 3260 799 tideles,
3309 743 3367 788 et
3403 742 3537 789 ante

1932 827 2200 884 Kalendas
2238 828 2365 884 Maii
2408 829 2549 885 dona
2595 820 2924 898 component
2961 836 3016 883 et
3049 835 3240 896 postea
3273 826 3430 884 nobis
3460 826 3534 882 ad

1934 928 2143 974 curtem
2179 929 2423 976 nostram
2448 920 2723 990 Eresburg
2768 921 3018 986 mittent,
3056 919 3200 989 quod
3233 934 3356 975 cum
3386 919 3532 973 iura-

1938 1017 2066 1064 runt
2100 1009 2285 1080 digitis
2323 1010 2378 1064 in
2420 1013 2629 1066 coelum
2675 1011 2922 1076 sublatis,
2970 1026 3070 1066 nos
3109 1009 3537 1066 misericorditer

1937 1111 1992 1156 et
2026 1101 2317 1172 propitiata
2360 1111 2543 1158 mente
2589 1103 2736 1173 ipsos
2777 1103 2834 1157 in
2879 1103 3322 1159 mundiburdium
3368 1118 3434 1158 ac
3475 1103 3530 1158 in

1939 1193 2228 1248 tuitionem
2256 1202 2499 1248 nostram
2529 1203 2945 1264 nostrorumque
2969 1209 3345 1250 successorum
3385 1209 3532 1249 rece-

242 1287 572 1358 baptismum
608 1283 926 1354 suscipient,
967 1282 1111 1353 quod
1145 1287 1271 1338 cum
1307 1282 1599 1337 comitibus
1634 1281 1838 1338 nostris
1939 1282 2138 1352 pimus.
2177 1281 2254 1337 ld.
2293 1281 2544 1354 Augusti.

254 1427 3254 1454 W—W

582 1519 874 1582 CAROLI
924 1519 1182 1580 MAGNI
1228 1517 1658 1580 DECRETUM
1705 1515 1805 1577 DE
1852 1515 2395 1578 EXPEDITIONE
2439 1517 2776 1578 ROMANA
2830 1516 2981 1596 (An.
3016 1519 3185 1582 7C0).

307 1700 532 1774 Fictilia
565 1699 684 1756 haec
711 1699 920 1774 charta,
946 1699 1154 1774 ultimis
1186 1700 1488 1774 duodecimi
1525 1701 1708 1774 saiculi
1743 1702 1902 1774 annis
1933 1700 2199 1765 confecta,
2227 1715 2293 1756 eo
2325 1700 2694 1774 celebritatem
2725 1701 3012 1774 quannlam
3053 1709 3220 1774 nacta
3246 1710 3349 1767 est,
3389 1704 3532 1774 quod

241 1775 348 1832 viri
383 1769 529 1827 docti
554 1769 858 1839 complures
889 1771 1181 1842 maximam
1219 1786 1398 1826 rerum
1435 1771 1489 1826 in
1515 1769 1803 1842 Germania
1837 1780 2058 1842 nostra,
2075 1787 2236 1841 quam
2275 1771 2486 1826 saeculis
2524 1788 2553 1825 κ
2581 1773 2663 1826 vel
2692 1769 2758 1826 xi
2787 1772 3082 1842 contigisse
3119 1772 3221 1826 sibi
3253 1769 3534 1842 persuase-

242 1851 389 1908 rant,
412 1841 890 1912 commutationem
925 1841 1050 1896 inde
1077 1841 1334 1912 explicari
1357 1855 1515 1910 posse
1534 1841 1740 1910 opinati
1770 1851 1916 1897 sunt.
1961 1841 2069 1896 Sed
2103 1857 2205 1896 nec
2240 1843 2596 1898 commutatio
2634 1843 2742 1909 illa,
2770 1860 2873 1912 qua
2920 1841 3213 1896 liberorum
3251 1841 3534 1902 hominum

242 1913 492 1969 ordinem
529 1911 584 1965 in
619 1925 806 1982 servos
839 1913 1118 1982 redactum
1158 1911 1324 1968 fuisse
1364 1913 1506 1982 apud
1534 1927 1594 1966 se
1628 1913 2044 1977 constituerant,
2081 1913 2261 1968 medio
2297 1927 2414 1967 :cvo
2451 1913 2668 1977 accidit,
2700 1911 2800 1968 nec
2845 1913 3231 1968 constitutione
3261 1923 3446 1970 nostra
3479 1918 3534 1970 in

242 1999 358 2040 rem
394 1989 588 2054 vocata
621 1980 878 2054 explicari
908 1989 1110 2054 posset,
1147 1997 1269 2037 cum
1305 1983 1360 2054 in
1397 1980 1464 2054 ea
1499 1983 1565 2037 de
1595 1982 1751 2054 bellis
1785 1992 1995 2054 tantum
2034 1983 2406 2054 transalpinis,
2445 1999 2553 2038 non
2583 1999 2712 2038 vero
2744 1985 2810 2054 de
2846 1983 3013 2038 totius
3046 1983 3122 2036 mi
3152 1983 3358 2040 bellica:
3383 2002 3534 2042 com-

244 2053 546 2128 mutatione
575 2066 755 2128 seruio
793 2051 883 2128 sit.
909 2051 1132 2128 Charta:
1163 2053 1504 2128 mendacium
1539 2061 1598 2128 et
1637 2051 1810 2108 forma
1850 2053 1969 2122 ejus
2003 2063 2058 2109 et
2089 2051 2315 2128 materia
2353 2062 2605 2124 arguunt.
2645 2053 3104 2128 tionﬁ‘ctauinesse
3136 2062 3306 2128 patet,
3345 2065 3406 2110 ut
3435 2073 3534 2128 pro

243 2122 638 2180 constitutione
683 2119 861 2175 Caroli
908 2121 1083 2191 Magni
1131 2123 1371 2190 veniret;
1407 2123 1586 2179 Caroli
1619 2137 1851 2188 nomen,
1879 2119 2078 2178 'annus
2110 2123 2233 2188 790,
2275 2119 2443 2192 regni
2480 2139 2738 2180 numerus
2775 2123 2866 2189 2'2,
2914 2119 3218 2178 Wormaiia
3269 2119 3452 2192 locus;
3481 2137 3538 2183 et

241 2209 396 2249 mora
442 2193 517 2248 ibi
552 2198 751 2265 tracta,
779 2191 1098 2265 scriptorem
1135 2203 1372 2264 arguunt
1408 2194 1650 2250 historia:
1681 2202 1738 2250 et
1762 2194 2035 2265 annalium
2067 2194 2188 2265 (Ex.
2220 2209 2302 2264 gr.
2331 2191 2672 2265 Mettensium
2711 2195 2778 2248 ad
2799 2211 2889 2250 an.
2921 2195 3046 2265 790)
3088 2194 3229 2265 haud
3261 2191 3530 2265 ignarum,

241 2265 442 2336 cuique
475 2263 693 2336 intimus
725 2271 868 2318 esset
889 2259 1149 2336 chartam
1175 2259 1251 2336 ad
1277 2279 1488 2336 annum
1509 2265 1674 2321 istum
1705 2263 2043 2336 referendam
2075 2259 2446 2336 "conscribere.
2474 2263 2662 2336 Quare
2693 2275 2746 2336 et
2773 2279 2976 2336 eorum
3001 2259 3182 2335 opinio
3220 2259 3313 2336 qui
3339 2259 3537 2324 Carolo

242 2332 440 2405 Magno
482 2332 737 2390 Crassum
760 2341 864 2405 _aut
891 2333 1284 2405 _Chuonradum
1320 2333 1366 2390 ll
1403 2335 1737 2405 substituere
1789 2335 1968 2390 conati
2011 2344 2156 2401 sunt,
2199 2334 2342 2403 nulla
2388 2337 2600 2391 ratione
2638 2334 2772 2390 fulta
2818 2332 3072 2392 facillime
3111 2332 3368 2393 concidit.
3413 2338 3536 2395 Jam

240 2403 374 2478 vero
401 2405 666 2478 chartam
689 2417 720 2457 a
745 2403 1167 2478 Ca_rolo‘1l_iagno
1205 2405 1425 2478 minime
1461 2404 1778 2478 profectam,
1815 2421 1937 2478 cum
1969 2405 2216 2478 formula;
2255 2405 2644 2478 invocationis,
2666 2407 2966 2478 dignitatis,
3003 2406 3329 2478 cancellarii,
3359 2425 3536 2466 annus

243 2491 264 2526 α
297 2475 370 2528 ab
401 2473 774 2548 incarnatione
799 2473 1033 2539 Domini,
1067 2473 1087 2526 ὀ
1135 2473 1708 2548 ῑιιιῐιμοτειιίοόιξπιίις
1741 2476 1923 2548 szeculi
1953 2492 2028 2531 xu
2065 2477 2418 2548 redolrns,iet
2447 2477 2686 2548 narratio
2727 2473 2754 2548 ἶ
2779 2478 3014 2547 qualiter
3057 2477 3184 2531 dum
3223 2493 3320 2548 pro
3347 2489 3535 2536 nostra

242 2543 656 2621 consecratione
675 2559 1007 2621 .corongnque
1033 2546 1384 2621 perceptione
1407 2547 1799 2621 proﬁciscendi
1824 2555 2034 2621 tempus
2057 2548 2123 2602 ad
2151 2547 2502 2621 apostolicam
2530 2547 2712 2621 sedem
2746 2543 3053 2621 instaret...
3078 2543 3306 2618 contigit
3339 2549 3541 2621 princi-

244 2630 500 2690 pe_s_cum
532 2613 803 2690 militibus,
829 2614 896 2669 de
919 2613 1166 2690 Romana
1188 2613 1529 2690 expeditione
1549 2633 1670 2687 quae
1697 2625 1826 2672 tunc
1856 2613 2088 2690 instabat
2113 2613 2314 2690 acerbe
2341 2618 2670 2673 contendere
2703 2636 2722 2670 ι
2753 2618 2970 2674 veritati
2997 2627 3181 2689 aperte
3209 2613 3533 2690 repugnans,

247 2663 655 2756 Evidentissime
694 2677 1088 2756 demonstrant.
1123 2663 1289 2756 Undg
1315 2663 1675 2750 chartazjion
1713 2703 1842 2743 casu
1883 2687 2066 2756 aliquo
2095 2689 2398 2756 depravatze
2434 2691 2820 2746 immutatmve.
2858 2690 2952 2743 sed
2987 2663 3055 2742 δι’»
3093 2663 3314 2745 auctdre
3343 2663 3536 2745 ῗςὶιιοὲἑ

247 2703 655 2740 evtuenussune
694 2703 1088 2740 uemonswant.
1127 2703 1276 2743 unae
1315 2703 1537 2750 cnartaz,
1567 2703 1675 2742 non
1713 2703 1842 2743 casu
1883 2703 2066 2756 anquo
2095 2703 2158 2743 ue
2201 2703 2398 2742 ravatze
2434 2703 2820 2746 immutatmve.
2858 2703 2952 2743 seu
2987 2703 3055 2742 an
3093 2703 3314 2745 auctore
3349 2703 3535 2745 taltere

247 2755 464 2830 Scienti;
494 2753 703 2830 eilictze,
732 2755 944 2830 _nullam
965 2755 1132 2830 plane
1158 2755 1316 2830 [idem
1347 2757 1688 2812 tribuendam
1719 2773 1838 2812 esse
1863 2756 2112 2830 edicitur.
2144 2703 2621 2830 (Foril‘ectaautem
2651 2774 2772 2830 esse
2803 2758 3036 2830 videtur,
3068 2773 3190 2814 cum
3226 2759 3535 2830 frequentes

245 2825 510 2881 Friderici
579 2825 944 2908 expeditiones
965 2824 1237 2908 Italicait
1257 2841 1357 2908 pro
1390 2843 1590 2882 corona
1614 2837 1810 2908 nostra.
1828 2827 1904 2908 vel
1941 2827 2120 2908 aliqua
2156 2828 2301 2908 regni
2329 2827 2557 2908 ιᾳὶιὶιαςε
2597 2839 2686 2908 aut
2713 2829 2918 2908 honore
2937 2824 3178 2908 {Romam}
3194 2824 3463 2908 cape-ditio
3479 2831 3534 2908 _n)

248 2911 504 2968 magnam
534 2892 664 2968 jam
683 2895 969 2968 Germanis
995 2892 1301 2968 molestiam
1333 2899 1660 2968 ingererent,
1699 2907 1756 2952 et
1782 2897 2014 2953 fortasse
2027 2892 2151 2953 'litis
2185 2892 2466 2964 cujusdam
2511 2898 2564 2952 in
2594 2895 2834 2953 favorem
2870 2898 3084 2968 abbatis
3108 2899 3446 2955 Chiemeusis
3477 2892 3530 2955 in

241 2965 492 3038 Bavaria
515 2965 830 3038 dirimenda:
868 2981 1054 3022 causa.
1087 2967 1223 3038 Nam
1255 2969 1309 3022 in
1347 2965 1673 3024 bibliotheca
1715 2968 2033 3024 monasterii
2071 2967 2408 3023 Chiemensis
2445 2968 2880 3038 antiquissimum
2920 2965 3044 3038 ejus
3071 2969 3346 3038 exemplar
3389 2971 3533 3025 circa

243 3052 446 3111 annum
476 3035 612 3111 1199
634 3038 1103 3111 exara!um_,_unde
1123 3037 1335 3111 reliqua
1364 3040 1546 3092 omnia
1576 3039 1815 3111 derivata
1846 3045 1990 3111 sunt,
2018 3039 2308 3111 reperitur.
2361 3039 2414 3111 1ἶ
2442 3035 2768 3111 _Asservatur
2793 3038 2922 3094 illud
2951 3035 3011 3111 in
3037 3035 3361 3094 bibliotheca
3387 3041 3534 3111 regia

243 3106 557 3180 Monacensi
597 3107 740 3180 inter
774 3107 1100 3180 cimcliatv,
1123 3108 1177 3174 5,
1205 3105 1495 3180 signatum,
1515 3117 1694 3180 atque
1728 3108 1911 3166 Codici
1941 3105 2124 3164 seculi
2161 3124 2238 3180 xu
2269 3123 2300 3180 a
2330 3109 2498 3180 nobis,
2505 3108 2618 3175 jam
2643 3105 2877 3180 laudato,
2911 3107 3104 3180 eadem
3131 3125 3294 3164 manu
3321 3105 3536 3165 charta-

240 3193 360 3232 rum
401 3177 600 3232 ductus
641 3177 887 3232 imitante
923 3177 1195 3246 adjectum
1235 3177 1339 3244 est,
1384 3180 1473 3235 cui
1499 3177 1752 3234 Codicem
1792 3180 2144 3234 traditionem
2193 3179 2596 3234 Chiemensium
2643 3179 2700 3232 in
2739 3195 2939 3234 annum
2977 3177 3116 3234 1190
3151 3190 3533 3236 excurrentetn

242 3248 427 3320 deberi
467 3247 810 3320 Monumenta
845 3247 1026 3320 Boica,
1068 3259 1108 3303 t.
1133 3249 1196 3320 ll,
1232 3263 1286 3318 p.
1313 3249 1439 3320 575,
1468 3257 1759 3320 testantur.
1785 3249 2000 3320 Codicis
2031 3247 2149 3318 ejus
2183 3251 2289 3304 duo
2332 3249 2640 3320 apographa
2676 3251 3025 3320 exstiterunt.
3083 3249 3138 3303 2.
3171 3249 3304 3320 Cod.
3343 3251 3537 3308 biblio-

241 3319 414 3374 theca:
451 3319 616 3388 regiae
637 3317 975 3392 Monacensis
1009 3319 1188 3392 cimel.
1208 3317 1302 3392 jv,
1328 3319 1448 3392 5-6,
1481 3319 1612 3392 olim
1647 3319 1882 3392 civitatis
1907 3317 2238 3392 Augustarum
2273 3317 2418 3392 nibr.
2441 3317 2592 3375 'sze'c.
2624 3335 2739 3392 xii,
2758 3319 2916 3392 in-ii",
2946 3319 3393 3392 illarcoweisero
3424 3325 3538 3392 pri-

240 3404 389 3461 mum
424 3387 605 3461 notus,
643 3390 785 3461 unde
819 3389 1083 3461 editiones
1109 3387 1176 3461 A)
1205 3389 1636 3461 Rittershusiana
1677 3405 1765 3445 an.
1792 3391 1950 3456 l598,
1979 3387 2136 3454 iit-4",
2165 3389 2493 3461 Freheriana
2533 3406 2622 3461 an,
2647 3389 2806 3454 1599,
2831 3389 2990 3461 Joan.
3029 3390 3196 3445 Wilb.
3227 3387 3536 3448 llotftiiaittii

239 3457 535 3531 delineatio
573 3458 892 3531 haud!satis
926 3460 1052 3525 tida,
1087 3457 1200 3514 tum
1223 3459 1488 3516 Gebaueri
1522 3461 1690 3516 editio
1728 3462 2026 3531 desumpta:
2059 3471 2207 3516 sunt.
2263 3462 2316 3516 '5.
2351 3460 2530 3517 Codex
2569 3459 2706 3516 alter
2743 3476 2774 3515 e
2811 3460 3119 3518 Chiemcnsi
3152 3474 3294 3531 anno
3327 3462 3464 3516 1476
3503 3479 3534 3518 a

241 3528 581 3605 i’rtrOUSajn
619 3531 685 3584 de
712 3529 961 3605 Erisiuga
977 3532 1372 3605 _transcriptus,
1408 3532 1749 3605 chartaeeus,
1789 3548 1835 3605 a_
1857 3528 2264 3605 Sénkgnbergio
2305 3531 2368 3605 in
2398 3531 2728 3605 editionibus
2766 3531 2885 3605 suis
2910 3531 3018 3605 SI.)
3053 3530 3372 3605 in_Ct_)rpore
3391 3531 3536 3601 juris

239 3599 477 3656 feudalis
489 3599 795 3674 Germanici
822 3599 913 3674 _ani
943 3600 1080 3656 1740
1099 3612 1154 3655 et
1177 3599 1334 3674 1772,
1362 3611 1524 3674 atque
1547 3601 1962 3674 Sll.)iiniNietter
1984 3599 2309 3674 semini-uni
2333 3601 2915 3674 dcrﬂeiclisabgcltiede
2951 3599 3041 3660 an.
3071 3601 3210 3656 l747
3242 3599 3534 3674 adhibitus

237 3679 345 3736 est,
380 3687 504 3742 cum
530 3669 866 3742 Cliiemenxis
900 3671 1016 3740 ipse
1043 3672 1255 3726 nonnisi
1291 3674 1343 3726 iu
1366 3669 1726 3728 Monumentis
1748 3673 1944 3736 Boieis,
1975 3679 2014 3724 t.
2045 3672 2106 3738 ll,
2131 3687 2185 3742 p.
2213 3669 2338 3736 572,
2360 3672 2597 3742 indeque
2625 3672 2681 3726 in
2706 3671 2960 3728 Fischers
2983 3674 3270 3728 Litteratur
3292 3674 3383 3728 des
3406 3673 3536 3729 Ger-

238 3741 546 3814 munischen
586 3739 833 3814 Rectus,
875 3739 1390 3814 satisiuegligenter
1432 3757 1722 3814 expressus
1771 3743 1862 3798 sit.
1902 3742 2056 3814 Hanc
2084 3739 2276 3814 textus
2317 3739 2604 3814 historiam
2649 3743 3055 3814 operisinostri
3105 3743 3535 3814 ferventissimus

238 3809 461 3885 adjutor
482 3811 661 3885 vir‘cl.
695 3811 973 3885 Eteringer
999 3809 1289 3869 Codicibus
1321 3809 1589 3885 librisque
1615 3813 1759 3885 typis
1783 3813 2056 3882 expressis
2082 3812 2226 3885 inter
2259 3825 2319 3866 se
2343 3812 2570 3885 collatis
2589 3809 2913 3885 enucleavit,
2954 3815 3216 3882 nobisque
3241 3812 3534 3885 ﬂagitanti-

239 3880 344 3936 bus
368 3896 477 3956 non
512 3881 682 3936 solum
706 3880 960 3936 Codiefm
1001 3891 1288 3956 utrumque
1316 3880 1697 3956 Monacenseiri
1727 3880 1978 3956 manibus
2009 3884 2299 3956 terendum
2327 3882 2635 3956 commisit,
2672 3884 2766 3956 sed
2788 3893 2862 3956 _et
2891 3880 3152 3956 lectiones
3183 3880 3371 3956 eorum
3418 3883 3535 3956 dili-

239 3951 555 4033 gentissime
594 3960 844 4007 eaotatas
899 3950 1226 4024 transmisit,
1259 3969 1488 4024 quarum
1527 3953 1794 4010 beneﬁcio
1831 3953 2125 4009 editionem
2170 3953 2240 4007 ad
2269 3950 2430 4006 fidem
2453 3951 2670 4008 Codieis
2705 3951 3043 4008 Chiemensis
3081 3952 3384 4007 institutam
3417 3951 3532 4021 jam

239 4035 612 4091 proponimus.

315 4132 376 4186 in
417 4133 433 4164 ¹
462 4133 681 4188 nomine
710 4141 929 4189 sanctae
962 4144 1018 4189 et
1045 4132 1354 4190 individuae
1396 4133 1682 4189 Trinitatis
1725 4132 1832 4189 Ka-
1861 4137 1912 4200 Β
1938 4133 2182 4189 Romana
2207 4132 2548 4203 expeditione
2585 4146 2724 4202 quae
2752 4141 2880 4187 tunc
2911 4131 3146 4188 instabat
3175 4133 3371 4189 acerbe
3397 4148 3533 4188 con-

239 4225 394 4281 rolus
419 4225 597 4282 divina
615 4225 828 4285 favente
853 4227 1026 4296 gratia
1063 4241 1161 4283 rex
1189 4225 1522 4283 Francorum
1548 4235 1604 4282 et
1631 4225 1828 4282 Roma-

241 4331 461 4370 norum.
493 4316 550 4371 Si
597 4317 1076 4387 praedecessorum
1130 4326 1441 4372 nostrorum
1489 4331 1698 4372 morem
1745 4331 1830 4372 se-

239 4409 478 4478 quimur,
508 4423 616 4464 non
661 4408 834 4465 solum
881 4409 1260 4478 praesentibus
1313 4409 1410 4464 sed
1447 4417 1502 4464 et
1541 4407 1831 4464 succeden-

241 4502 393 4557 tibus
411 4501 699 4558 subvenire
742 4501 985 4556 nitimur.
1017 4501 1132 4558 Hac
1157 4502 1224 4558 de
1257 4517 1420 4558 causa
1456 4501 1832 4557 universorum

142 4625 153 4636 -
235 4601 532 4662 cognoscat
551 4593 903 4663 experientia,
927 4592 1159 4662 qualiter
1184 4593 1310 4648 dum
1351 4607 1451 4662 pro
1478 4599 1664 4647 nostra
1707 4605 1834 4646 con-

235 4685 546 4742 secratione
573 4699 913 4756 coronaeque
936 4685 1282 4754 perceptione
1302 4682 1680 4754 proﬁciscendi
1699 4691 1833 4737 tem-

240 4791 348 4848 pus
377 4780 440 4834 ad
465 4779 816 4849 apostolicam
842 4778 1023 4834 sedem
1050 4777 1299 4841 instaret,
1347 4791 1468 4832 cum
1501 4791 1661 4844 quam
1690 4773 1830 4828 mul-

242 4868 318 4925 tis
369 4871 701 4941 principibus
753 4884 952 4931 anuum
995 4867 1324 4924 Wormatiae
1379 4868 1400 4898 ¹
1447 4865 1829 4936 transegimus,

240 4959 430 5028 ibique
461 4977 677 5017 omnem
732 4961 1060 5032 reipublicae
1123 4967 1325 5016 statum
1386 4958 1572 5014 utilem
1624 4965 1679 5012 et
1733 4955 1833 5011 ho-

241 5057 462 5104 nestum
501 5049 846 5117 confirmare,
893 5049 1145 5106 nocivum
1175 5057 1339 5118 atque
1367 5047 1699 5104 contrarium
1741 5061 1832 5102 ra-

240 5140 446 5196 dicitus
493 5142 798 5212 exstirpare
838 5140 1196 5196 decrevimus.
1246 5139 1468 5194 interim
1512 5140 1639 5194 dum
1696 5139 1832 5195 haec

240 5241 552 5301 agerentur,
579 5249 711 5300 casu
759 5233 984 5304 contigit
1023 5231 1298 5302 principes
1321 5245 1443 5288 cum
1481 5230 1742 5286 militibus
1763 5230 1831 5286 de

1935 4226 2174 4290 tendere,
2199 4225 2632 4295 constringentes
2654 4238 2750 4278 eos
2781 4223 2952 4280 multo
2995 4223 3180 4295 plures
3219 4223 3534 4294 balspergas

1933 4315 2003 4372 de
2035 4315 2315 4373 beneficiis
2343 4316 2457 4371 suis
2505 4315 2609 4371 sibi
2637 4315 2858 4381 dueere,
2903 4330 3065 4386 quam
3095 4316 3174 4370 illi
3221 4314 3528 4370 faterentur

1934 4425 1994 4466 se
2019 4423 2180 4480 posse
2205 4407 2292 4464 vel
2319 4397 2438 4463 iure
2464 4405 2682 4463 debere.
2713 4405 2820 4462 Sed
2861 4407 3118 4478 quoniam
3154 4407 3176 4440 ³
3203 4407 3307 4464 hoc
3331 4423 3438 4464 non
3460 4409 3532 4464 ab

1937 4500 2118 4571 aliquo
2167 4507 2572 4554 antecessorum
2636 4506 2948 4554 nostrorum
3015 4497 3363 4553 terminatum
3421 4497 3532 4553 fue-

1936 4591 2010 4646 rit
2060 4593 2102 4658 δ,
2143 4591 2367 4662 dignum
2421 4589 2674 4646 duximus
2713 4591 2754 4654 ³,
2821 4597 2883 4644 ιιι
2946 4604 3135 4644 eorum
3185 4589 3528 4648 altereationi

1938 4681 2101 4738 ﬁnem
2135 4690 2190 4738 et
2213 4683 2432 4738 modum
2463 4681 2484 4712 °
2526 4681 2929 4751 inponeremus,
2959 4690 3122 4751 atque
3146 4681 3422 4739 decretum
3474 4689 3530 4737 et

1937 4783 2142 4828 certam
2167 4773 2404 4842 aliquam
2435 4773 2608 4843 legem
2657 4785 2820 4842 super
2851 4772 2998 4828 omni
3031 4771 3273 4828 Romana
3309 4771 3526 4841 expedi-

1936 4863 2087 4919 tione
2110 4863 2550 4919 concederemus.
2581 4861 2884 4918 Statuimus
2931 4878 3062 4934 ergo
3089 4871 3146 4918 et
3189 4862 3528 4919 decrevimus

1936 4971 2062 5012 cum
2113 4969 2380 5012 consensu
2429 4963 2539 5009 tam
2589 4953 2950 5024 spiritualium
2993 4969 3156 5024 quam
3198 4951 3524 5008 secularium

1935 5045 2240 5116 principum
2264 5045 2464 5100 ibidem
2492 5045 2773 5101 nobiscum
2795 5043 3170 5108 assidentium,
3195 5041 3408 5112 quando
3427 5056 3526 5111 pro

1936 5153 2136 5195 corona
2164 5145 2350 5193 nostra
2387 5137 2471 5192 vel
2514 5137 2692 5207 aliqua
2723 5136 2874 5207 regni
2903 5135 3138 5190 utilitate
3185 5143 3278 5189 aut
3321 5133 3526 5190 honore

1937 5230 2179 5284 Romana
2195 5225 2466 5298 expeditio
2499 5241 2530 5282 a
2554 5227 2710 5282 nobis
2733 5225 2866 5280 vela
2894 5219 3300 5282 successoribus
3321 5224 3524 5280 nostris

1483 5341 1873 5399 VABIANTES
1911 5339 2314 5397 LECTIONES.

326 5479 342 5510 ¹
371 5478 542 5534 Codici
560 5479 616 5534 2.
657 5495 816 5534 manu
842 5495 944 5533 sec.
972 5477 1016 5531 Χ
1034 5476 1132 5543 Vl,
1177 5494 1268 5533 nec
1293 5487 1466 5532 tamen
1496 5475 1742 5540 Welseri,
1773 5473 1954 5529 titulus
1989 5472 2270 5543 inscriptus
2305 5480 2378 5524 est
2403 5487 2421 5524 :
2450 5471 2526 5525 De
2553 5457 2894 5543 expeditione
2919 5471 3182 5543 Romana.
3211 5467 3518 5543 _Fazriager.

245 5551 274 5620 ’ί
304 5551 620 5605 vvormaciae
645 5551 696 5603 2.
819 5551 839 5581 ³
861 5549 971 5620 Tui}
991 5550 1044 5602 2.
1077 5548 1292 5618 quando
1317 5549 1442 5604 editi
1467 5549 1587 5603 inde
1607 5547 1820 5620 pra/lui.

247 5619 342 5674 ιι.
417 5622 434 5651 ε
461 5621 622 5676 finem
653 5619 992 5677 commodum
1017 5621 1082 5674 Α.

1950 5544 1972 5576 ⁸
1993 5546 2066 5597 ita
2092 5541 2221 5596 L9"
2247 5541 2423 5596 fuerat
2447 5543 2513 5596 Α.
2619 5541 2640 5573 ⁸
2664 5541 2912 5599 duximus
2937 5541 3159 5612 dignum
3201 5541 3255 5596 2.
3283 5543 3348 5596 Α.
3372 5542 3434 5604 S.
3466 5542 3518 5598 1.
