4002 6146
550 261 662 318 675

1486 257 1549 312 Β.
1592 254 1839 313 CAIIOLI
1874 252 2087 310 MAGNI
2122 251 2271 311 Oi’l‘.
2309 251 2490 309 PARS
2522 253 2566 308 I.
2606 250 2798 308 SECT.
2834 249 2878 306 I.

3713 250 3822 308 ὅτε

551 382 929 448 praeparetur,
965 373 1032 428 ad
1057 370 1294 427 omnium
1336 370 1617 426 nobiscum
1643 371 1884 426 euntium
1908 383 2134 439 praepa-
2161 374 2210 430 Α
2236 367 2293 423 in
2315 366 2651 421 dominorum
2693 363 2898 420 tamdiu
2924 361 3106 418 vivant
3129 360 3532 432 procuratione,
3563 367 3820 432 quamam

553 469 824 524 rationem
849 479 1022 520 annus
1049 480 1173 519 cum
1217 478 1312 518 sex
1359 463 1743 518 ebdomadibus
1769 478 1870 532 pro
1909 461 2141 518 induciis

553 561 738 621 detur,
768 563 825 611 et
849 555 1028 609 taliter
1051 569 1149 624 per
1173 561 1346 608 totum
1376 553 1393 583 ί
1421 567 1644 623 regnum
1669 550 1916 606 ﬁdelibus
1937 549 2141 606 nostris

551 647 848 702 indicetur.
879 643 1213 711 Cuicumque
1245 651 1426 696 autem
1453 641 1746 697 secundum
1799 639 1940 695 hanc
1967 638 2140 709 legem

550 739 746 792 eadem
777 733 1047 804 expeditio
1065 733 1380 804 imperetur,
1417 734 1463 788 si
1488 733 1558 788 ad
1594 732 1801 787 curiam
1843 730 2138 797 Gallorum,

551 829 663 883 hoc
685 836 771 882 est
791 828 847 881 in
875 841 1124 896 campum
1149 827 1242 894 qui
1260 825 1417 896 vulgo
1441 825 1699 895 Iiungalle
1721 823 1934 888 dicitur,
1977 823 2144 880 domi-

557 933 688 971 num
715 933 874 972 suum
905 931 1014 970 non
1041 916 1348 978 comitetur,
1379 924 1434 970 et
1465 915 1542 970 ibi
1571 929 1696 970 cum
1739 914 1958 968 militari
1983 927 2143 984 appa-

553 1016 682 1061 ratu
707 1021 814 1060 non
849 1013 1300 1075 repraesentetur,
1332 1003 1493 1059 I‘eodo
1539 1011 1722 1074 preter
1767 1004 1868 1058 hos
1891 1003 1984 1072 qui
2017 1018 2141 1059 cum

559 1097 733 1166 gratia
751 1095 1093 1152 dominorum
1121 1109 1344 1149 suorum
1371 1093 1748 1158 remanserint,
1772 1093 1826 1147 in
1849 1103 2141 1162 conspectu

551 1197 748 1243 nostro
768 1188 972 1256 absque
996 1200 1092 1256 spe
1119 1185 1541 1254 recuperationis
1566 1185 1824 1255 privetur.
1839 1183 1940 1251 Qui
1961 1193 2142 1240 autem

549 1294 655 1350 per
675 1279 974 1334 hominium
1004 1279 1046 1342 ¹,
1074 1277 1189 1333 sive
1215 1277 1374 1332 liberi
1401 1278 1516 1334 sive
1540 1277 1743 1340 famuli,
1773 1278 2004 1334 dominis
2031 1278 2144 1335 suis

549 1367 920 1432 .adhacserint,
971 1376 1102 1438 quot
1130 1368 1316 1423 decem
1356 1382 1574 1422 mansos
1601 1369 1656 1422 in
1682 1367 1944 1424 beneﬁcio
1970 1367 2146 1438 possi-

548 1459 742 1524 deant,
783 1463 866 1512 tot
903 1455 1128 1512 brunias
1153 1471 1274 1510 cum
1305 1455 1512 1511 duobus
1549 1456 1804 1511 scutariis
1847 1455 1869 1488 ³
1911 1456 2138 1524 ducant;

559 1547 632 1600 ita
662 1553 843 1600 tamen
872 1553 931 1598 ut
953 1558 1052 1614 pro
1079 1542 1361 1613 halsperga
1387 1551 1498 1598 tres
1519 1559 1732 1598 marcas
1755 1552 1811 1598 ct
1832 1559 1932 1616 pro
1953 1545 2142 1616 singu-

558 1633 627 1688 lis
649 1633 902 1688 scutariis
931 1631 1172 1704 singulas
1204 1647 1417 1688 marcas
1456 1633 1753 1703 accipiant;
1787 1643 1842 1689 et
1866 1635 1947 1691 sic
1965 1637 2142 1692 eundo

556 1739 623 1779 ac
646 1723 920 1779 redeundo
960 1738 1084 1778 cum
1119 1723 1224 1779 hoc
1269 1724 1536 1794 stipendio
1566 1724 1588 1756 ⁸
1621 1725 1741 1781 sine
1779 1727 1928 1782 omni
1973 1727 2144 1783 domi-
2175 1711 2218 1770 Β

554 1830 750 1870 norum
777 1815 1011 1884 dampno
1034 1814 1114 1868 vel
1141 1830 1374 1884 expensa
1398 1815 1503 1870 nisi
1521 1815 1544 1846 ⁵
1571 1823 1832 1885 quantum
1858 1817 1990 1886 ipsis
2013 1817 2034 1848 ‘
2049 1817 2146 1876 do-

553 1905 722 1961 minis
767 1905 1036 1975 placuerit
1086 1905 1318 1960 ﬁdeliter
1351 1905 1609 1960 serviant.
1663 1906 1718 1961 Si
1757 1915 1938 1962 autem
1983 1907 2143 1976 forte,

546 1997 700 2068 quod
723 1998 886 2063 absit,
911 1998 1142 2063 accidat,
1171 2006 1231 2051 ut
1261 1999 1402 2052 idem
1446 1998 1647 2054 milites
1689 2000 1932 2055 diversos
1975 2001 2146 2056 domi-

556 2103 658 2142 nos
678 2095 901 2157 propter
945 2088 1158 2142 diversa
1197 2087 1456 2143 beneﬁcia
1500 2089 1800 2158 acquirant,
1833 2104 1902 2144 ne
1928 2090 2146 2160 aliquod

558 2179 880 2235 beneﬁcium
901 2178 1201 2234 iudebitum
1226 2179 1310 2234 vel
1331 2179 1450 2235 sine
1471 2179 1690 2236 servitio
1713 2189 2010 2250 remaneat,
2035 2182 2147 2238 sin-

556 2273 668 2344 guli
693 2274 902 2344 singula
929 2273 1110 2329 debita
1131 2273 1358 2342 singulis
1386 2273 1622 2330 dominis
1645 2274 1972 2346 persolvant,
1997 2275 2146 2332 vide-

557 2363 683 2418 licet
702 2373 960 2433 quantum
974 2365 1042 2419 ab
1066 2363 1198 2434 ipsis
1213 2364 1259 2419 si
1287 2365 1426 2420 irent
1446 2366 1718 2436 accepturi
1741 2375 1914 2432 erant,
1932 2375 2142 2422 tantum

557 2466 617 2508 se
656 2454 879 2510 daturos
911 2463 1260 2526 cognoscant,
1287 2455 1371 2510 vel
1413 2455 1468 2510 in
1509 2455 1752 2526 praefato
1778 2457 1916 2522 loco,
1953 2469 2014 2513 ut
2065 2457 2147 2514 di-

557 2553 706 2599 ctum
731 2552 832 2610 est,
862 2543 1070 2600 feodum
1093 2545 1421 2612 amittant";
1451 2547 1556 2602 nisi
1581 2547 1745 2618 aliqui
1769 2565 1798 2603 a
1821 2549 1980 2605 nobis
2009 2549 2031 2582 ⁸
2059 2548 2146 2605 vel

556 2651 588 2689 a
619 2649 786 2706 regno
833 2636 945 2690 sint
994 2635 1376 2702 inbeneﬁciati,
1405 2637 1462 2692 bi
1510 2638 1558 2692 si
1600 2639 1878 2694 nobiscum
1927 2639 2142 2704 vadant,

557 2725 810 2781 nolumus
829 2735 892 2781 ut
939 2725 1154 2782 l‘codum
1185 2727 1456 2793 amittant,
1499 2735 1582 2784 set
1610 2729 1876 2800 stipendia
1905 2728 2006 2784 nisi
2053 2744 2143 2785 vo-

557 2821 766 2876 luntate
792 2821 1132 2876 dominorum
1159 2837 1266 2876 non
1291 2820 1746 2894 praetermittam.
1791 2819 2054 2874 Similiter
2079 2819 2146 2875 de

555 2913 916 2968 ecclesiarum
947 2913 1074 2970 ﬁliis
1099 2913 1184 2968 vel
1231 2912 1564 2977 domesticis,
1592 2911 1646 2966 id
1671 2917 1756 2966 est
1781 2910 2147 2966 ministeriali-

557 3003 682 3068 bus,
710 3002 792 3058 vel
817 3019 1264 3074 quorumcunque
1289 3003 1590 3074 principum
1633 3002 1882 3058 clientela
1908 3003 2001 3072 qui
2029 3009 2146 3059 cot-

558 3093 692 3148 tidie
733 3092 803 3148 ad
843 3093 1185 3149 serviendum
1231 3094 1406 3164 parati
1433 3108 1556 3149 esse
1583 3093 1797 3159 debent,
1837 3093 2141 3159 statuimus,

559 3191 622 3238 ut
657 3182 965 3253 quicunque
991 3182 1026 3237 5
1049 3198 1268 3238 mansos
1311 3183 1365 3238 in
1395 3181 1656 3238 beneﬁcio
1679 3183 2016 3252 possideant,
2047 3183 2146 3238 do-

568 3273 718 3328 mino
745 3289 843 3329 suo
868 3273 938 3329 ad
960 3288 1120 3343 quem
1151 3274 1425 3344 pertinent
1453 3273 1698 3329 bruniam
1721 3289 1844 3328 cum
1888 3289 1995 3330 uno
2021 3288 2146 3330 scu-

562 3362 704 3418 tario
731 3361 951 3418 ducant.
978 3364 1044 3418 Et
1065 3363 1168 3419 hoc
1191 3363 1246 3417 in
1272 3363 1497 3419 arbitrio
1531 3362 1868 3417 dominorum
1894 3363 2144 3432 pzndcat,

563 3469 701 3523 quos
727 3453 948 3517 ducant,
975 3468 1006 3507 a
1044 3455 1241 3523 quibus
1285 3453 1551 3522 stipendia
1589 3453 1896 3524 accipiant,
1949 3453 2145 3522 quibus

561 3543 728 3597 etiam
759 3543 1068 3614 balspcrgas
1096 3543 1414 3598 concedant.
1459 3543 1596 3612 Ipsis
1617 3527 1798 3598 etiam.
1825 3543 1893 3598 ad
1938 3543 2147 3599 itineris

561 3633 1032 3703 praeparationem
1052 3633 1088 3687 5
1119 3632 1141 3663 ’
1177 3633 1347 3687 librae
1387 3649 1516 3688 suae
1543 3643 1790 3690 monetae
1841 3633 1896 3688 in
1943 3635 2148 3704 stipen-

565 3723 714 3776 dium
765 3723 1094 3788 tribuantur,
1141 3731 1197 3778 et
1215 3721 1321 3778 duo
1362 3723 1506 3792 equi,
1559 3739 1698 3779 unus
1752 3739 1979 3780 currens
2011 3723 2149 3778 alter

562 3811 870 3876 ambulans,
924 3811 1212 3878 addantur,
1263 3827 1330 3868 ac
1375 3813 1586 3868 duobus
1630 3813 1794 3869 sociis
1845 3815 2150 3870 soumarius

567 3905 841 3962 victilibus
861 3907 999 3961 bene
1021 3915 1278 3961 oneratus
1301 3906 1688 3974 committatur,
1709 3907 1799 3977 qui
1831 3907 1898 3963 ad
1925 3907 2055 3978 ipsis
2081 3907 2150 3963 ad

565 4013 704 4067 opus
729 3999 1072 4054 dominorum
1099 3999 1386 4072 diligenter
1407 4001 1767 4056 custodiatur.
1803 4001 1908 4072 Ipsi
1938 4016 2150 4073 quoque

2237 455 2293 510 in
2321 455 2533 524 incepta
2557 455 2600 486 ¹⁰
2625 455 2819 508 vadant
2841 452 3214 522 expeditione;
3237 459 3294 506 et
3318 452 3576 522 quicquid
3594 467 3627 507 a
3655 455 3824 510 rebel-

2238 545 2378 602 libus
2397 545 2576 616 regnis
2600 545 2639 577 ¹¹
2663 544 2948 616 pugnando
2986 542 3357 612 acquisierint,
3381 554 3568 614 partes
3593 546 3728 600 duas
3757 547 3826 610 ad

2239 637 2487 693 dominos
2517 634 2776 702 deferant,
2811 635 3028 692 tertiam
3069 633 3174 691 sibi
3215 648 3316 704 pro
3339 637 3709 694 consolatione
3739 653 3827 694 re-

2237 729 2466 782 tineant.
2493 726 2639 794 Quos
2683 734 2863 782 autem
2891 741 3000 782 non
3026 733 3258 795 pascunt
3305 726 3534 794 domini,
3575 729 3647 784 ad
3676 731 3831 801 ipsos

2238 826 2515 889 reportent
2540 817 2752 873 tertiam
2773 827 2983 887 partem
3011 817 3097 872 sui
3143 817 3418 886 acquisiti.
3457 817 3667 889 Singuli
3693 837 3830 878 vero

2237 910 2508 980 principes
2533 925 2660 965 suos
2694 909 2930 965 habeant
2957 907 3289 965 oliicinarios
3327 911 3612 980 speciales,
3644 930 3827 970 mars-

2237 1003 2484 1068 calcum,
2534 1001 2873 1072 dapil'erum,
2937 1001 3253 1070 pincernam
3311 1011 3368 1057 et
3413 1003 3828 1072 kamerariuni;

2240 1095 2330 1163 qui
2354 1095 2388 1148 Δ
2409 1101 2610 1164 quanto
2635 1093 2758 1162 plus
2780 1099 2907 1148 sunt
2946 1093 3263 1158 laboraturi,
3295 1101 3448 1151 tanto
3483 1094 3604 1166 plus
3631 1097 3688 1152 in
3737 1099 3828 1156 sti-

2239 1184 2455 1254 pendio,
2484 1183 2538 1237 in
2559 1183 2777 1248 vestitu,
2805 1183 2864 1238 in
2907 1181 3157 1251 equitura
3185 1197 3316 1252 prae
3339 1185 3539 1239 ceteris
3557 1195 3689 1240 sunt
3721 1187 3830 1242 ho-

2241 1275 2497 1341 norandi;
2533 1275 2740 1331 scilicet
2764 1273 3053 1344 unicuique
3082 1273 3126 1306 “
3159 1274 3388 1330 istorum
3413 1275 3481 1330 ω
3499 1275 3672 1332 librae
3698 1293 3832 1333 tum

2201 1371 2206 1378 '
2243 1367 2416 1421 tribus
2432 1364 2586 1435 equis
2609 1364 2946 1430 tribuantur;
2985 1369 3211 1432 quartus
3237 1365 3536 1422 marsca'co
3573 1367 3830 1434 addatur,

2242 1471 2474 1527 quorum
2501 1471 2671 1510 unum
2697 1455 2765 1510 ad
2807 1453 3285 1524 praeeurrendum,
3337 1455 3566 1512 alterum
3605 1459 3674 1514 ad
3724 1475 3834 1530 pu-

2210 1548 2532 1615 gnandum,
2564 1545 2782 1600 tertium
2808 1545 2876 1600 ad
2901 1545 3260 1614 spatiandum,
3293 1554 3545 1616 quartum
3585 1549 3656 1603 ad
3688 1548 3833 1605 lori-

2243 1650 2362 1692 cam
2380 1637 2724 1706 portandum.
2750 1635 2843 1691 Isti
2887 1650 3016 1690 vero
3046 1635 3182 1692 tales
3217 1651 3498 1710 remanere
3521 1639 3834 1710 cupientes,

2243 1729 2290 1785 si
2317 1730 2458 1800 apud
2481 1729 2528 1761 “
2548 1729 2793 1785 dominos
2821 1729 3109 1798 impetrare
3130 1728 3176 1760 “
3194 1729 3424 1795 valeant,
3455 1740 3582 1800 quot
3603 1748 3832 1790 mansos

2243 1820 2553 1890 possideant
2587 1829 2668 1875 tot
2690 1819 2735 1852 “
2770 1819 2936 1874 libras
2950 1835 3086 1875 suae
3107 1829 3353 1874 monetae
3374 1820 3457 1876 vel
3502 1831 3668 1877 totum
3710 1823 3833 1878 Iru-

2243 1921 2392 1968 cturn
2421 1910 2562 1968 l‘eodi
2589 1911 2645 1966 in
2679 1910 2772 1966 illo
2797 1927 2940 1968 anno
2982 1927 3080 1982 pro
3107 1912 3374 1982 stipendio
3391 1914 3714 1984 persolvant.
3761 1916 3833 1974 Ut

2243 2009 2425 2056 autem
2463 2009 2708 2058 nostrum
2748 2002 3035 2072 imperium
3061 2003 3131 2058 ab
3157 2003 3412 2058 omnibus
3455 2003 3647 2060 habeat
3688 2021 3832 2076 sup-

2243 2095 2591 2163 plementum,
2628 2093 2732 2148 hoc
2772 2092 3154 2148 constituimus
3189 2101 3246 2148 et
3289 2093 3513 2148 ﬁrmiter
3551 2097 3832 2166 praecipi-

2245 2200 2386 2250 mus,
2409 2191 2472 2246 ct
2499 2182 2696 2252 singuli
2742 2181 2956 2252 buringi
2999 2181 3185 2238 decem
3231 2197 3354 2237 cum
3404 2181 3471 2236 l2
3504 2181 3716 2240 funibus
3769 2187 3837 2242 de

2243 2287 2449 2342 canapo
2477 2271 2678 2327 solidos
2716 2269 2952 2326 dominis
2999 2270 3114 2326 suis
3151 2269 3481 2340 impendant,
3506 2280 3560 2326 et
3602 2273 3838 2346 insuper

2243 2363 2576 2420 soumarium
2623 2377 2748 2417 eum
2788 2362 3028 2432 capistro
3053 2361 3387 2428 concedant;
3433 2377 3610 2434 quem,
3641 2366 3687 2420 si
3727 2367 3836 2422 do-

2243 2455 2378 2512 mini
2426 2454 2738 2521 voluerint,
2791 2454 2892 2526 ipsi
2917 2455 2986 2510 ad
3040 2455 3270 2524 primam
3331 2456 3571 2510 navalem
3626 2473 3835 2527 aquam

2243 2560 2414 2616 usque
2443 2544 2486 2612 ‘_‘
2513 2527 2830 2616 perducant:
2875 2542 3268 2599 Mansionarius
3295 2543 3329 2598 5
3373 2545 3572 2601 solidos
3593 2587 3612 2612 ,
3657 2549 3834 2604 absa-

2244 2639 2358 2693 rius
2389 2637 2459 2692 30
2479 2635 2760 2703 denarios,
2800 2635 3098 2691 bunuarius
3127 2635 3168 2667 "
3219 2634 3307 2700 15,
3355 2637 3712 2692 ouorunilibet
3755 2639 3835 2694 Ia-

2245 2744 2364 2784 rum
2407 2727 2452 2762 ⁸⁸
2491 2741 2832 2798 possessores
2870 2725 2905 2781 6
2949 2727 3252 2798 suppleam.
3301 2726 3368 2781 Et
3395 2735 3456 2781 ut
3479 2726 3610 2784 haec
3651 2732 3835 2787 nostri

2242 2816 2444 2873 decreti
2501 2817 2800 2872 auctoritas
2847 2815 3213 2871 inviolabilem
3261 2823 3318 2870 et
3353 2815 3722 2887 incorruptam
3777 2819 3834 2876 in

2243 2912 2338 2967 Dei
2360 2911 2577 2966 nomine
2596 2909 2738 2981 apud
2757 2924 2950 2966 omnes
2972 2922 3314 2964 successores
3349 2917 3565 2964 nostros
3583 2909 3834 2966 obtineat

2242 3001 2593 3056 emunitatem
2630 2999 2704 3068 ι’,
2749 2999 2961 3055 cunctis
3011 2997 3344 3068 principibus
3391 2998 3438 3030 ³⁸
3470 2997 3562 3068 qui
3603 2998 3834 3054 aderant

2247 3093 2680 3165 astipulantibus,
2699 3108 2861 3148 manu
2883 3091 3098 3163 propria
3119 3093 3308 3148 subter
3322 3106 3443 3146 eam
3468 3093 3726 3148 roborare
3743 3094 3834 3148 de-

2245 3185 2516 3244 crevimus
2535 3192 2591 3244 et
2611 3184 2796 3241 annuli
2824 3183 2995 3240 nostri
3024 3185 3182 3256 signo
3201 3184 3245 3214 ²¹
3269 3183 3534 3254 assignari
3549 3183 3830 3241 iussimus.

3073 3293 3154 3370 ἳγ

2317 3407 2544 3479 Signum
2582 3407 2766 3466 Karoli
2819 3368 3318 3619 Ws
3369 3407 3748 3481 gloriosissimi
3781 3408 3830 3441 ι·

2247 3633 2410 3704 regis.
2437 3631 2741 3688 [Iernustus
2767 3645 3012 3690 notarius
3041 3639 3110 3690 ad
3130 3637 3308 3690 vicrm
3329 3633 3608 3689 [λιιωῆ
3629 3631 3830 3688 cancel-

2248 3727 2365 3782 larii
2398 3726 2705 3797 recognovi.
2731 3726 2863 3781 Data
2884 3727 2937 3783 8.
2981 3725 3105 3782 Idus
3149 3727 3280 3782 Iunii
3305 3741 3450 3781 anno
3495 3727 3567 3780 ab
3593 3725 3828 3778 ine-nna-

2248 3816 2395 3871 tione
2438 3815 2649 3872 Domini
2677 3816 2847 3870 nostri
2881 3813 2996 3871 Iesu
3021 3816 3222 3872 Christi
3277 3815 3402 3881 790,
3457 3814 3607 3886 regni
3651 3825 3826 3870 autem

2249 3909 2368 3964 eius
2393 3909 2440 3940 ”
2462 3907 2554 3974 22,
2592 3915 2720 3963 ante
2755 3907 3218 3964 consecrationem
3248 3905 3316 3962 “.
3352 3905 3552 3963 Actum
3582 3905 3827 3963 Warm-

2250 4001 2359 4056 tiac
2379 3999 2626 4056 feliciter.
2649 3998 2842 4055 Amen.

1786 4149 2172 4208 VARIANTES
2208 4149 2608 4209 LECTIONES.

641 4263 658 4294 ¹
681 4277 780 4336 per
807 4270 980 4318 totum
1007 4262 1190 4336 taliter
1211 4261 1265 4336 2.
1304 4262 1386 4336 Α.
1422 4265 1468 4336 ξ’
1493 4263 1771 4336 hominum
1795 4263 1951 4336 2.14.
2017 4263 2329 4336 {scutariis
2359 4279 2522 4336 usque
2565 4261 2818 4336 scutariis
2843 4261 3029 4336 desunt
3051 4260 3107 4316 2.
3141 4262 3204 4336 Α.
3281 4259 3694 4336 “stupendiohi.
3712 4271 3823 4336 stn-

568 4331 764 4430 pendio
789 4349 930 4387 corr.
954 4335 1221 4402 stipendio
1239 4334 1296 4388 2.
1372 4334 1473 4416 {in
1500 4333 1646 4388 Man.
1674 4334 1738 4388 Β.
1816 4334 1837 4364 ⁸
1855 4334 2024 4402 ipsius
2043 4335 2112 4416 2..
2174 4337 2195 4368 ⁷
2225 4331 2479 4388 amittant
2502 4349 2662 4433 usque
2678 4333 2931 4387 amittant
2951 4332 3136 4386 desunt
3158 4332 3225 4385 Α.
3297 4331 3322 4364 ⁸
3345 4347 3376 4385 a
3399 4333 3558 4386 nubis
3581 4333 3819 4416 aliqui}.

625 4402 768 4456 v.1.
789 4402 846 4454 2.
875 4418 971 4456 sex
994 4402 1056 4456 S.
1085 4403 1135 4456 1.
1165 4403 1252 4456 11.
1329 4405 1370 4436 ¹⁰
1394 4414 1608 4456 incepta
1629 4403 1707 4456 Μ.
1735 4403 1801 4456 Β.
1880 4404 1919 4434 ¹¹
1962 4419 2113 4456 rem"
2137 4405 2202 4456 Α.
2231 4403 2292 4456 8.
2324 4402 2376 4456 1.
2412 4403 2498 4456 ΙΙ.
2599 4403 2619 4432 ³
2646 4416 2692 4456 s.
2718 4411 2774 4456 et
2797 4417 2854 4456 ιι.
2875 4401 2931 4455 2.
2955 4402 3020 4454 Α.
3047 4401 3109 4456 S.
3143 4399 3228 4454 11.
3305 4401 3350 4432 ¹³
3378 4409 3511 4456 anut
3535 4403 3593 4456 2.
3665 4405 3707 4434 “
3739 4418 3819 4456 In-

573 4403 593 4430 '
625 4402 685 4456 V.
715 4403 768 4456 I.
789 4402 846 4454 2.
875 4418 971 4458 sex
994 4402 1056 4457 S.
1085 4403 1135 4456 1.
1165 4403 1252 4458 I1.
1329 4405 1370 4436 ¹⁰
1394 4404 1608 4472 incepta
1629 4403 1707 4457 Μ.
1735 4403 1801 4458 Β.

570 4481 781 4540 petrarc
818 4472 874 4526 2.

571 4541 610 4570 ⁸⁷
644 4541 954 4596 bunaiarius
977 4540 1032 4594 2.

572 4607 648 4662 Μ.
669 4609 734 4662 Β.

1131 4542 1393 4597 “larium
1420 4545 1484 4596 Α.
1517 4542 1577 4597 8.
1611 4541 1661 4594 I.
1692 4541 1776 4596 II.

1880 4404 1919 4434 “
1962 4403 2113 4459 rcani
2137 4405 2202 4459 Α.
2231 4403 2292 4459 S.
2324 4402 2376 4457 1.
2412 4403 2498 4456 ΙΙ.

994 4421 1056 4457 δ.
1085 4421 1135 4456 ι.
1165 4421 1252 4458 ιι.
1329 4421 1370 4436 ιν
1394 4421 1608 4472 mcepza
1629 4421 1707 4457 ar.
1735 4421 1801 4458 ιι.
1881 4421 1919 4434 ··
1962 4421 2113 4474 regni
2137 4421 2202 4459 Α.
2231 4421 2292 4459 ι).
2324 4421 2376 4457 ι.
2412 4421 2498 4456 ιι.
2577 4421 2619 4433 ι·
2646 4421 2692 4456 s.
2718 4421 2774 4458 et
2797 4421 2854 4456 ιι.
2876 4421 2931 4455 z.
2955 4421 3020 4454 ll.
3047 4421 3109 4456 ο.
3143 4421 3228 4454 ιι.
3307 4421 3311 4432 ι

975 4472 1018 4504 ⁸⁸
1042 4489 1186 4526 voces
1214 4481 1292 4527 tot
1315 4473 1483 4528 libras
1507 4487 1634 4527 :uae
1659 4473 1715 4527 in
1737 4473 1854 4526 cod.
1877 4472 1932 4526 2.
1961 4473 2238 4538 abscissae,
2269 4474 2324 4527 in
2354 4471 2666 4526 cditionibus
2686 4470 2807 4526 inde
2831 4470 3075 4524 derivatis
3105 4469 3311 4524 desunt.

1874 4543 1914 4574 ¹⁹
1938 4537 2249 4597 ﬁrmitatem
2271 4541 2598 4596 scribendum
2621 4539 2826 4610 fuerat!
2887 4539 2934 4570 ⁸⁸
2955 4539 3296 4610 prcscntihus
3319 4537 3394 4592 Η.
3417 4539 3478 4592 Β.

840 4611 886 4682 _"
913 4627 1306 4682 monogramma
1345 4613 1442 4666 hoc
1471 4630 1503 4682 ιι
1532 4611 1757 4682 genuino
1789 4611 1974 4666 Karoli
1983 4613 2124 4682 satis
2155 4613 2377 4675 distans,
2405 4610 2572 4682 cades;
2591 4609 2648 4664 2.
2678 4619 2791 4682 post
2817 4609 3086 4682 notarius,
3110 4609 3456 4682 etucditiones
3482 4610 3549 4663 Α.
3577 4609 3820 4682 posfglo—

571 4677 879 4751 firmissimi,
911 4678 975 4734 S.
998 4679 1049 4734 1.
1072 4677 1199 4751 'post
1227 4690 1354 4736 nota
1379 4677 1870 4751 scribunt,__Clt_tten.
1895 4690 1941 4735 et
1966 4680 2027 4751 S.
2057 4680 2146 4751 11.
2174 4682 2434 4735 omittunt.

2677 4440 2692 4454 .
2718 4411 2774 4458 et
2797 4417 2854 4456 ιι.
2875 4401 2931 4455 2.
2955 4402 3020 4454 Α.
3047 4401 3109 4456 S.
3143 4399 3228 4454 II.
3305 4401 3350 4432 "
3378 4409 3511 4458 anut
3535 4403 3593 4457 2.
3665 4399 3707 4434 ί*
3739 4405 3824 4458 in-

3409 4416 3615 4526 ibi;
3643 4416 3712 4526 if.
3739 4418 3820 4527 ’ἶ

3573 4543 3617 4572 ⁸⁸
3647 4542 3824 4612 sigillo

2531 4679 2578 4711 ”
2603 4676 2776 4734 nostri
2806 4678 2869 4735 S.
2895 4677 2948 4733 1.
2974 4676 3062 4733 II.
3151 4679 3198 4710 ’δ
3220 4693 3364 4732 anno
3399 4676 3822 4737 consecration:

573 4747 732 4802 XXII.
759 4747 821 4804 S.
849 4747 899 4805 1.
921 4763 1065 4804 anno
1084 4747 1534 4806 consecrationis
1559 4749 1700 4804 XXI.
1729 4749 1882 4804 lectio
1905 4750 2097 4806 codicis
2121 4749 2578 4820 Senkenbergiani.

775 4963 1070 5030 CAROLI
1106 4966 1362 5030 MAGNI
1396 4967 1498 5028 ET
1528 4965 1906 5029 LUDOVICI
1940 4966 1966 5028 Ι
1999 4967 2502 5029 CAPITULABE
2545 4967 2754 5030 APUD
2795 4965 3252 5030 THEODONIS
3287 4967 3624 5031 VILLAII.

643 5165 883 5224 Canitula
905 5165 1022 5220 haec

1043 5161 1224 5234 spuria
1241 5162 1476 5234 primum
1503 5163 1605 5220 sub
1629 5164 1846 5220 nomine
1879 5161 2056 5234 Caroli
2099 5163 2275 5233 Magni
2298 5164 2351 5218 in
2395 5161 2813 5234 Collectionibus
2851 5161 3202 5234 conciliorum
3231 5160 3470 5234 Grabbii,
3512 5157 3815 5234 Coloniensi

571 5254 662 5294 an.
688 5230 846 5302 1⁷567,
869 5235 934 5290 Τ.
957 5235 1044 5300 111,
1064 5230 1120 5304 p.
1145 5230 1269 5299 269,
1298 5242 1354 5288 et
1376 5234 1496 5304 aliis
1517 5234 1680 5304 edita,
1707 5234 1899 5291 deinde
1938 5249 1970 5288 a
2013 5230 2268 5290 Goldasto
2297 5235 2350 5288 in
2377 5232 2883 5304 Constitutionibus,
2911 5239 2966 5287 et
2990 5247 3022 5285 a
3063 5230 3351 5304 Sirmondo
3395 5231 3539 5304 inter
3579 5232 3818 5304 concilia

570 5308 796 5371 Galliae,
832 5300 892 5360 't.
932 5304 997 5371 II,
1039 5300 1107 5360 e'x
1145 5303 1454 5360 Burcbardo
1485 5311 1539 5359 et
1581 5303 1740 5359 Ivone
1765 5314 2038 5374 assumpta
2065 5304 2323 5374 annisque
2346 5303 2451 5359 820
2470 5311 2524 5357 et
2563 5301 2662 5374 8__2l
2692 5301 2993 5374 assignata,
3025 5309 3140 5374 tu_m
3181 5316 3210 5354 a
3239 5301 3456 5374 Baluzio
3478 5317 3597 5374 cum
3622 5300 3822 5374 C_odic_t_:

575 5367 836 5433 Vaticano
859 5367 1050 5431 collata
1071 5388 1320 5444 annoque
1343 5375 1448 5430 822
1467 5374 1718 5454 ascripta,
1744 5374 1833 5430 liic
1852 5390 1921 5430 ex
1942 5367 2138 5429 Codice
2163 5367 2412 5430 Go'thano
2437 5371 2617 5427 saeculi
2646 5386 2696 5425 x1
2739 5367 2934 5454 iterum
2964 5371 3249 5440 prodeunt.
3273 5369 3409 5453 Cum
3439 5371 3601 5494 igitur
3641 5367 3819 5451 Caroli

575 5461 772 5494 nomen
798 5447 853 5494 in
880 5444 1166 5494 Cndicihus
1188 5443 1497 5494 praeferant.
1521 5444 1587 5494 ad
1609 5459 1725 5494 elus
1746 5451 1923 5494 tamen
1958 5458 2180 5494 remum
2209 5443 2356 5494 nullo
2385 5441 2543 5494 modo
2567 5440 2756 5494 referri
2791 5449 3032 5494 Bessum.
3069 5441 3210 5494 (mod
3252 5441 3460 5494 Ilatstul
3484 5458 3548 5494 us
3585 5447 3640 5494 et
3675 5440 3817 5494 ﬂetu

575 5461 773 5502 nomen
798 5447 854 5500 in
880 5444 1166 5514 Codicibus
1188 5440 1497 5514 praeferant,
1521 5444 1587 5498 ad
1609 5440 1725 5511 ejus
1746 5451 1923 5498 tamen
1958 5458 2180 5514 regnum
2209 5443 2356 5499 nullo
2385 5441 2543 5514 modo
2567 5440 2756 5496 referri
2791 5449 3032 5514 possunt,
3069 5441 3229 5514 quod
3252 5441 3460 5514 IIaistul

3484 5443 3548 5496 'us
3585 5447 3640 5496 et
3675 5439 3817 5496 IIetti

575 5533 718 5572 anno
741 5517 865 5581 815,
893 5509 1229 5569 lladabaldus
1251 5522 1305 5568 et
1326 5515 1439 5569 Ebo
1475 5509 1687 5568 nonnisi
1725 5515 1882 5568 annis
1907 5509 2087 5570 sum
2115 5513 2220 5568 822
2255 5509 2967 5581 arcliicpiscopatumadepti
2996 5509 3140 5565 sunt.
3183 5509 3293 5566 Nec
3331 5512 3814 5581 meliorirsuccessu

578 5579 859 5654 Ludovico
884 5583 1194 5648 imperatori
1235 5585 1504 5654 assignato
1530 5593 1672 5646 sunt,
1699 5600 1822 5638 cum
1852 5585 2033 5654 Ebone
2067 5593 2188 5653 post
2227 5585 2365 5654 diem
2392 5579 2604 5654 Sidonii
2625 5595 2717 5635 an.
2769 5579 2887 5654 822A
2917 5582 2970 5654 i_n
2989 5581 3470 5654 archiepiscopum
3507 5580 3725 5654 electo,_
3754 5587 3812 5636 et

581 5653 843 5711 Ilaistulfo
877 5655 1172 5711 secundum
1193 5649 1411 5710 annalcs
1437 5654 1734 5710 Xantcnscs
1758 5669 1898 5710 anno
1918 5652 2021 5710 825
2047 5649 2128 5710 vel
2157 5653 2446 5712 secundum
2469 5651 2604 5708 alios
2627 5665 2767 5707 anno
2787 5650 2893 5707 826
2915 5649 3185 5717 defuncto,
3209 5660 3531 5708 conventum
3555 5652 3691 5706 intra
3712 5649 3812 5705 hos
