4002 6146
265 133 376 186 £77
845 126 1068 184 CODEX
1109 125 1621 184 DlPLOMATiCUS.
1651 157 1686 168 -
1747 124 2202 184 CAPITULARIA
2242 119 2508 179 SPURIA.
2549 148 2618 158 -—
2655 119 2752 172 Ax.
2795 117 2916 174 790.
3407 113 3514 173 678

265 253 526 300 terminos
549 243 789 298 habitum
815 241 978 298 fuisse
997 251 1264 312 oporteat,
1295 257 1360 296 eo
1401 250 1578 296 tamen
1603 243 1779 312 spatio
1821 249 2075 312 temporis
2105 253 2161 290 re
2197 249 2446 312 veranum;
2475 231 2738 312 '[rilittrize
2774 245 2872 312 nec
2912 227 3050 298 apud
3077 225 3514 312 Theodon‘is-vil-

266 299 686 370 Iamconveutus
706 312 1004 366 celebratus
1021 299 1110 364 sit.
1135 299 1360 364 chtum
1391 313 1581 366 collata
1609 299 1666 364 li.
1697 310 1894 362 llaluzii
1931 299 2182 366 editione,
2217 321 2280 358 ex
2319 303 2606 357 Codicihus
2651 301 2670 351 l
2699 301 2946 370 Gothano
2971 314 3095 352 sum.
3123 315 3198 362 tu,
3227 307 3282 350 et
3308 299 3367 370 7‘2.
3396 301 3512 352 Va.

265 369 460 444 ticano,
486 383 640 450 cujus
661 383 918 438 lectiones
943 383 1187 440 Balucius
1211 381 1380 447 atl'ert,
1397 384 1642 437 eumdem
1669 381 1780 434 fere
1802 379 2014 448 qualem
2045 375 2406 432 Couciliorum
2429 372 2662 426 editores
2681 369 2856 438 primo
2877 377 3288 438 proposuerant,
3305 369 3510 424 iterum

255 455 606 523 evulgamus.

261 579 330 619 ex
369 577 614 620 cosctuo
650 575 784 616 aruo
823 574 1114 613 rnsoooms
1137 565 1332 614 vitum
1361 573 1558 615 uamro
1583 571 1825 612 resinous
1853 557 1902 616 Δ
1928 551 2146 616 savcrit,
2172 558 2376 620 septem
2423 549 2466 583 “
2503 547 2944 620 quadragesimas
2977 548 3094 604 sine
3141 548 3374 604 subditis
3413 565 3516 604 au-

855 643 1048 684 KAROLI
1087 645 1248 684 ιιΑωει
1259 667 1270 680 .

331 743 388 798 In
411 741 640 798 concilio
667 739 808 810 apud
843 737 1150 794 Theodonis
1191 737 1396 804 villam,
1435 737 1524 792 ubi
1573 735 1836 790 interluc-

257 841 389 887 runt
424 831 514 886 '52.
543 829 808 900 episcopi,
849 827 1114 882 Aistulfus
1154 825 1533 894 Mogontiensis
1575 825 1839 894 archiepi-

258 938 457 994 scopus
481 935 604 976 cum
639 919 753 974 suis
797 916 1182 984 suli'raganeis;
1242 915 1582 970 lladabaldus
1606 955 1622 980 ,
1679 913 1840 970 Colo-

259 1015 466 1070 1ὶίι⁵115ί3
501 1011 934 1080 archiepiscopus
959 1024 1080 1064 cum
1110 1009 1224 1062 suis
1251 1005 1634 1076 sulTraganeis;
1665 1005 1834 1071 lletti,

257 1102 612 1159 Trevercnsis
633 1099 1088 1168 archiepiscopus,
1119 1111 1244 1151 cum
1287 1096 1400 1151 suis
1445 1094 1832 1164 sull‘raganeis;

256 1192 442 1257 Ebbo,
471 1187 752 1245 Bernensis
799 1185 1232 1254 archiepiscopus
1275 1199 1398 1238 cum
1437 1183 1547 1238 suis
1577 1182 1836 1252 sulTraga-

259 1283 396 1348 neis,
423 1296 548 1338 cum
574 1279 780 1334 nuntiis
829 1277 1160 1345 reliquorum
1209 1275 1580 1344 episcoporum
1629 1273 1839 1330 Galliae

253 1380 312 1425 et
337 1369 676 1432 Germaniae,
707 1367 778 1422 ob
801 1365 1022 1420 nimiam
1058 1364 1550 1434 praesumptionem
1583 1377 1839 1432 quorum-

257 1461 386 1516 dam
453 1469 805 1531 tyrannorum
863 1457 918 1511 in
975 1455 1283 1512 sacerdotes
1331 1456 1542 1510 Domini
1600 1455 1838 1511 bachan-

257 1551 396 1606 tium
422 1549 462 1614 ⁸,
489 1557 546 1604 et
567 1553 786 1618 propter
809 1545 1006 1602 factum
1036 1543 1178 1614 quod
1213 1545 1266 1600 in
1297 1544 1585 1600 Wasconia
1626 1545 1840 1599 noviter

257 1641 462 1696 accidit
497 1639 564 1694 de
603 1639 856 1708 episcopo
901 1637 1135 1692 lohanne
1185 1636 1468 1690 inhoneste
1511 1643 1566 1690 et
1602 1635 1838 1690 inaudite

255 1729 612 1794 mordridato,
639 1730 912 1784 decretum
951 1735 1034 1782 est
1073 1735 1134 1782 ut
1171 1727 1440 1782 couununi
1479 1741 1745 1783 consensu
1781 1737 1838 1782 et

257 1819 448 1878 humili
481 1821 763 1874 devotione
789 1817 1194 1888 supplicarent’
1223 1818 1444 1872 auribus
1465 1819 1740 1888 principis,
1786 1819 1832 1874 si

1943 646 2028 700 nis
2047 644 2337 716 poeniteat,
2362 651 2418 696 et
2459 649 2740 698 sexcentos
2785 639 2986 696 solidos
3011 655 3136 696 cum
3170 640 3368 708 triplici
3411 655 3510 695 sua

1935 734 2324 804 compositione
2375 739 2430 786 et
2485 731 2880 800 episcopalibus
2945 730 3140 784 bannis
3213 731 3514 798 triplicibus

1934 825 2184 894 episcopo
2213 831 2514 892 componat.
2551 821 2608 876 Si
2654 829 2834 876 autem
2863 829 3111 876 mortuus
3149 819 3330 884 fuerit,
3379 821 3514 874 duo-

1937 915 2108 968 decim
2150 928 2412 968 annorum
2449 911 2778 980 poenitentia
2833 910 3126 964 secundum
3189 924 3428 964 canones
3461 909 3514 962 ei

1935 1001 2241 1071 inponatur,
2263 1011 2318 1056 et
2336 1007 2630 1070 nongentos
2653 999 2852 1054 solidos
2879 1013 3002 1054 cum
3025 999 3221 1068 triplici
3241 999 3512 1068 composi-

1937 1091 2082 1146 tione
2116 1107 2214 1146 sua
2235 1101 2290 1146 et
2317 1091 2710 1161 episcopalibus
2729 1091 2923 1144 bannis
2941 1090 3240 1159 triplicibus
3259 1089 3514 1160 episeopo

1937 1191 2252 1250 componat.

2005 1271 2059 1324 4.
2089 1271 2145 1326 Si
2174 1272 2292 1339 quis
2318 1272 2568 1340 episcopo
2605 1269 2828 1324 insidias
2855 1269 3115 1338 posuerit,
3163 1269 3513 1338 comprehen-

1937 1366 2094 1432 derit,
2123 1367 2204 1420 vel
2245 1366 2298 1420 in
2337 1366 2518 1434 aliquo
2547 1363 3026 1426 dcshonestaverit,
3065 1361 3250 1418 decem
3279 1363 3514 1432 quadra—

1935 1455 2166 1522 gesimas
2193 1457 2308 1510 sine
2333 1457 2372 1486 ¹¹
2403 1456 2634 1510 subditis
2660 1453 2817 1508 annis
2855 1453 3160 1521 poeniteat,
3207 1459 3262 1506 et
3287 1453 3512 1521 presby-

1937 1545 2036 1600 teri
2067 1561 2174 1600 non
2223 1545 2450 1600 “occisi
2500 1545 2762 1614 triplicem
2813 1543 3254 1612 compositionem
3299 1558 3516 1610 compo-

1937 1645 2048 1690 nat.
2101 1635 2157 1690 Si
2197 1643 2376 1690 autem
2415 1651 2542 1690 casu
2577 1643 2632 1690 ct
2676 1651 2780 1688 non
2827 1639 3016 1702 sponte
3049 1633 3348 1692 occiditur,
3388 1647 3511 1684 cum

1935 1725 2464 1794 comprovincialium
2515 1723 2894 1793 episcoporqu
2945 1721 3174 1776 consilio
3245 1705 3516 1774 homicida

1933 1813 2228 1882 poeniteat.
2261 1813 2320 1868 Si
2352 1813 2472 1882 quis
2493 1821 2672 1866 autem
2701 1819 2894 1879 sponte
2917 1823 3041 1864 eum
3070 1809 3355 1876 occiderit,
3397 1825 3516 1864 car-

253 1925 390 1966 suae
411 1911 598 1982 pietati
627 1909 1004 1980 complaeeret,
1035 1917 1096 1964 ut
1140 1907 1408 1964 calumnia
1443 1909 1496 1964 in
1526 1907 1723 1964 Christi
1751 1925 1838 1966 sa.
1871 1906 1913 1966 Β
1940 1917 2062 1956 nem
2093 1918 2199 1956 nou
2223 1902 2488 1966 comedat,
2514 1901 2695 1956 vinum
2724 1915 2830 1954 non
2855 1899 3004 1953 bibat
3029 1899 3238 1953 cunctis
3262 1899 3304 1929 “
3327 1899 3517 1952 diebus

255 1999 506 2054 cerdotes
545 2009 762 2069 peracta
805 1999 952 2054 iuxta
995 1997 1276 2068 synodalia
1325 1997 1346 2030 ⁸
1383 1997 1837 2054 determinaretur

253 2089 490 2159 pleniter
526 2096 748 2155 statuta,
770 2088 874 2143 hoc
905 2089 1044 2142 idem
1073 2087 1448 2158 episcoporum
1499 2088 1698 2144 iudicio
1725 2089 1838 2158 pla-

253 2191 426 2248 ceret,
447 2184 492 2238 si
517 2199 584 2238 ex
621 2191 734 2238 toto
765 2183 1058 2238 sccundmn
1087 2189 1410 2251 potestatem
1445 2181 1685 2250 ipsorum
1721 2196 1839 2252 pos-

253 2283 342 2328 set
365 2273 592 2336 deliniri,
623 2273 676 2329 id
704 2280 808 2338 est,
837 2280 894 2328 ut
913 2273 1172 2326 canonica
1193 2269 1456 2325 feriantur
1475 2271 1760 2337 sententia,
1783 2271 1836 2326 hi

251 2363 508 2419 videlicet
543 2362 634 2432 qui
667 2362 918 2417 timorem
943 2361 1155 2416 Domini
1201 2367 1614 2430 postponentes,
1648 2360 1702 2414 in
1741 2361 1839 2415 mi-

253 2457 464 2511 nistros
485 2470 612 2510 suos
639 2467 882 2510 crassare
907 2459 1274 2522 praesumunt.
1315 2449 1466 2518 Quod
1495 2451 1540 2506 si
1574 2467 1698 2505 vero
1724 2451 1840 2520 pie-

253 2547 358 2600 tati
399 2547 544 2601 illius
578 2545 938 2615 complaceret
971 2543 1012 2609 ⁵,
1040 2543 1186 2597 iuxta
1211 2541 1442 2611 capitula
1467 2556 1650 2612 regum
1681 2557 1840 2612 prae-

253 2636 596 2700 cedentium,
649 2636 742 2690 ubi
796 2647 984 2690 eorum
1034 2633 1270 2702 provisio
1321 2633 1740 2688 misericorditer
1784 2633 1838 2690 in

253 2727 344 2782 olli
357 2727 478 2784 nais
503 2726 760 2795 pecuniae
792 2725 1150 2794 quantitatem
1199 2723 1540 2792 interposuit,
1569 2739 1668 2792 pro
1716 2723 1842 2778 levi-

253 2819 475 2888 gatione
501 2817 707 2874 scilicet
741 2815 1104 2886 paenitentiae
1129 2815 1352 2884 placuit,
1391 2823 1452 2869 ut
1499 2815 1521 2846 ⁸
1563 2814 1840 2884 praefatae

249 2927 346 2966 res
361 2925 467 2980 per
489 2909 772 2981 pecuniam
796 2909 864 2964 ab
885 2908 1302 2978 imperatoribus
1338 2915 1392 2962 et
1412 2923 1442 2962 a
1465 2907 1568 2962 sibi
1595 2907 1616 2937 ⁸
1655 2922 1838 2962 sacer-

253 3001 476 3057 dotibus
503 2999 572 3055 ad
596 2998 966 3055 defensionem
995 3011 1330 3063 concessam,
1360 3006 1414 3052 et
1437 3012 1535 3067 per
1562 2998 1838 3068 poeniten-

249 3095 392 3148 tiant
415 3093 840 3148 determinentur
879 3092 899 3124 "
943 3091 1316 3160 episcoporum
1363 3089 1588 3156 inditio,
1639 3091 1686 3145 si
1725 3091 1840 3160 pic-

255 3193 342 3238 tas
379 3183 526 3238 illius
559 3180 880 3238 conlaudare
906 3180 1156 3248 voluerit,
1197 3181 1278 3236 sic
1313 3179 1522 3234 deliniri
1571 3179 1650 3236 eis
1687 3195 1836 3236 com-

255 3271 484 3341 placuit.

331 3363 384 3416 1.
412 3361 470 3417 Si
491 3363 622 3432 .quis
645 3361 1030 3418 subdiaconum
1067 3359 1426 3417 calumniatus
1451 3357 1630 3426 fuerit,
1655 3359 1840 3416 vulne-

257 3455 482 3518 raverit,
513 3453 598 3508 vel
643 3453 1042 3517 debilitaverit,
1085 3461 1140 3506 et
1175 3451 1548 3518 convaluerit,
1603 3453 1841 3522 quinque

257 3543 700 3612 quadragesimas
743 3543 860 3600 sine
887 3544 1116 3600 subditis
1158 3541 1314 3597 annis
1335 3541 1626 3612 poeniteat,
1660 3550 1713 3595 et
1739 3551 1841 3596 tre-

253 3643 450 3690 centos
474 3633 674 3690 solidos
693 3649 816 3690 eum
840 3650 936 3690 sua
959 3634 1349 3704 compositione
1375 3643 1430 3689 et
1449 3633 1840 3703 episcopalibus

259 3725 460 3782 bamus
487 3726 736 3796 episcopo
768 3727 790 3758 "
815 3735 1122 3796 componat.
1151 3726 1210 3781 Si
1237 3735 1416 3781 autem
1459 3735 1703 3780 mortuus
1727 3725 1844 3780 fue-

261 3819 338 3873 rit
365 3858 380 3884 ,
437 3817 676 3888 singulas
713 3818 1054 3888 supradictas
1095 3817 1534 3888 quadragesimas
1581 3831 1704 3872 cum
1755 3830 1842 3872 se-

261 3909 556 3978 quentibus
584 3909 740 3964 annis
765 3911 1066 3979 poeniteat,
1093 3919 1150 3965 et
1185 3909 1600 3980 quadringentos
1639 3907 1840 3963 solidos

255 4015 388 4056 cum
413 3999 570 4070 tripla
605 4015 702 4054 sua
729 4001 1116 4070 compositione
1143 4009 1197 4055 et
1229 3998 1619 4069 episcopalibus
1648 3998 1838 4054 bannis

259 4091 571 4160 triplicibus
599 4089 622 4122 ν
651 4091 900 4160 episcopo
939 4099 1244 4160 componat.

337 4177 392 4232 ἓ.
419 4179 476 4234 Si
498 4179 620 4248 quis
645 4179 928 4235 diaconum
967 4181 1326 4235 calumniatus
1341 4179 1524 4246 fuerit,
1558 4187 1612 4234 et
1644 4195 1840 4236 conva-

265 4267 449 4334 luerit,
475 4283 570 4324 sex
601 4269 1036 4340 quadragesimas
1076 4271 1192 4326 sine
1217 4272 1448 4327 subditis
1470 4273 1625 4327 annis
1655 4274 1840 4342 poeni-

265 4368 398 4424 teat,
417 4368 476 4413 et
511 4359 930 4430 quadringentos
953 4361 1156 4417 solidos
1182 4377 1303 4416 cum
1327 4363 1714 4432 compositione
1741 4377 1838 4418 sua

265 4459 322 4504 et
359 4451 750 4520 episcopalibus
775 4451 966 4506 bannis
991 4455 1240 4521 episeopo
1263 4453 1305 4484 ¹⁰
1335 4461 1638 4521 componat.
1665 4453 1720 4507 Si
1746 4469 1840 4506 au-

267 4549 378 4594 tem
409 4551 654 4598 mortuus
697 4539 892 4608 fuerit,
923 4543 1158 4612 singulas
1203 4543 1536 4612 supradictas
1577 4559 1670 4598 sex
1707 4559 1839 4612 qua-

267 4629 600 4698 dragesimas
649 4647 770 4687 cum
825 4633 1172 4700 sequentibus
1231 4633 1387 4687 annis
1437 4633 1740 4701 poeniteat,
1787 4643 1842 4686 et

269 4727 558 4775 sexcentos
593 4721 792 4777 solidos
838 4737 960 4776 cum
1012 4723 1172 4792 tripla
1219 4737 1316 4778 sua
1368 4723 1756 4792 compositione
1788 4731 1844 4779 et

270 4810 666 4880 episcopalibus
713 4812 906 4868 bannis
944 4813 1242 4882 triplicibus
1301 4812 1342 4843 “
1391 4811 1640 4882 episcopo
1690 4828 1840 4869 com-

269 4907 460 4966 ponat.
735 4903 790 4956 ε

305 4993 310 4996 ’
344 4989 396 5042 5.
426 4989 484 5046 Si
507 4992 628 5061 quis
645 4995 1002 5062 presbiterum
1047 4993 1400 5050 calumniatus
1425 4991 1586 5048 fuerit
1609 5002 1663 5047 et
1689 5009 1845 5063 spas-

1937 1991 2080 2044 vitac
2115 2006 2276 2058 suae,
2316 1991 2588 2062 cingulum
2627 1991 2859 2046 militare
2888 1991 3146 2061 deponat,
3192 1993 3393 2061 absque
3421 2007 3516 2061 spe

1937 2079 2170 2148 coniugii
2207 2079 2258 2134 in
2284 2089 2544 2149 perpetuo
2565 2088 2802 2135 maneat.

2007 2168 2268 2224 Aistull‘us
2295 2170 2676 2240 Mogonticnsis
2703 2169 3140 2238 archiepiscopus
3187 2169 3360 2224 dixit:
3401 2188 3418 2218 ε
3453 2169 3510 2222 Si

1937 2257 2268 2328 principibus
2295 2259 2556 2328 placuerit
2579 2258 2807 2328 aliisque
2837 2259 3082 2312 ﬁdelibus
3103 2259 3236 2322 suis,
3265 2273 3516 2328 rogemus

1938 2355 1998 2402 ut
2034 2347 2380 2402 conlaudetur
2409 2355 2462 2402 et
2484 2348 2870 2402 subscribatur.
2903 2367 2921 2399 ι
2945 2347 3012 2400 Ει
3031 2347 3406 2402 conlaudatum
3429 2355 3514 2401 est

1937 2446 1993 2493 et
2019 2439 2380 2508 subscriptum
2416 2445 2498 2492 est
2529 2445 2638 2490 tam
2673 2453 2704 2491 a
2731 2436 2975 2507 principe
3011 2451 3172 2506 quam
3213 2451 3244 2490 a
3287 2438 3518 2492 caeteris

1937 2527 2208 2582 omnibus.

2287 2611 2590 2652 (ῑΑΡιτυιυὶι
2655 2609 3128 2651 AECCIJ‘ZSIASTICUK

1971 2687 2124 2766 Apud
2154 2685 2454 2766 _Tlte_odouis
2493 2685 2830 2766 cillent"“”_a
2885 2684 3080 2766 Karplo
3102 2685 3165 2766 ,νζ
3199 2701 3384 2755 magno
3427 2697 3474 2766 rt

2045 2756 2338 2836 Luthowico
2369 2767 2414 2808 et
2445 2755 2625 2825 primis
2656 2754 2860 2808 Calliae
2887 2754 3258 2808 conlaudatum
3286 2754 3331 2808 ct
3358 2757 3454 2808 sub

2041 2835 2308 2894 scriptum.

2009 2915 2214 2970 Placuit
2242 2913 2398 2969 nobis
2423 2921 2480 2968 et
2515 2911 2762 2968 ﬁdelibus
2787 2911 3006 2978 nostris,
3053 2919 3112 2966 ut
3138 2913 3278 2966 sicut
3311 2913 3378 2967 ab
3405 2913 3520 2981 epi-

1937 3003 2114 3073 scopis
2149 3011 2204 3058 et
2229 3003 2450 3072 reliquis
2494 3001 2896 3067 sacerdotibus,
2943 3017 3010 3056 ac
3055 3003 3147 3056 Dei
3177 3004 3368 3068 servis,
3409 3005 3518 3058 alio

1937 3110 2080 3150 anno
2122 3094 2404 3149 Triburiae
2443 3095 2485 3126 ¹⁸
2534 3093 2812 3148 ammoniti
2861 3091 3059 3148 fuimus
3106 3101 3161 3148 et
3205 3095 3376 3164 rogati
3401 3133 3418 3160 ,
3459 3101 3516 3148 ut

1939 3183 2172 3253 episcopi
2199 3191 2253 3238 et
2281 3198 2468 3238 eorum
2497 3184 2752 3248 ministri,
2779 3197 2915 3252 quos
2939 3183 3080 3238 Deus
3115 3199 3232 3250 suo,
3267 3202 3374 3238 non
3417 3187 3515 3240 hu-

1941 3289 2124 3344 mano,
2147 3273 2342 3329 iudicio
2369 3273 2684 3338 reservavit,
2724 3274 2875 3328 iuxta
2910 3282 3220 3329 sanctorum
3249 3290 3514 3329 canonum

1939 3372 2351 3434 sanctorumque
2383 3373 2600 3435 patrum
2651 3380 2716 3420 ac
2764 3364 3142 3435 capitularium
3195 3366 3518 3436 praeceden-

1939 3457 2071 3511 tium
2116 3469 2300 3526 regum
2337 3470 2522 3511 coram
2581 3455 2880 3525 positorum
2917 3463 3150 3522 statuta,
3182 3465 3242 3510 ut
3285 3455 3378 3510 Dei
3433 3471 3520 3510 sa-

1938 3547 2184 3602 cerdotes
2227 3559 2522 3615 eorumque
2577 3555 2958 3615 cooperatores
2979 3586 2998 3614 ,
3063 3562 3294 3615 quorum
3353 3548 3520 3602 inter-

1937 3638 2272 3694 cessionibus
2295 3676 2312 3702 ,
2374 3635 2854 3706 supplicationibus
2892 3645 3076 3692 sancta
3121 3637 3216 3691 Dei
3259 3637 3518 3692 aecclt-sia

1939 3739 2186 3786 constare
2231 3729 2478 3796 videtur,
2533 3728 2726 3784 intacti
2773 3737 3170 3799 permaneant,
3234 3729 3516 3784 constitui-

1939 3834 2062 3875 mus
2096 3835 2110 3873 ζ

2009 3909 2062 3964 1.
2103 3909 2174 3966 Ut
2208 3909 2254 3965 si
2288 3910 2410 3980 quis
2437 3909 2822 3964 subdiaconum
2857 3910 3214 3964 calumniatus
3249 3907 3430 3975 fuerit,
3463 3919 3520 3966 ct

1935 4001 2288 4066 convaluerit,
2333 4001 2660 4070 poenitentia
2703 3999 2962 4053 canonica
3001 4000 3291 4068 poeniteat,
3329 4008 3385 4053 et
3413 4009 3522 4054 tre-

1939 4099 2124 4146 centos
2145 4089 2342 4145 solidos
2365 4089 2614 4158 episcopo
2637 4095 2942 4156 componat.
2967 4087 3034 4141 Et
3053 4088 3096 4142 si
3134 4096 3376 4144 mortuus
3399 4087 3515 4144 lue-

1939 4180 2030 4245 rit,
2053 4180 2200 4234 iuxta
2225 4179 2278 4234 id
2303 4181 2444 4248 quod
2481 4191 2715 4233 canones
2759 4176 3094 4247 praecipiunt
3135 4181 3438 4244 poeniteat,
3463 4185 3520 4234 ct

1939 4269 2354 4338 quadringentos
2376 4267 2574 4324 solidos
2597 4269 2848 4336 episcopo
2870 4274 3174 4335 componat.

2007 4357 2064 4411 9..
2090 4357 2148 4412 Si
2173 4358 2454 4412 diaconum
2484 4357 2524 4387 "
2547 4357 2903 4412 calumniatus
2928 4355 3116 4421 fuerit,
3141 4365 3194 4410 et
3237 4356 3524 4412 convalue-

1941 4451 2044 4516 rit,
2086 4449 2354 4519 pocniteat
2395 4449 2686 4504 secundum
2728 4463 2980 4512 canones,
3007 4457 3061 4502 ct
3101 4448 3522 4518 quadringentos

1941 4542 2140 4596 solidos
2182 4541 2432 4609 episcopo
2477 4541 2521 4570 ²⁰
2566 4547 2870 4608 componat.
2917 4541 2974 4593 Si
3017 4555 3123 4594 non
3165 4541 3518 4606 convaluerit,

1941 4632 2090 4685 iuxta
2125 4641 2410 4700 praecepta
2449 4631 2754 4701 synodalica
2805 4631 3097 4700 poeniteat,
3145 4640 3200 4687 et
3239 4639 3522 4688 sexcentos

1943 4722 2140 4776 solidos
2161 4721 2408 4792 episcopo
2430 4729 2736 4790 componat.

2013 4813 2068 4866 5.
2093 4813 2150 4866 Si
2191 4812 2470 4882 presbyter
2509 4812 2650 4865 male
2675 4819 2938 4868 tractatus
2958 4811 3120 4868 fuerit
3145 4813 3186 4843 "
3213 4821 3267 4867 et
3307 4825 3522 4879 spassa-

1945 4903 2104 4967 verit,
2131 4901 2424 4956 secundum
2453 4903 2572 4958 eius
2605 4903 2840 4972 episcopi
2883 4901 3206 4958 sententiam
3249 4901 3520 4970 poeniteat

1945 4993 2000 5048 in
2023 4993 2177 5047 cuius
2200 4992 2458 5048 territorii
2486 4999 2752 5063 potestate
2773 5007 2892 5048 esse
2914 4992 3213 5048 dinoscitur
3235 4993 3304 5044 ".
3339 4989 3396 5044 Si
3419 5005 3518 5043 au-

1492 5101 1874 5158 VARIANTES
1903 5101 2302 5158 LECTIONES.

349 5191 364 5220 '
389 5188 728 5246 baccantium
753 5191 820 5245 Β.

277 5257 302 5332 ξ
345 5273 442 5332 pro
495 5261 858 5332 consolatione
896 5257 1155 5332 sanet—ae
1179 5263 1475 5332 ecclesiae,
1513 5271 1572 5314 ut
1621 5257 1682 5332 Β.

275 5329 300 5358 ⁹
327 5329 466 5382 deest
507 5329 560 5383 1.
635 5331 675 5361 ¹⁰
709 5331 848 5384 deest
887 5331 938 5384 l.
1042 5329 1084 5362 “
1123 5331 1282 5386 deest.
1316 5333 1367 5385 l.
1463 5331 1505 5361 “
1527 5345 1618 5385 sex
1649 5331 1714 5384 Β.

279 5541 382 5608 tam
411 5537 474 5590 Β.
516 5607 519 5608 ν
553 5537 594 5568 ⁸⁸
625 5539 678 5593 d.
725 5537 847 5608 quis
867 5554 916 5595 c.
951 5539 1012 5592 Β.
1089 5541 1132 5570 ¹⁰
1157 5541 1294 5595 deest
1325 5543 1374 5596 1.

283 5606 412 5664 [idos
443 5607 690 5680 episcopo
723 5606 1022 5680 coriipouat.
1055 5608 1112 5665 Si
1143 5609 1208 5666 Β.

913 5193 933 5222 ²
957 5193 1386 5261 supplicarentur
1410 5207 1546 5248 corr.
1595 5191 1958 5262 supplicarent
2003 5192 2055 5245 1.
2099 5193 2492 5262 supplicaretur
2518 5193 2586 5248 B.

1793 5261 1892 5315 ‘et
1939 5277 1970 5316 a
2027 5263 2128 5316 sibi
2164 5261 2374 5317 ﬁdesaut
2419 5264 2486 5317 B.

1821 5332 1862 5363 ¹³
1889 5347 2010 5386 cum
2037 5333 2100 5385 Β.

277 5397 480 5472 Karolo
504 5405 593 5472 _et~
618 5399 804 5472 primis
847 5400 1146 5472 Galliaeﬂet
1189 5399 1509 5456 Germaniae
1537 5401 1914 5472 conlaudatum
1967 5411 2022 5456 et
2065 5403 2426 5472 subscriptum
2467 5403 2805 5472 Bprcluwdus
2833 5412 2880 5456 et
2909 5402 3022 5456 Ivo.

275 5469 362 5536 pio
381 5479 447 5540 et?
467 5469 731 5540 hlotbario
759 5469 1168 5540 imperatoribus
1201 5472 1488 5526 constituta
1533 5479 1587 5525 et
1610 5486 1640 5524 a
1669 5473 1855 5540 primis
1883 5471 2087 5527 Galliae
2133 5469 2453 5527 Germaniae
2488 5471 2553 5526 G.

1450 5541 1491 5571 ²¹
1515 5543 1888 5613 presbyterum
1927 5543 2045 5612 quis
2087 5541 2223 5597 male
2249 5541 2558 5598 tractaverit
2587 5541 2652 5597 Β.

3251 5193 3274 5224 ⁸
3299 5192 3440 5247 deest
3462 5196 3516 5251 1.

2579 5264 2599 5296 ⁷
2653 5263 2996 5318 determinari
3045 5263 3112 5317 Β.
3212 5263 3234 5294 ⁸
3275 5263 3414 5316 deest
3463 5266 3518 5322 1.

2197 5333 2241 5364 ιθ
2261 5335 2400 5386 deest
2429 5333 2494 5386 Β.
2573 5333 2617 5364 ⁸⁸
2645 5334 2892 5387 omnibus
2927 5333 2992 5387 B.
3095 5331 3137 5364 ³⁸
3167 5333 3446 5387 triburiam
3486 5349 3520 5390 a

2197 5404 2426 5460 crintum
2467 5403 2805 5456 Barchardus
2833 5412 2880 5456 et
2909 5402 3022 5456 Ιυο.
3131 5403 3170 5434 ¹⁷
3219 5403 3522 5460 hludowico

2657 5474 2696 5504 ¹³
2727 5487 2868 5528 anno
2917 5473 3056 5540 apud
3093 5471 3394 5526 Theodouis
3423 5475 3524 5527 vil-

2750 5543 2794 5574 ²²
2827 5543 3096 5614 poeniteat
3119 5551 3416 5614 nongentos
3436 5559 3523 5599 so-

2689 5194 2710 5226 ³
2739 5194 3042 5266 synodalica
3057 5191 3144 5266 _2.
