4002 6146
591 253 698 330 eas

1475 275 1535 330 Β.
1575 273 1822 332 CAROLi
1862 271 2073 329 MAGNI
2109 269 2258 325 OPP.
2301 269 2476 326 PARS
2508 271 2548 326 l.
2593 269 2834 327 SECTIO
2869 267 2911 325 Ι.

3727 269 3818 330 684

589 389 750 444 nibus
775 387 1056 444 ﬁnibusac
1079 388 1236 444 terris
1257 389 1324 444 ad
1343 391 1562 445 easdem
1586 389 1832 443 civitates
1883 387 2158 458 pertinen-
2187 381 2234 442 Α
2259 396 2354 452 per
2381 382 2655 451 quodlibet
2674 388 3048 452 argumentum
3093 380 3207 434 sive
3233 378 3689 434 machinacionem
3705 394 3820 450 qna-

589 479 754 534 tibus.
778 480 976 535 Eodem
1009 481 1167 534 modo
1205 480 1534 534 territorium
1575 481 1925 556 Sabinensem
1970 477 1986 508 ί
2025 477 2168 532 sicut

589 585 620 624 a
657 571 898 640 genitore
949 579 1136 626 nostro
1185 570 1381 626 Karolo
1428 572 1754 641 imperatore
1791 572 1954 625 beato
2008 569 2166 623 Petro

586 659 826 728 apostolo
857 673 956 728 per
977 659 1292 714 donacionis
1316 660 1573 731 scriptum
1606 673 1925 716 concessum
1953 665 2033 713 est
2067 659 2166 712 sub

589 747 912 815 integritate,
943 748 1394 816 quemadmodum
1424 749 1492 803 ab
1528 749 1726 804 ltberio
1765 755 1818 802 et
1862 746 2166 816 Magenario

585 836 885 900 abbatibus,
911 837 1092 890 missis
1112 837 1277 902 illius,
1302 837 1444 892 inter
1465 839 1608 894 idem
1638 838 1968 892 territorium
2011 836 2167 891 Sabi-

582 943 749 983 nense
777 937 936 1000 atque
955 929 1242 983 Reatinum
1268 930 1552 986 diﬁinitum
1588 938 1689 986 est.
1720 930 1851 984 Item
1898 929 1952 982 in
1998 927 2166 996 parti-

581 1019 684 1074 bus
731 1019 927 1076 Tuscie
981 1021 1460 1089 Longobardorum
1511 1021 1802 1076 Castellum
1845 1018 2161 1083 Felicitatis,

585 1107 922 1172 Urbivetum,
950 1110 1206 1164 Balneum
1237 1111 1398 1181 regis,
1436 1113 1674 1174 Ferenti,
1699 1109 1950 1166 Castrum
1989 1109 2164 1162 Biter-

579 1199 723 1252 vium
752 1199 793 1262 ',
821 1197 1038 1264 Ortbas,
1096 1201 1329 1261 Marcam
1355 1203 1395 1269 ³,
1419 1203 1743 1268 Tuscanam,
1787 1203 2041 1264 Suanam,
2067 1195 2185 1256 Po?

579 1287 876 1356 pulonium,
904 1289 1168 1354 Rusellas,
1189 1300 1246 1346 et
1275 1291 1498 1357 insulas,
1523 1291 1817 1356 Corsicam,
1839 1291 2160 1354 Sardiniam,

577 1384 634 1431 et
657 1375 899 1432 Siciliam
937 1381 1038 1434 sub
1059 1380 1373 1450 integritate
1412 1397 1537 1437 cum
1593 1383 1844 1437 omnibus
1871 1381 2164 1436 adiacenti-

576 1468 696 1533 bus,
736 1483 802 1523 ac
819 1470 1124 1535 territoriis,
1152 1473 1458 1537 maritimis,
1511 1472 1780 1538 litoribus,
1807 1471 2070 1542 portubus
2097 1469 2163 1524 ad

574 1559 972 1628 suprascriptas
1001 1561 1250 1616 civitates
1274 1567 1331 1617 et
1357 1561 1563 1618 insulas
1589 1561 2000 1632 pertinentibus.
2029 1559 2160 1612 item

2265 489 2497 544 cumque
2531 483 2686 544 parte
2708 475 2983 528 minuatur
3015 479 3193 526 vestra
3218 478 3476 539 potestas,
3501 479 3592 526 aut
3610 473 3820 531 vobisde

2266 565 2644 635 suprascriptis
2662 565 2930 628 omnibus,
2961 562 3045 618 vel
3069 562 3474 618 successoribus
3514 563 3700 618 vestris
3715 564 3821 620 inde

2265 655 2468 724 aliquid
2493 655 2862 721 subtrahatur,
2903 653 2969 709 de
2997 652 3379 721 suprascriptis
3435 650 3676 710 videlicet
3711 668 3820 724 pro-

2265 746 2474 812 vinciis,
2505 747 2748 812 urbibus,
2773 746 3106 811 civitatibus,
3151 743 3389 814 oppidis,
3441 745 3651 811 castris,
3697 747 3823 800 vicu-

2264 838 2330 894 lis
2358 839 2417 903 ",
2445 839 2756 904 territoriis,
2783 847 2946 908 atque
2979 837 3338 908 patrimoniis,
3375 852 3581 892 necnon
3621 847 3671 892 et
3711 852 3822 906 pen-

2263 928 2522 994 sionibus,
2542 937 2703 998 atque
2728 929 3016 995 censibus;
3048 929 3124 984 ita
3151 935 3212 983 ut
3231 941 3404 998 neque
3431 943 3528 985 nos
3545 943 3605 983 ea
3627 929 3822 986 subtra-

2263 1019 2471 1082 hamus,
2503 1033 2678 1088 neque
2702 1019 3028 1088 quibuslibet
3056 1019 3374 1080 subtrahere
3393 1017 3688 1075 τοιθηιὶιλιιθ
3711 1034 3824 1074 eon-

2262 1112 2581 1175 senciamus,
2611 1113 2704 1168 sed
2725 1113 2914 1183 pocius
2938 1113 3118 1168 omnia
3160 1127 3266 1183 que
3289 1112 3536 1182 superius
3567 1113 3821 1183 leguntur,

2263 1199 2317 1256 id
2343 1209 2426 1255 est
2447 1203 2770 1271 provincias,
2797 1202 3067 1266 civitates,
3118 1203 3302 1266 urbes,
3357 1202 3563 1272 oppida,
3595 1200 3820 1264 castella,

2265 1291 2557 1356 territoria,
2596 1293 2942 1361 patrimonia,
2968 1301 3133 1362 atque
3159 1293 3379 1354 insulas.
3405 1307 3612 1355 census.
3632 1301 3685 1346 et
3710 1306 3824 1361 peu-

2261 1379 2442 1434 siones
2467 1380 2692 1439 ecclesie
2719 1382 2864 1436 beati
2887 1383 3030 1438 Petri
3069 1381 3317 1452 apostoli,
3335 1391 3394 1436 et
3415 1381 3748 1452 pontiﬁcibus
3773 1381 3824 1436 in

2261 1470 2627 1526 sacratissima
2652 1471 2800 1527 illius
2823 1471 2948 1530 Sede
2972 1472 3026 1525 in
3051 1480 3364 1544 perpetuum
3394 1471 3743 1528 residentibus
3773 1471 3822 1524 in

2261 1571 2520 1632 quantum
2546 1579 2832 1634 possumus
2855 1581 2955 1620 nos
2976 1563 3281 1620 deﬁendere
3322 1563 3710 1635 promictimus.
3751 1563 3824 1618 Ad

573 1649 630 1703 iu
652 1651 898 1718 partibus
921 1651 1213 1721 Catnpanie
1240 1652 1450 1715 Soram,
1493 1652 1680 1716 Arces,
1723 1651 2014 1720 Aquinum,
2059 1648 2162 1704 Ar-
2191 1717 2224 1721 _
2264 1657 2388 1720 hoc,
2413 1663 2474 1709 ut
2509 1657 2688 1710 omnia
2714 1671 2776 1710 ea
2819 1657 2874 1711 in
2927 1656 3070 1710 illius
3100 1657 3302 1712 ditione
3349 1656 3416 1710 ad
3463 1655 3734 1718 utendum,
3775 1662 3826 1709 et

574 1717 782 1810 pinum,
812 1717 1108 1806 Theanum,
1137 1750 1191 1797 et
1218 1742 1474 1812 Capuam,
1502 1750 1557 1796 et
1580 1717 1904 1811 patrimonia
1951 1741 2019 1796 ad
2059 1754 2159 1809 po-
2190 1717 2236 1776 Β
2267 1717 2570 1808 fruendum,
2600 1753 2766 1816 atque
2801 1745 3192 1816 disponendum
3233 1746 3463 1803 ﬁrmiter
3496 1745 3668 1800 valeat
3704 1717 3828 1800 obti-

575 1839 825 1886 testatem
853 1841 1086 1888 vestram
1107 1843 1163 1888 et
1197 1834 1464 1890 dicionem
1507 1834 1900 1905 pertinentibus
1925 1834 1970 1899 ",
2020 1833 2158 1889 sicut

571 1931 657 1977 est
677 1910 1060 1992 patrimonium
1084 1923 1537 1990 Beneventanum,
1564 1933 1619 1979 et
1649 1924 2064 1986 Salernitanum,
2101 1931 2158 1978 et

570 2013 956 2080 patrimonium
979 2013 1228 2070 Calabric
1253 2014 1523 2070 inferioris
1565 2025 1621 2070 et
1650 2015 1964 2084 superioris,
1993 2023 2050 2068 et
2071 2030 2160 2084 pa-

571 2101 882 2156 trimonium
909 2101 1337 2173 Neapolitanum,
1362 2115 1416 2159 et
1447 2105 1772 2175 ubicumque
1814 2105 1868 2160 in
1917 2105 2161 2174 partibus

569 2195 724 2262 regni
761 2201 923 2270 atque
950 2193 1161 2264 imperii
1189 2211 1219 2250 a
1255 2196 1366 2252 Deo
1391 2196 1546 2253 nobis
1579 2195 1852 2252 commissi
1902 2196 2160 2266 patrimo—

567 2283 658 2336 nia
688 2292 864 2340 vestra
893 2299 1013 2340 esse
1041 2294 1360 2344 noscuntur.
1401 2287 1510 2343 llas
1529 2303 1720 2344 omnes
1764 2289 2160 2358 suprascriptas

570 2375 898 2442 provincias,
963 2377 1126 2432 urbes
1193 2387 1248 2433 et
1291 2379 1556 2448 civitates,
1584 2379 1778 2454 oppida
1854 2387 2017 2452 atque
2065 2394 2157 2434 ca-

529 2517 533 2522 .
569 2464 732 2520 stella
759 2465 800 2530 ',
829 2466 1036 2523 viculos
1083 2484 1149 2524 ac
1177 2471 1472 2538 territoria,
1499 2471 1766 2541 simulque
1791 2471 1812 2502 ⁶
1836 2471 2159 2541 patrimonia

567 2550 676 2608 iam
701 2554 844 2610 dicte
863 2557 1092 2613 ecclesie
1119 2565 1232 2622 tne,
1267 2561 1426 2616 beate
1447 2560 1608 2620 Petre
1629 2561 1886 2630 apostole,
1911 2569 1966 2614 et
1988 2575 2086 2630 per
2105 2568 2160 2618 te

566 2645 772 2701 vicario
797 2654 892 2703 tuo
943 2649 1208 2718 spirituali
1255 2651 1396 2720 patri
1447 2659 1636 2708 nostro
1691 2653 1870 2708 donno
1925 2651 2154 2716 Pascali,

567 2750 786 2792 summo
818 2738 1063 2808 pontiﬁci
1092 2747 1146 2794 et
1169 2739 1458 2796 universali
1495 2756 1648 2812 pape,
1693 2741 1918 2812 eiusque
1939 2757 2157 2798 succes-

569 2826 784 2881 soribus
809 2843 982 2898 usque
1017 2829 1071 2884 in
1095 2829 1254 2892 ﬁnem
1283 2829 1448 2886 seculi
1486 2833 1680 2894 eodem
1709 2833 1729 2864 "
1760 2832 1919 2892 modo
1964 2832 2158 2892 conﬁr-

569 2935 798 2986 mamus,
817 2931 879 2976 ut
899 2923 952 2976 in
980 2939 1080 2984 suo
1119 2924 1396 2980 detineant
1435 2927 1570 2992 iure,
1621 2926 1926 2998 principatu
1994 2936 2156 2996 atque

569 3013 802 3068 dicione.

2261 1835 2398 1890 neri.
2423 1833 2742 1905 Nullamque
2767 1835 2822 1892 in
2845 1835 2924 1891 eis
2951 1836 3107 1892 nobis
3132 1845 3362 1908 partem,
3395 1843 3486 1890 aut
3516 1843 3826 1906 potestatem

2259 1923 2598 1993 disponendi,
2623 1925 2706 1980 vel
2731 1925 3023 1990 iudicandi,
3049 1927 3488 1992 subtrahendive,
3527 1937 3614 1984 aut
3664 1930 3827 1984 milui-

2260 2015 2414 2068 randi
2443 2015 2808 2082 vendicamus,
2832 2017 2938 2072 nisi
2961 2026 3230 2087 quatenus
3261 2020 3331 2074 ab
3358 2019 3466 2084 illo,
3495 2019 3581 2088 qui
3606 2034 3678 2074 eo
3701 2029 3827 2074 tem-

2258 2112 2390 2175 pore
2417 2105 2576 2162 huius
2605 2115 2790 2161 sancte
2811 2107 3037 2162 ecclesie
3079 2107 3321 2178 regimen
3363 2109 3607 2173 tenuerit,
3660 2108 3826 2180 rogati

2259 2195 2538 2252 fuerimus.
2571 2195 2639 2250 Et
2670 2198 2714 2252 si
2737 2198 2964 2266 quilibet
2986 2198 3150 2256 homo
3174 2197 3240 2254 de
3287 2198 3601 2268 supradictis
3639 2199 3827 2254 civita-

2259 2287 2404 2341 tibus
2426 2289 2494 2342 ad
2519 2298 2755 2343 vestram
2775 2289 3056 2346 ecclesiam
3091 2289 3486 2360 pertinentibus
3529 2291 3593 2345 ad
3615 2306 3726 2346 nos
3743 2305 3829 2345 vc-

2259 2378 2420 2444 nerit,
2446 2379 2763 2436 subtrahere
2787 2393 2846 2434 se
2865 2378 3050 2435 volens
3071 2378 3138 2434 de
3182 2389 3363 2435 vestra
3391 2381 3595 2436 dicione
3629 2389 3688 2435 et
3735 2395 3827 2450 po-

2260 2475 2475 2535 testate,
2506 2468 2589 2524 vel
2629 2469 2864 2540 aliquam
2887 2470 3181 2540 quamlibet
3207 2471 3446 2543 iniquam
3478 2470 3828 2526 machinacio-

2259 2571 2384 2612 nem
2411 2566 2667 2614 metuens
2690 2566 2789 2613 aut
2811 2558 3024 2629 culpam
3047 2559 3392 2615 commissam
3413 2559 3638 2628 fugiens,
3689 2558 3828 2614 nullo

2259 2647 2418 2704 modo
2443 2661 2568 2703 eum
2597 2647 2640 2680 ¹⁸
2663 2649 3000 2718 recipiemus,
3033 2649 3136 2704 nisi
3161 2649 3228 2704 ad
3251 2651 3446 2708 iustam
3491 2664 3586 2720 pro
3623 2663 3695 2704 eo
3750 2649 3827 2704 ra-

2259 2735 2503 2792 ciendam
2531 2737 2990 2803 intercessionem,
3015 2739 3086 2793 ita
3108 2738 3388 2794 dumtaxat
3409 2739 3454 2796 si
3476 2741 3648 2811 culpa,
3674 2755 3830 2811 quam

2259 2825 2550 2892 commisit,
2593 2827 2820 2888 venialis
2840 2827 3003 2883 fuerit
3027 2829 3264 2898 inventa,
3289 2831 3372 2885 sin
3409 2831 3562 2885 aliter
3601 2847 3826 2902 conpre-

2259 2914 2486 2970 hensum
2517 2927 2696 2971 vestre
2718 2919 2972 2987 potestati
2997 2935 3120 2974 eum
3167 2921 3530 2977 remictamus.
3581 2922 3830 2992 Exceptis

2261 3003 2366 3069 his,
2393 3003 2484 3073 qui
2521 3004 2860 3072 violcuciam,
2889 3007 2974 3062 vel
3018 3009 3418 3078 Oppressionem
3466 3011 3828 3080 potenciorum

639 3102 816 3160 Simili
842 3107 1000 3164 modo
1021 3121 1120 3177 per
1143 3107 1246 3163 hoc
1270 3116 1454 3165 nostre
1493 3107 1929 3164 conﬁrmacionis
1974 3109 2156 3164 decre-

2259 3095 2404 3164 passi
2431 3095 2550 3150 ideo
2571 3095 2638 3150 ad
2670 3109 2770 3151 nos
2787 3077 3067 3160 venerint,
3087 3077 3146 3152 ut
3168 3112 3267 3168 p:r
3299 3077 3548 3154 nostram
3573 3101 3828 3157 interces-

565 3205 680 3252 tum
729 3197 1009 3257 ﬁrmamus
1057 3199 1402 3264 donaciones,
1457 3215 1593 3270 quas
1637 3200 1725 3270 pie
1764 3199 2158 3258 recordationis

564 3285 774 3344 donnus
801 3289 1024 3359 Pipinus
1054 3305 1149 3345 rex
1181 3306 1314 3346 avus
1338 3299 1542 3358 noster,
1570 3299 1623 3346 et
1646 3300 1834 3366 postea
1862 3292 2074 3347 donnus
2101 3301 2156 3348 et

565 3378 782 3452 genitor
829 3387 1014 3434 noster
1071 3378 1304 3434 Karolus
1363 3379 1657 3450 imperator
1701 3381 1862 3437 beato
1914 3380 2156 3450 apostolo

565 3473 726 3529 Petro
751 3480 1045 3541 spontanea
1097 3469 1372 3526 voluntate
1408 3470 1775 3526 contulerunt.
1815 3473 1926 3528 Nec
1965 3488 2070 3528 non
2101 3482 2156 3528 et

565 3579 806 3624 censum,
839 3571 894 3615 et
921 3561 1258 3630 pensionem,
1299 3577 1393 3617 seu
1424 3571 1635 3618 ceteras
1677 3564 1934 3620 daciones
1971 3565 2016 3630 ⁸,
2051 3581 2156 3636 que

565 3652 841 3706 annuatim
869 3651 922 3704 in
945 3649 1212 3719 palaeium
1255 3652 1398 3722 regis
1444 3651 1920 3723 Langobardorum
1967 3655 2152 3712 inferri

566 3741 832 3804 solebant,
886 3739 1002 3794 sive
1035 3739 1102 3794 de
1133 3739 1328 3794 Tuscia
1378 3739 1878 3812 Langobardorum,
1929 3745 2043 3799 sive
2087 3744 2154 3802 de

566 3829 762 3887 ducatu
787 3829 1065 3899 Spoletino
1096 3827 1136 3896 ’,
1184 3828 1324 3884 sicut
1358 3830 1412 3884 in
1442 3832 1822 3902 suprascriptis
1850 3833 2155 3890 donacioni-

567 3922 666 3975 bus
687 3921 1032 3974 continentur
1055 3918 1118 3982 “,
1143 3925 1198 3972 et
1221 3918 1363 3973 inter
1379 3927 1564 3976 sancte
1586 3923 1844 3977 memorie
1856 3922 2151 3980 Adrianum

564 4024 776 4080 papam,
805 4017 859 4062 et
879 4007 1170 4077 dompnum
1195 4021 1260 4062 ac
1297 4009 1594 4078 genitorem
1627 4018 1870 4065 nostrum
1899 4011 2150 4070 Kal-clum

564 4105 942 4174 imperatorem
967 4101 1238 4166 convenit,
1271 4101 1523 4171 quoniam
1559 4103 1600 4134 ¹¹
1631 4103 1769 4158 idem
1806 4105 2042 4176 pontifex
2070 4108 2148 4161 ei-

561 4195 685 4251 dem
716 4195 780 4249 de
808 4193 1186 4264 suprascriptis
1212 4193 1514 4260 ducatibus,
1543 4193 1598 4248 id
1634 4202 1716 4248 est
1741 4195 1783 4225 ¹¹
1823 4195 2068 4251 Tuscano
2097 4205 2152 4251 et

513 4269 516 4273 ’
567 4283 843 4354 Spoletino
871 4283 935 4348 ³³,
962 4297 1058 4338 sue
1081 4283 1124 4313 ’δ
1151 4282 1486 4338 auctoritatis
1507 4291 1818 4352 preceptum
1869 4283 2151 4340 conﬁrma-

565 4376 660 4438 vit,
691 4387 756 4430 eo
783 4373 987 4428 scilicet
1016 4373 1060 4404 ¹⁸
1085 4374 1264 4436 modo,
1298 4380 1358 4426 ut
1397 4373 1553 4427 annis
1597 4374 1820 4444 singulis
1872 4371 2142 4444 predictus

565 4467 759 4518 census
779 4461 1006 4516 eeclesie
1033 4462 1172 4516 beati
1211 4461 1359 4516 Petri
1385 4462 1609 4530 apostoli
1640 4463 1974 4532 persolvatur
1994 4467 2140 4522 salva

567 4567 726 4622 super
753 4551 969 4606 eosdem
1007 4549 1232 4607 ducatus
1269 4559 1462 4607 nostra
1507 4553 1566 4606 in
1615 4554 1865 4608 omnibus
1913 4553 2143 4622 dicione,

555 4651 621 4695 et
650 4641 864 4696 illorum
892 4641 960 4695 ad
991 4649 1230 4696 nostram
1257 4649 1466 4711 partem
1496 4643 1854 4698 subicccione.
1895 4645 2144 4702 Ceterum

557 4731 707 4788 sicut
729 4730 964 4788 diximus
984 4731 1165 4788 omnia
1193 4733 1442 4800 superius
1485 4733 1759 4796 nominata
1817 4733 1889 4793 ita
1941 4737 2009 4796 ad
2052 4752 2144 4791 ve-

566 4829 736 4878 stram
773 4821 816 4852 “
843 4828 1052 4894 partem
1074 4836 1173 4891 per
1199 4823 1304 4880 hoc
1340 4829 1524 4880 nostre
1567 4823 2001 4880 conﬁrmacionis
2047 4827 2146 4882 de-

563 4923 773 4971 cretum
804 4915 1140 4980 roboramus.
1169 4915 1314 4974 utin
1352 4923 1532 4976 vestro
1578 4925 1986 4987 vestrornmque
2028 4934 2143 4976 suc-

556 5021 838 5063 cessorum
873 5015 1187 5076 permaneat
1206 5005 1344 5072 iure,
1372 5007 1698 5077 principatu,
1721 5015 1883 5078 atque
1912 5010 2142 5078 dicione,

529 5145 532 5149 .
559 5106 624 5152 ut
646 5113 749 5154 nec
776 5113 806 5152 a
830 5098 1004 5164 nobis,
1033 5111 1133 5153 nec
1152 5112 1184 5152 a
1222 5096 1350 5152 ﬁliis
1374 5097 1458 5151 vel
1481 5099 1883 5155 successoribus
1919 5103 2140 5170 nostris,

2259 3183 2466 3238 sionem
2495 3184 2764 3240 iusticiam
2789 3185 3031 3264 accipere
3058 3197 3386 3252 mereantur,
3411 3203 3641 3259 quorum
3671 3189 3828 3244 altera

2257 3275 2502 3330 condicio
2523 3283 2626 3339 est,
2653 3283 2708 3329 et
2736 3289 2766 3329 a
2791 3276 3158 3346 superioribus
3210 3285 3296 3332 est
3345 3277 3499 3332 valde
3548 3277 3827 3333 disiuncta.

2257 3367 2323 3421 Et
2349 3368 2564 3436 quando
2585 3368 2763 3422 divina
2796 3369 3085 3424 vocacione
3105 3369 3266 3424 huius
3291 3371 3661 3425 sacratissime
3697 3369 3830 3424 sedis

2255 3455 2495 3526 pontifex
2521 3457 2589 3510 de
2615 3457 2717 3512 hoc
2740 3457 2940 3512 mundo
2965 3456 3300 3527 migraverit,
3339 3456 3518 3512 nullus
3559 3472 3629 3512 ex
3676 3473 3828 3528 regno

2256 3555 2443 3604 nostro
2471 3554 2566 3602 aut
2589 3547 2848 3611 Francus,
2883 3555 2976 3602 aut
3013 3547 3418 3619 Langobardus,
3456 3555 3550 3602 aut
3591 3548 3664 3605 de
3707 3564 3829 3618 qua—

2258 3639 2390 3694 libet
2420 3648 2576 3708 gente
2605 3639 2765 3694 homo
2787 3639 2888 3694 sub
2936 3647 3119 3694 nostra
3163 3648 3433 3708 potestate
3485 3641 3826 3703 constitutus,

2254 3731 2521 3786 licentiam
2569 3733 2762 3787 habeat
2806 3739 2996 3786 contra
3049 3731 3322 3787 Romanos
3359 3731 3402 3764 ⁸⁸
3446 3741 3540 3786 aut
3596 3733 3828 3802 publice,

2253 3829 2346 3876 aut
2366 3821 2573 3892 private
2599 3820 2846 3876 veniendi
2870 3820 2952 3876 vel
2979 3820 3026 3852 “
3054 3820 3369 3876 electionem
3411 3819 3667 3884 faciendi,
3719 3821 3828 3876 nul-

2253 3914 2443 3984 lusque
2466 3913 2521 3966 in
2554 3913 2880 3976 civitatibus,
2907 3911 2991 3966 vel
3015 3911 3303 3966 territoriis
3323 3911 3367 3944 "
3411 3912 3646 3968 ecclesic
3693 3911 3829 3967 beati

2253 4004 2400 4060 Petri
2429 4003 2654 4072 apostoli
2679 4008 3000 4072 potestatem
3030 4002 3426 4078 pertinentibus
3456 4002 3680 4072 aliquod
3723 4018 3830 4057 ma—

2247 4089 2362 4154 ltnn
2393 4104 2616 4166 propter
2655 4094 2926 4150 hominem
2969 4095 3016 4126 ⁸⁸
3063 4094 3239 4149 facere
3273 4103 3571 4164 presumat.
3622 4095 3736 4150 Sed
3773 4095 3832 4149 li-

2251 4197 2371 4244 ccat
2391 4187 2648 4243 Romanis
2675 4201 2799 4242 cum
2825 4185 2970 4241 omni
3016 4186 3388 4252 venerat-ioue,
3433 4193 3486 4240 et
3533 4187 3660 4242 sine
3705 4202 3832 4258 qua-

2250 4281 2382 4335 libet
2408 4277 2453 4314 “
2477 4276 2890 4347 perturbacione
2915 4274 3259 4331 honoriﬁcam
3288 4291 3386 4331 suo
3411 4274 3660 4344 pontiﬁci
3687 4275 3834 4331 exhi-

2250 4375 2377 4429 bere
2397 4370 2742 4440 sepulturam.
2775 4370 2842 4424 Et
2865 4384 2989 4424 eum
3013 4383 3172 4438 quem
3197 4368 3372 4422 divina
3399 4368 3770 4437 inspiracione
3787 4367 3834 4398 ’⁸

2243 4471 2298 4518 et
2319 4462 2464 4517 beati
2501 4459 2645 4514 Petri
2676 4458 3062 4514 intercessione
3082 4472 3270 4512 omnes
3292 4453 3521 4512 Romani
3547 4473 3663 4512 uno
3707 4473 3837 4513 con-

2247 4553 2368 4610 silio
2408 4559 2570 4621 atque
2616 4550 2904 4606 concordia
2948 4550 3065 4604 sine
3115 4549 3292 4620 aliqua
3339 4549 3712 4618 promissione
3769 4547 3835 4603 ad

2243 4643 2590 4716 pontiﬁcatus
2617 4641 2865 4697 ordinem
2891 4641 3153 4711 elegerint
3193 4639 3240 4670 "
3269 4639 3383 4694 sine
3411 4639 3660 4708 qualibet
3723 4655 3838 4695 am-

2249 4734 2508 4806 biguitate
2547 4731 2633 4786 vel
2679 4729 3102 4788 contradictione
3141 4742 3291 4786 more
3331 4728 3594 4784 canonico
3637 4743 3838 4785 conse—

2243 4841 2401 4898 crary
2425 4826 2492 4890 ’⁵,
2518 4834 2573 4879 et
2597 4823 2725 4879 dum
2755 4829 3100 4878 consecratus
3121 4817 3301 4884 fuerit,
3329 4818 3491 4890 legati
3518 4820 3591 4874 ad
3625 4835 3735 4876 nos
3759 4818 3844 4874 vel

2246 4920 2314 4976 ad
2335 4929 2678 4974 successores
2702 4921 2918 4971 nostros
2947 4925 3098 4980 reges
3127 4909 3458 4971 Francorum
3500 4909 3841 4980 dirigantur,

2244 5008 2335 5078 qui
2371 5007 2512 5060 inter
2546 5019 2644 5058 nos
2674 5012 2728 5058 et
2761 5003 2909 5056 illum
2945 4999 3258 5062 amicitiam,
3305 5007 3360 5054 et
3421 4999 3742 5064 caritatem,
3787 5009 3846 5054 et

2243 5113 2430 5169 pacem
2459 5095 2684 5158 socient,
2733 5094 2872 5148 sicut
2917 5090 3248 5160 temporibus
3293 5089 3381 5159 pic
3430 5090 3848 5146 recordacionis

1767 5280 2159 5341 VARIANTES
2197 5279 2584 5348 LECTIONES

635 5429 654 5462 ¹
703 5419 1079 5490 Sabinenseﬂ.
1177 5431 1198 5463 ’
1237 5431 1574 5493 Viterbi'rdl.

564 5495 586 5525 "
617 5498 939 5554 donaciones
969 5499 1045 5552 M.
1138 5500 1160 5532 '
1205 5515 1232 5552 s

569 5566 614 5596 "
651 5569 839 5623 eodem
873 5568 1036 5622 simili
1062 5569 1138 5622 Μ.
1216 5566 1259 5600 ³³
1286 5579 1522 5626 nostram
1551 5569 1626 5622 Μ.

1676 5431 1698 5463 ³
1728 5431 1952 5488 Martem
1981 5431 2008 5486 1

2121 5434 2143 5504 ξ
2171 5427 2623 5504 pertinencia‘M.

1306 5501 1484 5555 letano
1527 5500 1604 5554 Μ.
1682 5501 1724 5532 ¹⁰
1753 5501 2064 5558 continetur
2085 5497 2190 5566 ΜΣ
2243 5504 2283 5535 ¹¹
2313 5517 2436 5556 eum
2476 5497 2554 5554 Μ.

1706 5571 1746 5602 ¹⁷
1775 5571 1916 5626 villis
1944 5571 2020 5625 Η.
2099 5572 2142 5602 ¹⁸
2175 5587 2224 5628 e.
2253 5571 2411 5626 aliter
2436 5585 2484 5623 r.
2519 5566 2598 5622 Η.
2677 5567 2718 5598 ¹⁹
2746 5583 2796 5622 c.
2826 5567 2892 5621 Β.
2917 5569 3104 5622 desunt
3128 5566 3204 5624 Μ.

2721 5428 2744 5460 ⁸
2771 5435 2946 5484 castra
2978 5427 3058 5482 Μ.

3159 5427 3253 5502 ‘s.
3279 5429 3522 5502 ειμι.
3589 5431 3617 5502 7
3653 5446 3734 5490 eo
3767 5431 3850 5490 Ι.

2633 5498 2674 5528 ¹¹
2706 5498 2761 5552 d.
2794 5499 2848 5554 in
2875 5497 2950 5551 Μ.
3029 5498 3072 5542 ’ἓ

3207 5499 3388 5560 letano
3407 5501 3484 5556 ll.
3565 5500 3609 5532 “
3629 5504 3769 5560 sine
3795 5505 3852 5558 i.

3280 5571 3326 5602 ’⁸
3347 5581 3445 5627 aut
3466 5571 3544 5625 Μ.
3623 5574 3678 5604 ¹¹
3708 5583 3754 5628 t.
3781 5575 3855 5628 ad

559 5647 614 5686 e.
651 5635 728 5689 ιι.
803 5639 847 5668 ⁸³
878 5638 980 5692 hoc
1031 5637 1086 5690 Μ
1185 5638 1230 5668 ’³
1261 5639 1436 5711 aliqua
1466 5639 1541 5692 Μ.
1618 5639 1662 5670 ³³
1700 5641 2000 5710 spiraeione
2028 5640 2102 5694 Μ.
2181 5643 2228 5673 ³⁸
2256 5639 2502 5712 eligerint
2525 5655 2570 5694 s.
2601 5637 2782 5710 aliqua
2810 5637 2885 5690 Μ.
2961 5639 3006 5669 ’⁸
3028 5653 3344 5696 consecrare
3375 5641 3452 5696 ll.
