4002 6146
425 391 526 448 701

906 389 1060 445 COD.
1103 386 1376 444 DlPLOM.
1397 417 1468 430 —
1489 387 1853 447 BENEDICTI
1890 386 2410 445 CAPITULARIUM
2447 385 2850 444 COLLECTIO.
2889 414 2961 427 -ο-
2986 389 3118 444 LIB.
3160 389 3201 444 Ι.

419 515 551 560 cum
579 497 942 554 Karlomanno
980 495 1310 571 Francorum
1349 498 1592 571 principe
1635 501 1896 556 canonice
1933 507 2010 571 te-
2037 511 2084 570 Α
2109 501 2238 557 Inde
2268 500 2612 571 [Iludowicus
2630 516 2796 571 regno
2831 502 3094 558 successit
3110 502 3278 568 avito.

419 572 570 636 nuit;
608 578 668 624 ut
703 574 999 651 agnoscant
1023 582 1212 649 omnes
1233 569 2012 651 haee-praedictorumpripcio

457 658 552 696 um
617 637 852 706 capitula
900 637 1132 692 maxime
1183 637 1472 706 apostolica
1521 637 1845 694 auctoritate
1895 639 2013 694 fore

549 717 659 764 ata.
680 707 810 761 l’ost
830 707 933 762 ista
951 721 1165 776 quoque
1177 722 1315 776 quae
1334 716 1606 773 secuntur,
1625 709 1810 764 eadem
1825 719 2012 764 aucto-

419 782 586 836 ritate
604 777 842 834 maxima
879 785 937 831 ut
973 777 1206 832 diximus
1228 793 1293 833 ex
1320 786 1472 847 parte
1490 786 1546 833 et
1567 779 1807 833 omnium
1835 779 2008 833 Fran-

416 865 610 908 corum
634 847 915 915 utriusque
933 847 1142 901 ordinis
1167 847 1407 903 virorum
1443 863 1664 904 assensu
1702 857 1828 902 sunt
1853 849 2012 904 robo-

417 930 560 976 rata.
637 917 888 973 Secundo
951 930 1080 987 vero
1145 917 1199 973 in
1247 917 1426 973 libello
1475 927 1596 987 post
1651 918 2008 987 capitulorum

415 1003 708 1050 numerum
745 987 918 1056 prima
946 985 1125 1057 fronte
1159 987 1334 1057 posita
1357 985 1768 1057 sunt—quaedam
1796 1003 1862 1044 ex
1894 989 2010 1056 lege

413 1061 601 1116 divina
619 1066 873 1127 excerpta
893 1056 1166 1126 capitula,
1187 1057 1326 1113 sicut
1367 1072 1431 1112 ea
1467 1056 1695 1127 sparsim
1729 1058 1784 1112 in
1820 1073 2008 1114 eorum

391 1130 588 1208 'rnixta
627 1126 875 1208 capitulis
900 1127 1254 1208 repperimus,
1281 1135 1342 1182 ut
1381 1126 1571 1208 omnes
1607 1127 2008 1208 baec_capitula

388 1198 627 1270 tlegibus
655 1196 852 1270 divi_nis
871 1197 1200 1270 regulisque
1237 1198 1512 1270 canonicis
1535 1196 1866 1270 concordare
1899 1213 2008 1270 non

415 1265 689 1338 ignorent.
717 1265 924 1338 Tertio
964 1265 1230 1336 siquidem
1272 1267 1329 1322 in
1370 1267 1550 1323 libello
1591 1275 1714 1338 post
1765 1267 2006 1338 eiusdem

412 1335 586 1396 libelli
613 1335 969 1407 capitulorum
997 1335 1280 1392 numerum
1307 1338 1570 1406 quaedam
1592 1335 1677 1391 'ex
1708 1337 2007 1392 canonibus

411 1423 446 1488 ξι
481 1406 726 1488 Paulino,
746 1406 999 1488 episcopo
1036 1415 1092 1488 et
1139 1407 1346 1488 Albino.
1378 1408 1639 1488 magistro
1679 1407 2007 1488 reliquisque

413 1477 668 1548 iussione
685 1474 866 1531 Karoli
892 1474 1235 1548 invictissimi
1268 1474 1526 1548 principis
1563 1474 1832 1548 magistris
1853 1474 2006 1548 spar-

410 1548 524 1602 sim
571 1545 795 1616 collecta
849 1553 976 1601 sunt
1019 1547 1221 1616 inserta
1272 1545 1539 1616 capitula;
1586 1545 2006 1615 et'quibusdam

411 1615 772 1686 interpositis,
800 1622 1099 1685 sequuntur
1125 1615 1232 1670 alia
1269 1617 1486 1686 regulae
1522 1617 1854 1672 monasticae
1877 1631 2008 1686 conf

413 1685 691 1756 gruentia;
714 1695 769 1740 et
793 1686 1008 1740 demum
1032 1698 1094 1739 ea
1115 1699 1255 1754 quae
1273 1685 1549 1750 secuntur,
1574 1689 1641 1742 ad
1667 1695 1885 1756 sanctae
1902 1685 2004 1756 Dei

410 1755 679 1812 ecclesiae
727 1769 1112 1822 servorumque
1151 1756 1269 1810 eius
1313 1765 1474 1824 atque
1513 1757 1680 1810 totius
1723 1755 2002 1811 christiani

407 1825 598 1896 populi
629 1824 914 1896 utilitatem
965 1825 1438 1896 suntconscripta
1478 1825 1726 1896 capitula,
1771 1825 1912 1880 sicut
1949 1825 2004 1878 in

409 1893 604 1950 eodem
631 1894 977 1949 continentur
999 1893 1198 1966 libello.
1226 1893 1517 1950 Precamur
1533 1893 1748 1966 quoque
1774 1895 2005 1951 lectores

407 1979 604 2020 omnes
641 1963 1212 2034 cunctosqueiudices
1260 1973 1316 2020 et
1362 1963 1747 2034 sapientes,'ut
1797 1981 1904 2020 non
1941 1979 2004 2019 ea

408 2034 636 2116 sinistra
658 2033 1102 2116 interpretatione
1125 2035 1234 2089 ullo
1259 2033 1494 2116 unquam
1517 2043 1760 2116 tempore
1783 2034 2005 2116 dignen-

409 2113 506 2158 tur
531 2117 814 2174 exponere,
845 2111 939 2158 aut
965 2118 1287 2174 quemquam
1316 2104 1513 2160 iniuste
1537 2104 1796 2168 iudicare,
1832 2104 1918 2159 vel
1940 2119 2005 2158 eo

405 2175 559 2245 quod
590 2189 697 2228 non
736 2173 847 2245 sint
863 2173 1126 2245 quaedam
1148 2173 1231 2229 ex
1275 2174 1360 2230 bis
1382 2175 1530 2229 iuxta
1555 2176 1798 2245 regulam
1825 2189 2005 2245 gram-

406 2243 644 2299 maticae
673 2243 808 2298 artis
834 2243 1151 2312 composita,
1172 2245 1565 2313 reprehendere
1589 2260 1604 2310 ;
1624 2243 1726 2300 Sed
1749 2243 1847 2313 pro
1871 2244 2004 2312 ipsis

401 2313 745 2437 principibus
780 2327 1080 2382 eorumque
1101 2321 1155 2394 et
1195 2322 1414 2368 sanetae
1449 2315 1544 2396 Dei
1582 2314 1842 2369 ecclesiae
1869 2316 2002 2368 Iide-

425 2385 570 2437 tbus.
600 2399 692 2437 om
735 2383 868 2436 haec
891 2383 1080 2437 eadem
1113 2383 1274 2437 srmul
1315 2399 1439 2437 cum
1483 2399 1566 2437 ets
1608 2388 1996 2437 tractaverunt.

425 2385 570 2445 ibus,
600 2383 692 2452 qui
735 2383 868 2452 haec
891 2383 1080 2438 eadem
1113 2383 1274 2438 simul
1315 2399 1439 2439 cum
1483 2383 1566 2439 eis
1608 2388 1996 2445 tractaverunt,

404 2465 573 2524 atque
597 2451 699 2521 pro
734 2451 909 2516 nobis,
937 2453 1030 2524 qui
1058 2467 1121 2507 ea
1159 2453 1412 2524 colligere
1435 2468 1500 2508 ac
1536 2454 1842 2524 describere
1877 2466 1998 2524 eer-

405 2523 664 2593 tavimus,
691 2537 851 2576 orare
871 2523 1148 2593 studeant,
1178 2532 1232 2578 et
1253 2522 1506 2578 iamdicta
1540 2523 1770 2593 capitula
1798 2522 2002 2593 pariter

403 2592 692 2648 nobiseum
727 2600 783 2646 et
809 2591 1064 2663 cumillis
1087 2593 1354 2663 amplecti,
1396 2591 1659 2663 venerari,
1703 2591 1885 2646 amare
1927 2591 2002 2647 le-

403 2663 673 2732 gibusque
711 2669 893 2719 tenere
915 2662 1194 2732 decertent
1230 2670 1501 2717 annuente
1537 2662 1782 2726 Domino,
1807 2673 1866 2717 ut
1901 2676 2000 2730 pa-

400 2747 528 2856 ient
581 2747 771 2788 omnes
817 2747 884 2786 ex
935 2731 1038 2787 hoc
1091 2732 1394 2788 mercedem
1435 2733 1633 2788 habere
1672 2747 1995 2788 mereamur.

456 2815 604 2856 men.
1655 2842 1658 2847 .

456 2815 604 2857 men.
1655 2842 1658 2847 .

551 2930 821 2970 INCIPIUNT
848 2930 1045 2970 VERSUS
1071 2931 1136 2970 DE
1163 2931 1478 2972 PBAEDICTIS
1504 2933 1853 2974 PRINCIPIBUS.

400 3027 585 3100 Aurea
610 3027 920 3100 progenies,
943 3027 1089 3084 felici
1116 3036 1401 3085 stemmate
1423 3029 1648 3100 pollens,

480 3098 809 3181 Francorum
839 3098 1498 3182 virtusnperpetuumque
1525 3101 1712 3182 decus,

401 3169 668 3238 ﬁppinus
691 3170 962 3238 quondam
987 3169 1176 3224 micuit
1203 3169 1508 3224 sublimiter
1532 3178 1695 3238 atque

525 3238 872 3310 arlomannus
897 3253 1082 3310 agens,
1112 3254 1252 3308 quae
1282 3240 1534 3310 placuere
1559 3240 1692 3296 Deo.

401 3308 674 3365 Censores
700 3307 898 3364 etenim
924 3307 1037 3363 seri
1062 3307 1490 3377 pietatis'amore

477 3378 750 3435 Ecclesiae
775 3377 921 3446 leges
953 3379 1238 3434 instituere
1263 3395 1465 3436 sacras.

403 3448 554 3520 Quas
578 3449 703 3520 dum
731 3448 1088 3520 lectorovans
1109 3449 1404 3519 descriptas
1425 3449 1616 3520 legerit
1642 3450 1784 3516 istic,

479 3519 590 3574 Nec
615 3519 793 3589 minus
821 3526 876 3573 et
891 3518 1018 3589 iura
1045 3518 1345 3588 posteriora
1372 3518 1536 3589 legat.

403 3587 547 3644 Hinc
567 3604 721 3644 cesar
742 3588 971 3643 [Carolus
1000 3587 1182 3644 divino
1208 3587 1448 3646 munere
1465 3589 1638 3645 fretus

481 3657 743 3713 Nobiliter
765 3673 1022 3728 proceres
1051 3660 1190 3714 rexit
1216 3661 1270 3714 in
1290 3662 1422 3715 orbe
1447 3676 1576 3715 suos
1601 3678 1615 3714 :

405 3726 650 3798 Quorum
673 3726 882 3798 sceptra
916 3729 1022 3798 piis
1049 3744 1155 3783 una
1185 3731 1495 3786 moderatus
1522 3730 1746 3786 habenis

480 3797 808 3854 Cunctorum
836 3799 1186 3870 vicitjnclyta
1211 3809 1362 3869 gesta
1389 3809 1634 3869 patrum;

406 3867 682 3940 Virtutum
708 3869 941 3940 gemmis
965 3867 1131 3940 David
1170 3867 1513 3940 reliquosque
1549 3878 1784 3934 secutus,

480 3937 681 4008 Insigni
706 3936 848 3992 fama
873 3936 1020 3992 fulsit
1043 3939 1240 4008 ubique
1262 3936 1364 3994 sui.

404 4006 548 4080 Quid
574 4021 866 4080 memorem
891 4009 1096 4080 multas
1128 4006 1334 4064 domuit
1373 4025 1508 4080 quas
1532 4010 1761 4080 denique
1785 4018 1992 4080 gentes,

485 4076 528 4130 E
551 4079 675 4150 quis
707 4085 762 4132 et
786 4091 1033 4150 remeans
1054 4079 1201 4134 clara
1231 4076 1452 4150 trophea
1480 4079 1637 4134 tulit?

407 4144 519 4220 Nec
546 4144 764 4212 mirum,
791 4147 1106 4220 coluitdum
1137 4151 1282 4220 regis
1307 4144 1452 4204 iussa
1473 4149 1710 4220 superni,

481 4216 784 4273 Decernens
809 4218 1010 4274 sanctis
1040 4219 1155 4272 iura
1183 4216 1408 4276 ténenda
1436 4216 1598 4283 viris;

407 4283 654 4357 0b_quae
682 4287 981 4356 promeruit
1005 4289 1224 4344 celestia
1253 4290 1512 4345 scandere
1539 4303 1721 4357 regna,

481 4352 597 4424 Qua
614 4352 829 4427 quoque
855 4358 1096 4428 percepit
1122 4362 1361 4428 praemia
1386 4359 1530 4428 larga
1558 4352 1711 4415 satis.

2181 571 2424 625 Eximius
2448 563 2720 640 princeps:
2747 571 2901 626 divus
2922 581 2978 628 et
2997 573 3146 628 orbis
3173 563 3310 640 apex
3337 589 3355 628 :

2181 587 2424 625 nxtmtus
2448 587 2720 640 pnnceps,
2747 587 2901 626 arvus
2922 587 2978 628 et
2997 587 3146 628 ortus
3173 587 3204 626 a

2109 640 2354 711 Augusto
2375 640 2540 711 nituit
2563 643 2664 696 sub
2696 657 2804 711 quo
2830 641 3116 697 Germania
3143 587 3314 709 cum

2225 710 2385 765 ultori
2413 711 2658 765 tribuens
2683 710 2962 767 cummoda
2987 711 3154 766 multa
3182 726 3302 766 suo.

2105 779 2266 850 Pacis
2289 787 2500 850 amator
2520 779 2666 850 enim
2689 793 2876 836 caesar
2901 781 3118 850 pietatis
3140 789 3195 835 et
3214 781 3391 838 almae

2178 849 2458 905 Consuluit
2487 849 2698 919 populis
2733 851 2979 918 plebibus
3011 858 3173 919 atque
3202 851 3336 906 suis.

2111 918 2331 975 Scilicet
2359 927 2420 974 ut
2442 918 2628 987 regum
2657 935 2922 974 renovans
2941 918 3146 975 sancite
3168 921 3432 989 priorum,

2178 989 2479 1072 Prudenter
2504 989 2688 1071 titulos
2715 991 2933 1072 adderet
2959 991 3072 1072 ipse
3097 989 3238 1072 pios.

2109 1057 2446 1128 Quapropter
2465 1059 2704 1114 moriens
2737 1057 3039 1128 penetravit
3066 1057 3243 1114 sidera
3269 1059 3425 1125 coeli,

2179 1127 2404 1184 Solvens
2428 1129 2700 1198 praecelso
2725 1127 2935 1184 cantica
2961 1129 3120 1197 digna
3146 1130 3275 1184 Deo.

2107 1197 2245 1268 Hinc
2271 1197 2443 1254 etiam
2463 1200 2710 1268 sequitur
2735 1199 2947 1254 soboles
2969 1198 3272 1253 veneranda
3295 1213 3392 1267 per
3417 1197 3606 1254 orbem

2178 1267 2352 1350 Ipsius
2380 1267 2575 1350 insigni
2605 1269 3221 1350 nominedigttapatris'.

2108 1349 2134 1378 ι
2163 1337 2508 1393 Hludowicus
2531 1339 2675 1392 enim
2703 1338 2849 1393 ﬂuvii
2875 1337 2954 1394 cis
2979 1337 3158 1393 littora
3189 1337 3322 1392 Reni

2177 1407 2408 1476 Imperat
2431 1417 2484 1462 et
2511 1409 2821 1476 comprimit
2849 1425 2974 1464 erce
2997 1407 3160 1463 feras.

2105 1476 2323 1548 Necnon
2352 1477 2663 1533 Hlotha‘rius
2686 1479 2838 1548 parili
2869 1479 3072 1533 ditioue
3095 1478 3299 1546 potitus

2175 1546 2502 1634 Francorttm
2535 1546 2700 1603 cesar
2717 1559 2928 1634 sceptra
2967 1548 3432 1634 tremenda‘rehi‘t.

2107 1615 2244 1670 Tum
2273 1617 2501 1671 liarolus
2525 1633 2747 1681 regnum
2787 1615 3117 1673 Francorum
3148 1625 3294 1672 sorte
3329 1625 3585 1681 retentat,

2176 1685 2380 1741 Nomen
2409 1688 2493 1740 avi
2518 1685 2758 1742 referens
2781 1688 3074 1742 auxiliante
3099 1687 3228 1740 Deo.

2105 1753 2214 1810 Nos
2233 1757 2430 1824 quibus
2459 1756 2569 1820 illa,
2595 1765 2782 1812 tenent
2813 1757 2947 1811 terni
2975 1771 3114 1824 quae
3139 1757 3258 1810 iura
3283 1756 3470 1822 libelli,

2177 1823 2485 1880 Obtulimus
2511 1827 2732 1894 scripta,
2757 1841 2970 1896 senzper
2994 1823 3244 1896 habenda
3273 1827 3397 1881 sibi.

2038 1859 2084 1919 Β
2178 1859 2485 1880 υυιιιιιωυο
2511 1859 2732 1894 sum...
2758 1859 2961 1908 ?ru;ycn
2997 1859 3244 1906 nam...“
3274 1859 3397 1881 οινι.

2107 1893 2345 1962 Quorum
2367 1911 2554 1950 norma
2581 1899 2738 1951 docet
2761 1904 2957 1964 iugiter
2991 1911 3090 1951 nos
3114 1910 3296 1954 vivere
3321 1907 3468 1951 recte

2175 1965 2242 2020 Et
2268 1965 2464 2020 studiis
2485 1965 2713 2019 Domino
2733 1966 2835 2019 rite
2857 1967 3070 2035 placere
3088 1965 3212 2034 piis.

2104 2033 2250 2090 Haec
2266 2044 2512 2089 resecant
2534 2050 2732 2105 pravos
2755 2033 2928 2103 aequo
2948 2033 3313 2090 moderamine
3337 2049 3535 2099 mores,

2174 2105 2402 2160 Viventii
2431 2120 2679 2158 normam
2703 2105 3094 2159 contribuendo
3129 2105 3254 2173 piis.

2103 2172 2344 2244 Namque
2365 2183 2580 2244 patiant
2608 2174 2760 2228 multi
2787 2173 3028 2229 funestas
3055 2172 3182 2244 sepe
3207 2174 3444 2244 rapinas,

2173 2241 2428 2298 Nonnulli
2449 2244 2650 2298 viOlant
2673 2244 2870 2312 templa
2899 2244 3076 2299 dicata
3100 2241 3242 2309 Deo;

2103 2312 2240 2368 Sunt
2263 2313 2354 2367 alii
2381 2314 2646 2369 scelerum
2674 2312 2837 2368 fedati
2863 2314 2982 2369 labe
3005 2328 3248 2378 suorum,

2171 2382 2377 2437 Fistula
2407 2391 2544 2452 quos
2570 2398 2760 2439 omnes
2791 2397 3223 2438 commemorare
3247 2381 3458 2451 nequit.

2104 2451 2210 2508 Sed
2231 2451 2449 2508 cohibet
2475 2454 2611 2508 tales
2630 2453 2806 2521 legum
2830 2469 3060 2508 censura
3083 2467 3381 2517 sacrarum,

2171 2522 2520 2591 Decretisque
2546 2531 2690 2577 vetat
2711 2523 2818 2576 ista
2840 2531 3060 2592 patrare
3081 2523 3204 2593 piis.

2101 2590 2243 2662 Ergo
2269 2589 2449 2647 duces
2463 2593 2683 2647 laudare
2709 2589 2863 2648 decet
2899 2603 2996 2662 per
3019 2589 3260 2646 carmina
3291 2589 3478 2655 fortes,

2227 2675 2393 2716 unere
2412 2662 2672 2716 virtutum
2699 2663 2793 2730 qui
2815 2663 3050 2717 micuere
3072 2678 3264 2728 sacro;

2099 2730 2328 2802 Francia
2350 2732 2450 2787 sub
2469 2742 2698 2800 quorum
2722 2733 2950 2802 sceptris
2979 2732 3247 2786 tutissima
3275 2730 3495 2794 mansit,

2169 2800 2444 2856 Libertate
2480 2802 2688 2870 vigens,
2712 2800 2850 2856 colla
2876 2803 3106 2871 superba
3131 2810 3334 2863 terens,

2099 2868 2272 2938 Quam
2308 2872 2491 2924 variae
2518 2868 2705 2940 gentes
2727 2868 2997 2925 dominam
3029 2872 3258 2926 timuere
3285 2883 3553 2936 severam,

2172 2941 2367 3009 Utpote
2393 2956 2526 3008 quas
2554 2941 2720 2994 amis
2756 2941 2932 3009 caepit
2968 2941 3178 2994 ovando
3203 2941 3335 2994 suis.

2100 3009 2255 3066 Unde
2273 3010 2377 3066 sibi
2403 3023 2598 3065 nomen
2623 3010 2820 3065 meruit
2845 3009 3012 3064 decus
3033 3018 3195 3078 atque
3222 3023 3478 3078 perenne,

2167 3079 2250 3161 De
2265 3080 2424 3161 victis
2443 3079 2656 3161 populis
2679 3079 2821 3161 celsa
2853 3079 3074 3148 tropbea
3102 3079 3302 3134 ferens.

2097 3147 2360 3205 Caelestis
2396 3147 2606 3219 patriae
2625 3148 2810 3204 donati
2837 3147 3058 3203 munere
3086 3163 3243 3218 reges

2019 3203 2068 3260 ὕ
2112 3203 2428 3290 λείαιώηὶ
2444 3203 2655 3290 iugiter
2674 3203 2730 3273 et
2757 3219 2874 3274 sine
2897 3219 3009 3290 (ine,
3028 3203 3260 3290 canunt;

2099 3287 2220 3343 Alta
2238 3290 2346 3359 poli
2369 3287 2533 3346 cuius
2543 3289 2822 3343 subierunt
2853 3289 3086 3344 culmina
3111 3288 3265 3355 laeti,

2171 3359 2319 3427 Quos
2345 3361 2534 3416 devota
2558 3359 2744 3430 chelys
2769 3360 2872 3430 iam
2903 3360 3175 3430 resonavit
3201 3372 3392 3414 ovans.

2100 3428 2306 3486 Felices
2333 3430 2577 3494 nimium,
2603 3428 2740 3497 ques
2760 3429 2882 3498 aula
2903 3429 3062 3484 beata
3091 3437 3375 3498 receptans

2171 3499 2456 3556 Coelicolis
2482 3501 2655 3554 iunxit
2675 3497 2885 3554 civibus
2908 3499 3024 3568 ipsa
3050 3497 3241 3554 libens.

2100 3567 2219 3626 Non
2247 3570 2322 3626 ibi
2351 3571 2457 3624 iam
2483 3579 2730 3624 metuunt
2754 3567 2943 3624 furvae
2959 3583 3266 3638 nocuasque
3301 3567 3552 3625 tenebras
3572 3580 3594 3624 :

2170 3640 2312 3707 Quin
2333 3641 2511 3710 potius
2533 3655 2692 3694 verae
2711 3640 2847 3696 lucis
2876 3649 3101 3695 amnena
3128 3640 3328 3695 vident.

2102 3708 2202 3781 Sic
2221 3708 2522 3781 euangelici
2541 3711 2566 3781 ’ί
2597 3711 2826 3765 testatur
2845 3711 3038 3781 pagina
3070 3711 3224 3775 bibli,

2171 3779 2324 3847 Quod
2347 3779 2530 3834 mundi
2556 3780 2736 3836 lumen
2760 3781 2832 3835 sit
2848 3779 2998 3836 Deus
3019 3781 3332 3844 altitonans,

2101 3845 2217 3906 Hoc
2237 3851 2394 3906 iubar
2413 3851 2640 3906 exilarat
2666 3849 2984 3915 superorum
3003 3851 3165 3906 corda
3190 3851 3450 3915 virorum,

2170 3919 2544 3988 lrradiansque
2570 3919 2757 3990 procul
2781 3920 2960 3975 nubila
2986 3928 3123 3974 tetra
3149 3920 3318 3988 fugat.

2099 3989 2214 4058 Hoc
2251 3990 2416 4045 etiam
2436 3988 2620 4044 vatuin
2645 3990 2842 4045 cecinit
2872 3989 3234 4058 pulcherrime
3254 3988 3492 4058 quidam,

2169 4056 2310 4114 Olim
2336 4060 2478 4127 quod
2502 4059 2750 4114 dominus
2769 4058 2856 4112 lux
2873 4056 2948 4112 sit
2969 4060 2989 4089 ³
3013 4059 3238 4112 amanda
3263 4056 3288 4089 ⁵
3309 4059 3471 4112 Deus.

2097 4127 2198 4184 Cui
2223 4131 2387 4184 decus
2408 4137 2463 4182 et
2481 4129 2674 4193 virtus,
2699 4129 2816 4183 laus
2842 4136 2897 4182 et
2925 4128 3197 4182 veneratio
3220 4141 3452 4197 semper,

2170 4198 2564 4268 Imperiumque
2585 4207 2766 4252 manet
2790 4208 2982 4252 cuncta
3004 4213 3100 4268 per
3123 4213 3254 4251 aeva
3277 4212 3513 4254 sacrum.

2097 4269 2214 4338 Ipse
2242 4267 2335 4322 tibi
2365 4268 2564 4322 tribuat
2589 4269 2830 4338 prolixae
2856 4276 3094 4336 tempora
3121 4268 3285 4338 pacis,

2171 4338 2386 4394 Credita
2411 4339 2502 4407 qui
2527 4338 2669 4408 plebi
2689 4337 2904 4408 fersque
2925 4338 3124 4398 talenta
3149 4337 3266 4392 tibi.

1614 4448 2002 4506 VARIANTES
2037 4446 2441 4506 LECTIONES.

484 4543 502 4575 ¹
526 4552 584 4600 et
601 4543 828 4614 angelici
855 4541 920 4599 ϐ.
995 4545 1016 4574 ²
1039 4543 1177 4598 luxit
1197 4542 1265 4604 G.
1288 4544 1414 4602 lusit
1435 4543 1557 4599 Bal.
1632 4544 1654 4576 ³
1679 4541 1910 4602 amando
1932 4541 1998 4598 ϐ.
2028 4541 2149 4596 Bal.
2181 4582 2187 4587 .

1950 4651 2182 4710 NOTIE.

484 4760 511 4790 ι
535 4746 642 4803 Pro
667 4755 900 4818 quatuor
920 4747 1271 4817 sequentibus
1296 4747 1540 4804 disticltis
1563 4747 1762 4804 Bellov.
1786 4747 1950 4802 habet
1977 4762 1991 4803 :

411 4880 702 4952 Lotltarius
737 4881 969 4948 primum
994 4896 1216 4952 regnum
1256 4883 1482 4952 sortitus
1517 4881 1741 4948 avitum,

482 4949 803 5006 Arduennae
832 4949 1078 5006 nemoris
1101 4952 1272 5007 incola
1303 4951 1476 5008 factus
1497 4961 1641 5007 ovat.

413 5020 551 5075 lIinc
573 5020 917 5078 Illudowicus
942 5021 1102 5076 heros
1124 5021 1296 5078 Rheni
1325 5024 1403 5078 cis
1436 5023 1620 5078 littora
1655 5021 1802 5094 genti

2169 4744 2400 4815 Imperat
2435 4753 2489 4800 et
2513 4745 2693 4814 populi
2722 4745 2885 4800 eﬂ'era
2907 4746 3042 4802 colla
3075 4746 3220 4800 terit.

2097 4813 2529 4886 Tuncliarolus,
2545 4813 2657 4869 cari
2692 4816 2898 4885 species
2921 4816 3181 4886 genitoris
3205 4822 3407 4882 amata,

2169 4883 2442 4955 Gallorum
2472 4893 2658 4955 coetus
2678 4883 2891 4941 ordinat
2914 4883 3075 4955 atque
3097 4887 3300 4941 domat.

2100 4953 2212 5024 lilis
2237 4970 2356 5019 nos,
2379 4955 2470 5023 qui
2493 4954 2604 5009 fata
2629 4963 2829 5020 tenent,
2859 4957 2974 5010 loca
2989 4952 3454 5024 'partibusaequis

2166 5023 2312 5080 Haec
2335 5022 2563 5080 ferimus
2595 5026 2796 5094 scripta
2815 5022 3028 5094 semper
3053 5023 3296 5079 habenda
3321 5022 3444 5078 sibi.

1651 5210 1950 5294 LIBER
2017 5209 2432 5307 PRIMUS.

488 5413 540 5468 l.
582 5411 818 5496 ςρίξιοιιι
844 5415 1139 5496 Zachariae
1161 5429 1328 5496 paqu
1359 5411 1584 5496 Francis
1616 5422 1666 5468 et
1701 5411 1870 5496 Gallis
1915 5415 1992 5496 ςιί-
2026 5419 2071 5480 ι)
2094 5413 2149 5468 in
2176 5411 2451 5496 provincia
2471 5417 2650 5496 vestra
2690 5411 2859 5496 iuxta.
2888 5414 3130 5496 mitram
3174 5405 3672 5496 commonitionem,

415 5493 578 5557 recta.
595 5483 883 5557 Zacharias
896 5502 1034 5557 papa
1051 5483 1320 5557 universis
1342 5483 1629 5557 episcopis,
1651 5483 1987 5557 presbiteris,

417 5554 754 5619 diaconibus,
778 5553 1082 5620 abbatibus,
1115 5553 1327 5611 cunctis
1347 5553 1512 5608 etiam
1539 5553 1787 5620 ducibus,
1823 5555 1992 5610 comi-

418 5623 566 5697 tibus
599 5627 962 5697 omnibusque,
997 5627 1163 5697 Deum
1188 5625 1646 5697 timenti_bus_pcr
1688 5625 1993 5697 Galliaset

419 5692 752 5768 Francorum
797 5692 1104 5768 provincias
1129 5694 1458 5768 constitutis:
1509 5692 1800 5750 Referente
1832 5695 1994 5768 nobis

422 5761 858 5838 reverentissimo
873 5775 1040 5838 atque
1059 5763 1416 5838 sanctissimo
1427 5761 1593 5838 fratre
1618 5773 1806 5820 nostro
1832 5763 1992 5818 Boni-

2093 5474 2454 5537 mediantibus
2510 5479 2634 5534 filiis
2692 5479 2893 5533 nostris
2943 5476 3168 5547 Pippino
3211 5485 3265 5530 et
3311 5474 3676 5534 Karlomanno

2095 5551 2428 5622 principibus
2453 5549 2985 5622 vestris,_peragente
3013 5547 3178 5622 etiam
3207 5547 3325 5622 vice
3355 5555 3542 5602 nostra
3567 5565 3677 5622 mc-

2097 5616 2422 5691 troliolitauti
2455 5616 2746 5691 Bonifacio,
2799 5616 3058 5691 Dominus
3104 5616 3476 5691 inluminasset
3500 5619 3672 5691 corda

2096 5686 2276 5746 vestra
2327 5706 2450 5744 cum
2495 5689 2830 5758 principibus
2869 5687 3064 5742 vestris
3113 5686 3167 5741 in
3200 5687 3676 5758 praedicationem

2099 5763 2234 5823 eius,
2279 5769 2337 5814 ut
2361 5757 2610 5814 omnibus
2631 5757 3141 5816 cou‘unonitionibus
3163 5757 3280 5813 eius
3301 5759 3596 5814 obediretis
3621 5767 3674 5814 ct

423 5832 564 5897 (acie
587 5837 865 5916 episcopo,
902 5827 1044 5910 quod
1092 5835 1215 5890 dum
1265 5834 1485 5890 sinodus
1519 5832 1806 5903 adgregata
1854 5843 1995 5890 esset
2100 5831 2263 5887 falsos
2299 5840 2350 5885 et
2379 5831 2714 5886 scismaticos
2753 5838 2805 5884 et
2840 5827 3140 5885 homicidas
3199 5838 3251 5883 et
3297 5827 3616 5886 fornicarios
3643 5845 3676 5884 a
