4002 6146
385 141 490 197 709

875 139 1026 196 COD.
1067 140 1422 196 DlPLOM.-—-
1444 139 1799 194 BENEDICTI
1857 141 2370 200 CAPITULARIUM
2395 142 2790 202 COLLECTIO.
2819 175 2888 186 —-
2923 147 3050 202 LIB.
3090 147 3132 203 I.

3503 153 3608 209 710

380 266 590 311 necnon
613 259 672 306 et
694 259 1002 330 noctrorum
1043 255 1414 330 episcoporum
1453 255 1716 330 omnium
1739 262 1939 307 cetero-

2045 224 2444 330 homicidaoest;
2485 265 2539 311 et
2562 259 2716 327 peior
2751 258 2950 329 legitur
2984 274 3106 314 esse
3148 260 3412 314 detractio
3445 274 3606 330 quam

376 335 608 391 rumque
658 321 996 376 sacerdotum
1054 321 1118 378 ac
1179 321 1458 378 levitarum
1515 325 1835 378 auctoritate
1888 331 1943 377 et

373 398 882 462 consensu7__atque
939 392 1265 462 reliquorum
1323 394 1556 449 ﬁdelium
1615 402 1670 448 et
1718 402 1941 462 cuncto-

375 476 498 516 rum
526 457 978 525 eonsiliariorum,
1029 457 1336 518 nostrorum
1378 463 1627 519 consultu
1662 461 1940 516 deﬁnitum

375 539 460 601 est_
478 569 494 592 ,
529 529 694 601 vobis
704 529 953 584 omnibus
983 533 1264 601 utriusque
1285 533 1490 587 ordinis
1512 533 1774 586 ministris
1800 532 1942 586 scire

363 597 936 670 .volumus._Statutum
956 611 1040 670 est
1057 597 1290 670 namque
1313 603 1522 656 ratione
1541 611 1594 656 et
1618 601 1943 655 necessitate

375 682 442 722 ac
464 667 785 722 auctoritate
807 667 1096 738 praedicta,
1138 667 1390 726 consultu
1414 671 1679 732 omnium,
1714 678 1774 724 ut
1801 685 1940 738 quo-

378 737 735 806 tienscunque
777 737 1030 804 cuiquam
1079 740 1348 795 sacerdoti
1378 741 1582 794 crimen
1623 737 1936 806 imponitur,

334 806 422 862 7si
450 807 564 876 ipse
585 814 867 876 accusator
902 807 1034 876 talis
1062 806 1242 871 fuerit,
1273 817 1335 862 ut
1367 809 1530 876 recipi
1561 809 1782 871 debeat;
1815 809 1940 876 quia

377 874 565 946 quales
591 875 665 946 ad
680 874 1074 946 accusationem
1103 877 1442 932 sacerdotum
1465 874 1672 932 admitti
1687 874 1936 941 debeant,

379 943 435 1015 in
461 945 758 1015 canonibus
778 943 1007 1012 pleniter
1037 960 1349 1015 expressum
1377 955 1462 1002 est
1501 961 1516 1000 :
1555 948 1601 1002 si
1639 955 1837 1008 autem,
1879 955 1940 1000 ut

378 1014 582 1084 dictum
601 1013 793 1078 est,ille
830 1013 1142 1084 accusator,
1169 1015 1258 1084 qui
1291 1016 1550 1070 canonice
1569 1022 1651 1070 est
1676 1015 1938 1084 recipien-

381 1083 498 1144 dus,
529 1097 650 1136 eum
679 1097 802 1136 cum
830 1081 1068 1151 legitimo
1091 1081 1313 1139 numero
1337 1101 1584 1140 verorum
1607 1092 1663 1138 et
1676 1081 1938 1139 bonorum

383 1152 596 1205 testium
610 1151 906 1224 adprobare
929 1152 983 1224 in
1020 1163 1306 1224 conspectu
1319 1154 1695 1224 episcoporum
1717 1156 1934 1222 poterit,

380 1231 511 1293 t_unc_
533 1221 789 1293 canonice
816 1220 1168 1293 diiudicatur;
1205 1231 1260 1293 et
1300 1220 1657 1293 siculpabilis
1685 1220 1936 1278 inventus

379 1290 561 1354 fuerit,
588 1288 843 1360 canonice
856 1288 1176 1360 damnetur.
1201 1291 1258 1346 Si
1281 1307 1410 1346 vero
1429 1288 1552 1348 eum
1575 1293 1936 1360 suprascripto

377 1366 656 1430 praetextu
688 1358 1002 1430 adprobare
1015 1359 1129 1430 ipse
1153 1372 1432 1416 accusator
1464 1358 1684 1415 minime
1709 1358 1932 1430 poterit,

379 1427 432 1482 et
466 1429 572 1499 hoc
609 1427 864 1499 canonice
908 1427 1209 1499 deﬁniatur.
1259 1431 1378 1498 Ipse
1415 1445 1544 1499 ergo
1590 1427 1858 1494 sacerdos,
1887 1432 1934 1485 si

377 1497 706 1566 suspiciosus
725 1505 816 1568 aut
849 1495 1178 1568 incredibilis
1196 1495 1303 1553 suo
1319 1495 1568 1568 episcopo
1594 1509 1686 1553 aut
1715 1500 1933 1568 reliquis

376 1565 980 1650 suis7consacerdotibus
999 1567 1112 1650 sive
1132 1568 1287 1650 bonis
1297 1565 1532 1650 et:iusti_s7
1545 1569 1610 1624 de
1621 1585 1718 1650 suo
1736 1565 1934 1650 populo

379 1635 462 1688 vel
481 1635 546 1689 de
565 1649 658 1704 sua
685 1634 840 1704 plebe
879 1635 1184 1704 hominibus
1211 1637 1400 1703 fuerit,
1427 1651 1495 1692 ne
1519 1639 1572 1692 in
1597 1634 1826 1692 crimine
1844 1647 1936 1692 aut

377 1705 431 1758 in
454 1703 729 1774 praedicta
753 1703 1055 1772 suspicione
1095 1716 1398 1770 remaneat,
1451 1722 1574 1762 cum
1629 1708 1799 1762 tribus
1844 1716 1937 1762 aut

376 1771 613 1842 quinque
642 1771 727 1842 vel
753 1771 958 1842 septem
1005 1775 1162 1829 bonis
1203 1791 1267 1830 ac
1322 1777 1514 1831 vicinis
1569 1777 1938 1832 sacerdotibus

373 1841 619 1916 exemplo
640 1841 836 1916 Leonis
859 1856 1026 1916 papae
1057 1846 1095 1909 ⁸,
1121 1845 1204 1898 vel
1234 1859 1299 1899 eo
1326 1845 1584 1914 amplius,
1633 1847 1678 1901 si
1705 1861 1811 1916 suo
1831 1847 1940 1916 epi-

372 1911 944 1996 swveximfssﬁu
987 1920 1344 1996 “tum”
1385 1911 1606 1996 vique!
1647 1911 1938 1996 ιιμηιιξιειῖιιι

371 1979 555 2050 populi
584 1980 761 2034 inesse
793 1982 1127 2050 perspexerit
1152 1984 1194 2046 ⁸,
1219 1991 1274 2036 et
1297 1979 1419 2037 cum
1436 1979 1556 2038 aliis
1573 1985 1728 2039 bonis
1748 1993 1803 2041 et
1828 1985 1939 2038 ius-

375 2051 447 2104 tis
476 2050 782 2104 hominibus
827 2063 885 2122 _s_e
919 2059 1259 2122 sacramento
1307 2067 1488 2108 coram
1535 2054 1728 2122 popqu
1777 2067 1939 2122 super

411 2127 604 2191 natuor
625 2119 898 2191 evangelia
927 2119 1054 2191 dato
1083 2120 1422 2191 {purgatum
1446 2119 1705 2178 ecclesiae
1728 2119 1934 2177 reddat.

417 2189 434 2242 i
464 2188 587 2259 quis
615 2195 796 2242 autem
821 2189 960 2259 scire
983 2188 1268 2255 desiderat,
1294 2191 1482 2259 quales
1507 2200 1672 2246 testes
1692 2193 1759 2246 ad
1782 2207 1938 2246 accu-

373 2257 1001 2333 sationem_sa7cerdotum
1025 2257 1468 2333 recipi7debeant,
1505 2259 1711 2333 etquid
1739 2261 1806 2316 de
1848 2277 1937 2333 ac-

375 2335 622 2407 cusatore
632 2325 932 2381 faciendum
958 2327 1047 2393 sit,
1071 2325 1300 2397 pléniter
1313 2329 1366 2382 in
1388 2325 1683 2386 canonilius
1697 2330 1934 2400 reperire

411 2403 592 2448 oterit.

374 2411 651 2534 Ροξιῖηὶᾷρ
673 2479 732 2534 eo
750 2504 766 2529 ,
799 2465 887 2530 qui
928 2465 1203 2534 conﬁtetur
1227 2465 1291 2522 de
1315 2466 1549 2521 crimine.
1599 2467 1937 2522 Manifestum

373 2532 729 2606 esiconﬁteri
755 2548 878 2606 eum
903 2534 975 2589 de
993 2532 1234 2606 crimine,
1265 2537 1356 2606 qui
1381 2537 1586 2591 indulto
1610 2546 1664 2592 et
1693 2537 1938 2606 delegato

374 2600 576 2672 iudicio
595 2603 856 2672 purgandi
891 2617 951 2657 se
971 2603 1250 2659 occasione
1275 2600 1381 2660 non
1403 2607 1574 2660 utitur
1599 2623 1612 2660 :
1638 2605 1770 2664 nihil
1794 2600 1938 2662 e'nim

373 2671 620 2745 interest,
636 2671 815 2725 utrum
829 2671 885 2725 in
901 2673 1171 2745 praesenti
1185 2675 1430 2730 examine
1443 2676 1622 2730 omnia
1640 2690 1778 2745 quae
1795 2677 1938 2730 dicta

373 2748 503 2814 sum
516 2741 584 2796 de
606 2755 671 2796 eo
691 2743 1122 2809 comprobentur,
1141 2756 1264 2798 cum
1293 2745 1408 2814 ipsa
1429 2741 1673 2800 absentia
1691 2759 1788 2814 pro
1811 2761 1941 2801 con-

377 2811 612 2864 fessione
633 2817 867 2864 constat.
1312 2811 1331 2814 '
1629 2860 1635 2864 .

443 2879 536 2935 58.
576 2879 654 2933 De
673 2880 866 2934 usuris.
895 2879 1124 2935 Usuram
1156 2897 1263 2936 non
1286 2881 1457 2938 solum
1484 2883 1698 2948 clerici,-
1720 2883 1815 2940 sed
1838 2897 1937 2939 nec

375 2947 499 3003 laici
522 2948 802 3004 christiani
825 2949 1039 3017 exigere
1058 2951 1272 3005 debent.

445 3019 535 3072 39.
577 3017 655 3071 De
693 3019 985 3083 comitibus,
1017 3028 1074 3073 ut
1092 3021 1344 3074 ministris
1369 3019 1614 3074 ecclesiae
1633 3022 1688 3074 in
1707 3023 1815 3076 suis
1835 3023 1938 3076 mi—

373 3087 604 3142 nisteriis
629 3087 894 3142 adiutores
919 3089 1044 3142 sint.
1075 3089 1313 3144 Comites
1341 3089 1602 3144 ministris
1625 3090 1886 3146 ecclesiae
1915 3091 1937 3122 ⁵

371 3171 669 3228 eorumque
689 3155 1022 3228 ministeriis,
1046 3165 1109 3228 ut
1131 3159 1233 3212 hoc
1251 3159 1459 3228 plenius
1490 3167 1545 3213 et
1569 3160 1634 3214 de
1657 3161 1858 3215 nostris
1883 3167 1940 3216 et

373 3227 445 3280 de
472 3240 532 3296 se
555 3234 609 3280 et
632 3225 832 3296 de77suis
850 3226 1160 3296 hominibus
1183 3225 1428 3284 obtinere
1451 3229 1658 3296 possint
1672 3269 1686 3294 ,
1736 3229 1940 3285 adiuto-

373 3309 466 3366 res
495 3293 819 3366 in_omnibus
838 3294 986 3366 ﬁant.
1012 3295 1078 3350 Et
1103 3297 1408 3366 quicunque
1431 3293 1604 3366 prima
1626 3293 1682 3352 et
1708 3299 1939 3353 secunda

375 3364 496 3433 vice
531 3364 600 3418 de
623 3363 712 3419 his
737 3377 770 3416 a
794 3364 994 3419 comite
1036 3363 1362 3421 ammonitu's
1395 3363 1500 3421 non
1528 3383 1587 3421 se
1617 3369 1936 3433 correxerit,

374 3432 624 3508 volumus
666 3439 728 3486 ut
770 3447 870 3501 per
907 3435 1136 3508 wndem
1182 3436 1432 3508 comitem
1488 3437 1604 3490 eius
1651 3432 1938 3508 neglegens

375 3503 477 3574 tia7
507 3503 574 3556 ad
609 3509 848 3574 nostram
888 3503 1133 3558 notitiam
1171 3505 1488 3574 perferatur,
1520 3513 1580 3558 ut
1600 3503 1782 3560 nostra
1807 3503 1938 3561 auc-

374 3571 594 3627 toritate
617 3569 762 3640 quod
784 3571 838 3626 in
858 3581 1044 3628 nostro
1059 3569 1342 3646 capitulari
1362 3575 1668 3630 continetur
1689 3577 1732 3640 ³,
1759 3575 1941 3632 subire

511 3649 616 3695 tur.

520 3746 536 3762 .
576 3709 653 3782 D77e
690 3709 1021 3782 ordinatione
1063 3713 1480 3782 presbiterorum.
1539 3714 1610 3770 Ut
1654 3713 1938 3782 prcsbiteri

376 3795 488 3849 non
518 3778 838 3849 ordinentur
861 3778 1172 3849 priusquam
1206 3783 1598 3838 examinentur.
1631 3778 1696 3838 Et
1720 3792 1781 3838 ut
1815 3791 1941 3838 ante

375 3847 768 3918 ordinationem
787 3847 1112 3918 pleniter'et
1141 3851 1532 3906 studiosissime
1581 3852 1934 3916 instruantur,

378 3917 610 3990 qualiter
631 3933 690 3973 se
715 3931 749 3972 a
779 3918 926 3973 vitiis
955 3933 1144 3974 cavere
1168 3920 1394 3990 debeant
1413 3928 1470 3974 et
1493 3922 1724 3990 qualiter
1753 3921 1938 3977 subdi-

379 3985 746 4056 tbsdoceant;
796 4001 865 4042 ne
893 3996 1171 4056 torpentes
1217 3989 1299 4045 vel
1341 3985 1560 4045 hebetes
1601 3991 1656 4044 in
1693 3991 1939 4046 doctrina

377 4065 568 4111 sancta
590 4055 676 4129 vel
691 4055 823 4129 vitio
843 4055 1014 4129 malae
1037 4057 1213 4129 famae
1254 4073 1440 4129 eorum
1462 4060 1706 4129 neglectu
1727 4061 1810 4114 vel
1839 4059 1938 4113 ali-

376 4140 486 4199 qua
507 4123 645 4199 mala
659 4125 1024 4199 similitudine,
1053 4128 1372 4199 quodabsit,
1397 4123 1750 4199 aspeigantur
1770 4145 1785 4184 :
1809 4143 1941 4199 quo-

380 4195 527 4267 niam
539 4195 1146 4267 detractiosacerdotum
1157 4197 1224 4251 ad
1236 4195 1508 4252 Christum
1519 4195 1770 4267 pertinet,
1786 4195 1940 4267 cuius

2042 322 2353 400 {ornicatim
2385 325 2506 380 Ideo
2543 322 2830 400 monemus
2851 337 2906 382 et
2929 330 3216 400 praecipue
3246 322 3497 400 rogamus
3542 347 3606 388 ne

2041 393 2152 470 ﬁat,
2195 408 2262 447 ne
2305 395 2507 470 absque
2528 396 2724 470 gladio
2763 407 2856 470 aut
2887 393 3390 470 vulnere‘corporis
3421 400 3604 470 aliquo
3695 397 3704 414 '

2039 463 2322 532 quisquam
2348 463 2612 519 homicida
2643 465 2967 520 inveniatur.
3005 467 3072 521 Et
3114 463 3260 523 sicut
3275 469 3341 522 de
3365 463 3602 524 homini-

2038 533 2140 603 bus
2157 533 2514 603 corporaliter
2541 535 2732 590 occisis
2759 536 2997 590 iudicare
3023 537 3376 600 decrevimus,
3425 538 3506 594 sic
3549 548 3604 594 et

2039 601 2106 656 de
2131 601 2366 672 illis7{qui
2394 618 2460 656 ex
2481 605 2584 658 hoc
2602 605 2948 660 detractionis
2968 606 3168 661 scelere
3193 607 3390 661 detecti
3411 621 3602 662 coram

2039 672 2193 725 nobis
2217 671 2434 736 fuerint,
2472 673 2654 743 peragi
2680 673 2907 730 Domino
2929 685 3200 730 annuente
3223 676 3597 743 decernimus;

2038 749 2098 812 ut
2119 755 2223 812 pax
2256 743 2622 812 ecclesiarum,
2650 743 2704 796 in
2735 753 2990 812 quantum
3034 744 3290 798 Dominus
3339 746 3598 802 auxilium

2038 755 2223 864 uttpax
2256 755 2622 805 ecclesiarum,
2650 757 2704 796 tn
2735 755 2990 812 quantum
3034 755 3290 798 Dominus
3339 755 3598 802 auxilium

2037 809 2108 883 de
2141 811 2272 883 erit,
2303 811 2357 883 in
2406 811 2602 883 ﬁnibus
2643 819 2699 869 et
2735 813 3038 883 regionibus
3066 815 3220 868 nobis
3251 829 3281 866 a
3319 814 3428 868 Deo
3451 830 3601 869 (βοτηε-

2035 878 2218 1002 missis
2242 880 2386 934 nulla
2411 882 2656 935 turbetur
2683 878 2997 952 tempestate
3023 883 3414 939 detractionum
3437 893 3600 954 atque

2143 964 2320 1002 orum.

2143 964 2320 1003 orum.

2104 1017 2192 1072 Η.
2231 1018 2306 1072 De
2327 1018 2638 1089 presbiteris,
2661 1017 2885 1089 qualiter
2907 1019 3154 1073 ecclesiae
3177 1021 3446 1074 introitum
3471 1037 3596 1076 con-

2033 1087 2335 1211 sequanttér.
2359 1087 2430 1143 Ut
2451 1088 2628 1142 nullus
2648 1087 2914 1157 presbiter
2941 1089 3010 1143 ad
3031 1091 3310 1145 introitum
3335 1091 3597 1146 ecclesiae

2035 1170 2224 1210 exenia
2289 1166 2437 1211 onet.

2035 1157 2224 1210 exenia
2256 1157 2437 1211 donet.

2101 1225 2190 1278 42.
2231 1225 2308 1278 De
2330 1243 2432 1279 non
2456 1226 2680 1294 cogendo
2707 1225 2893 1280 bibere.
2936 1225 3006 1282 Ut
3028 1227 3226 1282 nemini
3250 1228 3411 1284 liceat
3435 1228 3598 1284 alium

2034 1309 2232 1350 cauere
2269 1295 2335 1348 ad
2357 1295 2665 1350 bibendum.

2138 1365 2190 1418 ὅ.
2231 1363 2326 1434 De77
2349 1364 2656 1434 presbiteris,
2687 1380 2719 1416 a
2761 1364 2946 1433 quibus
2992 1381 3085 1434 per
3131 1363 3374 1418 ecclesias
3409 1367 3604 1421 consti-

2031 1441 2265 1486 tuantur.
2285 1432 2355 1487 Ut
2375 1433 2550 1486 nullus
2571 1433 2737 1486 laicus
2769 1432 3119 1502 presbiterum
3149 1434 3202 1486 in
3231 1434 3452 1488 ecclesia
3481 1436 3602 1488 mit-

2035 1512 2148 1557 tere
2171 1502 2254 1555 vel
2285 1502 2591 1574 de7ecclesia
2619 1503 2638 1533 "
2665 1502 2840 1556 eicere
2875 1513 3200 1574 praesumat,
3234 1503 3335 1557 nisi
3359 1518 3455 1571 per
3479 1519 3597 1558 con-

1965 1590 2014 1648 Β
2041 1571 2538 1648 sensum_epi_scopi.

2101 1639 2308 1724 H.77De
2353 1641 2546 1724 [sonore
2572 1655 2680 1724 pro
2733 1639 2960 1724 ecclesiis
3010 1639 3241 1724 dandq.77
3265 1639 3335 1694 Ut
3368 1641 3600 1724 episcopi

2037 1709 2401 1771 praevideant,
2430 1708 2593 1777 quem
2611 1709 2870 1762 honorem
2895 1708 3176 1776 presbiteri
3216 1722 3316 1778 pro
3357 1708 3601 1766 ccclesiis

2040 1779 2153 1832 suis
2175 1779 2476 1832 senioribus
2503 1777 2758 1830 trilmant.

2109 1847 2198 1900 45.
2241 1847 2314 1900 De
2337 1847 2548 1900 decimis
2573 1845 2953 1916 dispensandis.
2994 1845 3064 1900 Ut
3103 1846 3340 1900 decimae
3367 1847 3419 1900 in
3449 1856 3600 1915 pote-

2039 1923 2179 1971 state
2210 1916 2443 1984 episcopi
2469 1916 2595 1979 sint,
2634 1915 2860 1984 qualiter
2889 1933 2918 1968 a
2943 1915 3259 1982 presbiteris
3293 1916 3602 1984 dispensen-

2040 1993 2145 2039 tur.

2106 2053 2194 2108 46.
2235 2053 2312 2108 De
2357 2053 2585 2108 ecclesiis
2637 2052 2714 2107 uel
2757 2052 3010 2107 altaribus
3055 2052 3484 2106 immeliorandis.
3531 2053 3599 2109 Ut

2039 2123 2264 2178 ecclesia
2294 2123 2376 2177 vel
2402 2122 2591 2178 altaria
2627 2121 2816 2176 melius
2856 2123 3270 2174 constituantur.
3309 2121 3376 2174 Et
3401 2131 3458 2174 ut
3479 2124 3600 2176 nul-

2039 2192 2122 2246 lus
2141 2193 2409 2261 presbiter
2431 2206 2698 2246 annonam
2719 2191 2803 2244 vel
2825 2189 3040 2244 foenum
3063 2189 3118 2242 in
3142 2191 3365 2245 ecclesia
3389 2192 3604 2247 mittere

2077 2269 2364 2316 raesumat.

2037 2276 2364 2330 praesumat.

2105 2331 2194 2384 47.
2235 2330 2311 2384 De
2330 2328 2556 2384 ecclesiis
2609 2327 2686 2382 vel
2725 2326 2982 2380 altaribus
3017 2328 3294 2396 ambiguis.
3333 2327 3403 2382 Ut
3429 2329 3602 2384 eccle—

2037 2401 2152 2455 siae
2175 2399 2257 2453 vel
2279 2399 2490 2464 altaria,
2517 2411 2654 2467 quae
2677 2398 2922 2465 ambigua
2945 2405 3072 2450 sunt
3090 2399 3156 2450 de
3177 2401 3603 2461 consecratione,

2037 2476 2436 2525 consecrentur.

2106 2537 2197 2592 48.
2237 2537 2314 2591 De
2357 2536 2532 2590 linteis
2565 2532 2820 2604 altaribus
2861 2534 3256 2604 praeparandis.
3298 2533 3368 2589 Ut
3398 2536 3605 2603 presbi-

2037 2607 2140 2663 tcri
2165 2621 2263 2676 per
2285 2605 2591 2676 parrochias
2614 2617 2738 2657 suas
2763 2602 2972 2656 feminis
2989 2602 3315 2672 praedicent,
3343 2602 3608 2660 ut'lintca-

2039 2675 2182 2731 mina
2219 2675 2478 2728 altaribus
2497 2681 2835 2742 praeparent.

2105 2745 2196 2799 49.
2239 2743 2312 2796 De
2351 2740 2708 2812 parrochianis
2751 2740 2966 2812 alterius
3009 2742 3296 2812 presbiteri.
3337 2743 3406 2798 Ut
3427 2743 3606 2797 nullus

2037 2813 2302 2884 presbiter
2331 2810 3040 2884 alterius7pa7rroecbianum,
3065 2811 3167 2884 nisi
3195 2812 3248 2864 in
3270 2813 3461 2884 itinere
3489 2812 3605 2868 fue-

2041 2877 2118 2938 rit
2141 2883 2223 2952 vel
2248 2881 2504 2952 placitum
2525 2877 2610 2952 ibi
2639 2879 2904 2952 habuerit,
2942 2877 3008 2952 ad
3036 2879 3253 2952 missam
3279 2881 3520 2952 recipiat.

2112 2951 2200 3006 50.
2229 2946 2305 3004 De
2323 2950 2571 3020 parocbia
2597 2946 2810 3020 alterius
2823 2947 3112 3020 presbiteri,
3140 2947 3230 3020 7Ut
3253 2946 3432 3020 nullus
3458 2963 3603 3016 pres-

2042 3023 2184 3078 biter
2223 3022 2278 3075 in
2323 3015 2550 3074 alterius
2593 3015 2876 3086 presbiteri
2933 3017 3184 3084 parochia
3235 3031 3300 3072 eo
3335 3018 3358 3049 ⁸
3411 3015 3605 3086 incon—

2044 3091 2186 3146 sulto
2240 3089 2457 3142 missam
2501 3094 2720 3142 cantare
2774 3095 3106 3154 prae-umat,
3146 3087 3250 3140 nisi
3302 3087 3355 3140 in
3407 3085 3604 3141 itinere

2043 3159 2206 3214 fuerit
2227 3175 2242 3221 ;
2283 3173 2382 3212 nec
2405 3157 2667 3212 decimam
2690 3155 2758 3210 ad
2782 3154 3011 3208 alterum
3033 3155 3389 3222 pertinentem
3409 3155 3603 3210 audeat

2043 3245 2151 3284 reet
2157 3243 2301 3284 nere.

2112 3242 2317 3352 Ἓξ
2340 3295 2560 3349 termino
2588 3293 2940 3348 ecclesiarum.
2981 3291 3053 3347 Ut
3097 3293 3384 3346 terminum
3411 3293 3604 3348 habeat

2043 3379 2394 3436 unaquaeque
2435 3363 2681 3427 ecclesia,
2729 3363 2796 3417 de
2821 3364 3017 3431 quibus
3045 3362 3182 3416 villis
3209 3361 3442 3418 decimas
3464 3364 3601 3417 reci-

2081 3438 2174 3490 iat.

2042 3452 2202 3560 magi
2243 3503 2322 3558 De
2347 3503 2498 3557 rebus
2515 3500 2931 3572 presbjterorum.
2973 3499 3044 3554 Ut
3069 3500 3436 3572 unusquisque
3457 3515 3604 3572 pres-

2043 3575 2186 3631 biter
2209 3588 2322 3637 res,
2351 3587 2486 3642 quas
2505 3569 2626 3642 post
2648 3569 2792 3642 diem
2816 3570 3236 3624 consecrationis
3263 3569 3599 3638 adquisierit,

2043 3643 2292 3714 propriae
2317 3639 2573 3714 ecclesiae
2597 3639 2884 3714 relinquat.
2907 3679 2912 3684 .

2113 3659 2292 3768 ognae
2317 3659 2573 3723 comestae
2597 3659 2884 3720 relinquat.
2907 3679 2912 3684 .
3051 3708 3062 3720 7
3153 3708 3164 3719 _
3353 3708 3364 3720 7

2113 3713 2153 3786 ᾇ
2189 3752 2203 3765 .
2240 3712 2318 3766 De
2337 3709 2707 3786 paenitentibus
2729 3725 2830 3786 non
2852 3707 3091 3786 cogendis
3116 3724 3291 3761 mnum
3315 3707 3501 3786 bibere.
3535 3706 3604 3786 Ut

2046 3783 2224 3838 nullus
2249 3777 2511 3850 presbiter
2541 3788 2636 3833 aut
2681 3777 2848 3832 laicus
2874 3778 3234 3850 poenitentem
3275 3781 3432 3850 cogat
3455 3777 3476 3806 ⁹
3524 3777 3606 3830 vi-

2044 3867 2174 3906 num
2200 3845 2386 3906 bibere
2409 3856 2501 3902 aut
2525 3862 2741 3901 carnem
2765 3846 3109 3908 manducare,
3133 3845 3235 3898 nisi
3261 3847 3329 3898 ad
3347 3859 3604 3913 praesens

2042 3935 2144 3990 pro
2178 3920 2295 3987 ipso
2322 3933 2487 3990 unum
2518 3916 2612 3990 vel
2637 3915 2770 3970 duos
2814 3913 3060 3970 denarios
3095 3914 3243 3968 iuxta
3287 3913 3604 3982 qualitatem

2045 3984 2402 4060 poeniteptiae
2433 3984 2658 4060 dederit.

2114 4057 2202 4112 54.
2243 4056 2320 4110 De
2343 4053 2664 4126 presbiteris,
2686 4067 2719 4105 a
2757 4051 2942 4119 quibus
2974 4066 3029 4104 se
3048 4059 3282 4126 caueant.
3325 4049 3395 4126 Ut
3427 4047 3606 4126 nullus

2045 4127 2312 4196 presbiter
2335 4119 2514 4180 cartas
2541 4122 2760 4184 scribat,
2785 4135 2886 4175 nec
2924 4120 3220 4179 cornductor
3265 4120 3351 4175 sui
3377 4119 3607 4174 senioris

2047 4197 2262 4252 existat.

380 4272 438 4318 et
459 4262 690 4336 ministri
730 4263 814 4320 vel
845 4265 1020 4336 nuntii
1053 4280 1174 4320 esse
1200 4255 1584 4336 noscuntur“,
1629 4255 1767 4336 quia
1783 4266 1944 4320 nimis
1972 4259 2024 4322 Β
2059 4335 2065 4336 7
2113 4265 2202 4319 55.
2237 4263 2319 4336 De
2361 4259 2674 4336 presbiteris,
2711 4259 2800 4334 qui
2826 4258 3026 4336 agenda
3047 4258 3120 4336 7in
3169 4255 3446 4336 domiciliis
3469 4257 3606 4336 cele-

381 4332 620 4402 graviter
639 4342 881 4401 peccant,
912 4335 1004 4402 qui
1030 4333 1336 4390 sacerdotes
1357 4345 1410 4391 et
1438 4332 1716 4392 ministros
1741 4336 1941 4392 Christi

379 4403 666 4474 detrahunt
680 4419 704 4474 7:
730 4403 982 4471 quoniam
1008 4411 1238 4460 testante
1255 4405 1562 4474 euangelica
1601 4407 1726 4461 tuba
1752 4405 1942 4460 melius

378 4479 466 4542 est
514 4471 822 4542 unicuique.
850 4481 912 4530 ut
947 4474 1307 4542 suspendatur
1351 4471 1491 4530 mola
1527 4475 1760 4530 asinaria
1805 4474 1944 4530 collo

379 4540 500 4614 eius
531 4549 586 4594 et
605 4541 944 4614 demergatur
969 4540 1375 4614 injproi'undum
1405 4544 1587 4614 maris,
1613 4559 1772 4614 quam
1795 4558 1944 4599 scan-

380 4609 574 4679 dalizet
607 4625 772 4679 unum
795 4609 860 4666 de
879 4609 1106 4679 pusillis,
1139 4611 1343 4666 Christi
1369 4609 1937 4670 videlicet'ministris.

380 4677 450 4754 Et
483 4678 610 4733 alibi
647 4693 662 4733 :
697 4677 802 4754 Qui
826 4677 924 4754 vos
943 4681 1140 4754 recipit,
1175 4697 1258 4754 me
1277 4682 1486 4754 recipit;
1515 4692 1565 4754 et
1584 4683 1672 4754 qui
1697 4699 1783 4736 vos
1806 4698 1942 4754 sperf

379 4749 486 4808 nit,
525 4763 606 4800 me
629 4749 846 4818 spernit.
883 4749 951 4802 Et
995 4749 1056 4804 ut
1086 4751 1192 4806 hoc
1215 4749 1564 4806 detractionis
1596 4749 1662 4808 'et
1709 4749 1946 4806 scan'dali

375 4824 660 4885 peccatum
684 4831 879 4888 omnes
891 4832 1230 4888 summopere
1255 4830 1504 4884 caveant,
1533 4822 1730 4877 obnixe
1757 4836 1944 4876 mone-

377 4899 501 4938 mus
547 4893 602 4942 et
637 4901 818 4948 coram
857 4887 967 4946 Deo
1016 4887 1278 4946 testamur
1321 4896 1378 4943 et
1428 4891 1568 4945 sicut
1619 4891 1714 4948 Dei
1765 4889 1948 4945 ﬁdeles

379 4967 650 5022 rogamus,
685 4954 976 5010 nerristi
1021 4959 1305 5012 detrahant
1349 4959 1644 5015 ministros.
1683 4959 1948 5014 Similiter

377 5033 436 5078 et
460 5023 662 5080 Christi
689 5025 894 5080 domini
916 5027 1086 5084 nostri
1106 5027 1382 5084 ministros
1406 5035 1463 5082 et
1501 5030 1809 5085 sacerdotes
1848 5043 1947 5084 no-

377 5101 629 5162 strosque
657 5093 943 5162 magistros
961 5111 1269 5160 monemus,
1298 5111 1367 5150 ne
1383 5097 1558 5152 locum
1588 5099 1819 5153 subditis
1843 5097 1946 5152 tri-

375 5161 554 5217 buant
585 5161 932 5230 detrahendi;
971 5165 1099 5234 quia
1125 5165 1218 5236 qui
1242 5166 1479 5222 detrahit
1511 5166 1736 5222 fratrem
1765 5182 1942 5232 suum,

2048 4333 2324 4389 brauerint.
2361 4327 2636 4384 Statutum
2669 4327 2770 4391 est,
2801 4337 2859 4382 ut
2903 4329 2946 4382 si
2970 4329 3092 4396 quis
3132 4327 3395 4396 presbiter
3423 4327 3476 4380 in
3513 4327 3610 4380 do-

2047 4403 2262 4458 miciliis
2303 4399 2503 4470 agenda
2539 4395 2890 4470 celebraverit
2915 4395 3032 4470 sine
3062 4395 3273 4470 licentia
3301 4406 3357 4450 et
3381 4397 3608 4464 consilio

2047 4473 2131 4528 sui
2155 4466 2411 4541 episcopi,
2451 4469 2654 4541 honore
2674 4466 3282 4541 sacerdotaliprivetur.

2113 4534 2205 4596 56:
2242 4540 2319 4594 De
2339 4534 2746 4621 'praedicatiqne
2780 4534 2856 4621 vel
2879 4534 3140 4621 capitulis
3179 4535 3608 4621 7pre7sbiieroru7n7t.

2048 4610 2120 4666 Ut
2144 4603 2509 4678 unusquisque
2545 4605 2821 4678 presbiter
2835 4603 3064 4678 capitula
3105 4603 3301 4660 habeat
3346 4605 3412 4659 de
3442 4603 3610 4657 maio-

2048 4681 2196 4735 ribus
2220 4675 2392 4733 vel'de
2438 4676 2732 4730 minoribus
2775 4675 2938 4744 vitiis,
2967 4689 3062 4743 per
3107 4690 3242 4744 quae
3288 4686 3612 4744 cognoscere

2050 4750 2226 4803 valeat
2250 4748 2332 4802 vel
2362 4744 2670 4816 praedicare
2698 4743 2928 4800 subditis
2965 4741 3096 4811 suis,
3124 4741 3185 4798 ut
3210 4760 3267 4799 se
3290 4741 3516 4798 caveant
3541 4741 3610 4794 ab

2050 4818 2259 4873 insidiis
2281 4815 2495 4871 diaboli.

2121 4887 2208 4942 57.
2251 4887 2327 4940 De
2346 4883 2679 4940 eucharistia.
2721 4881 2792 4937 Ut
2815 4882 3081 4951 presbiter
3106 4878 3485 4951 eucharistiam
3515 4875 3585 4930 ha

2050 4957 2174 5012 beat
2201 4965 2463 5027 paratam,
2493 4959 2554 5027 ui
2579 4951 2790 5027 quando
2817 4949 2942 5027 quis
2969 4949 3334 5009 inﬁrmavcrit,
3365 4954 3612 5027 autpar-

2051 5019 2219 5083 vultis
2239 5025 2484 5079 inﬁrmus
2528 5019 2709 5084 fuerit,
2745 5019 2928 5073 statim
2967 5035 3088 5073 eum
3130 5019 3505 5080 communicet,
3544 5030 3611 5068 ne

2050 5097 2167 5150 sine
2203 5093 2577 5150 communione
2603 5089 2883 5144 moriatur.
3114 5155 3127 5156 7
3248 5155 3253 5156 7
3302 5155 3308 5156 7
3349 5154 3357 5156 _

2119 5164 2206 5219 58.
2246 5163 2324 5218 De
2349 5160 2592 5232 ampullis
2629 5158 2792 5212 tribus
2816 5157 2872 5211 in
2913 5171 3073 5210 coena
3100 5155 3311 5210 Domini
3337 5151 3608 5208 habendis.

1578 5295 1969 5351 VARIANTES
1999 5291 2398 5349 LECTIONES.

439 5400 459 5434 ¹
483 5399 606 5476 Bal.
639 5402 724 5476 hic
757 5419 786 5458 e
807 5405 988 5476 paucis
1019 5404 1215 5476 aliquot
1237 5405 1504 5476 codicibus
1535 5405 1754 5460 inseruit
1784 5422 1802 5460 :
1833 5405 1924 5476 qui
1947 5401 2590 5476 duodecimpresbitergs
2615 5399 2669 5455 in
2681 5413 2788 5476 _sua
2816 5399 3137 5476 purgatione
3157 5398 3365 5476 habuit.

375 5471 634 5542 spexerit
655 5471 732 5526 θ.
768 5541 779 5542 7
807 5471 853 5506 ’³
876 5474 1059 5530 datum
1083 5471 1150 5530 G.

1260 5475 1283 5507 ⁸
1310 5491 1360 5530 e.
1389 5475 1443 5530 in
1471 5490 1664 5530 eorum
1682 5469 2000 5533 ministeriis
2043 5473 2166 5537 825,
2201 5469 2296 5541 25,
2323 5481 2378 5528 et
2396 5471 2467 5537 ll,
2488 5469 2578 5525 25.

2694 5413 2788 5453 sua
2816 5411 3137 5469 purgatione
3158 5411 3365 5481 habuit.
3406 5411 3462 5472 7'
3489 5411 3614 5523 gro-

2678 5470 2699 5506 ³
2720 5470 2957 5524 continet
2993 5467 3060 5523 G.
3161 5469 3184 5501 ⁸
3214 5469 3467 5524 dicuntur
3539 5466 3612 5522 at.

373 5541 496 5596 'ide
519 5556 568 5596 e.
599 5541 739 5596 deest
763 5541 804 5608 l,
850 5543 972 5598 Ml.
1046 5543 1068 5576 ⁸
1095 5544 1218 5600 eoi.
1255 5544 1392 5600 deest
1421 5544 1466 5612 l,
1499 5544 1623 5600 M8.
1699 5545 1720 5577 ’
1765 5546 1952 5600 invitet
1984 5545 2026 5612 l,
2058 5543 2176 5596 l51.
3110 5571 3117 5578 -
