4002 6146
337 237 442 292 717

838 238 988 295 COD.
1029 237 1373 293 DlPLOM-.-—-
1411 235 1769 293 BENEDICTI
1807 233 2325 293 CAPITULARIUM
2363 227 2764 292 COLLECTIO.
2813 265 2873 272 —
2909 233 3035 288 LIB.
3076 234 3142 288 l.’

3498 229 3601 292 ‘ilS

406 349 530 406 122.
574 349 643 404 Ut
685 352 998 422 poenitentes
1019 362 1265 422 tempore,
1294 367 1396 422 quo
1435 349 1802 422 paenitentiam
1826 366 1915 420 pe—
1947 355 1990 410 Α
2019 350 2118 422 bus
2171 347 2510 422 sacerdotum
2560 346 2954 410 reconcilietur,
2995 344 3135 400 sicut
3176 345 3473 402 auctoritas
3515 347 3611 402 ha-

332 432 470 482 tunt,
501 438 660 487 super
683 431 836 491 caput
881 421 1167 475 ciliciuma
1195 421 1462 475 sacerdote
1509 429 1908 491 consequantur.

335 491 680 546 Poenitentes
711 489 970 560 tempore,
1007 507 1114 560 quo
1144 491 1528 560 paenitentiam
1573 489 1782 558 petunt,
1815 489 1916 542 im-

333 561 661 630 positionem
685 575 878 616 manus
901 559 1060 630 super
1095 559 1256 630 caput
1293 568 1350 615 et
1375 559 1614 614 cilicium
1664 575 1694 612 a
1738 574 1917 614 sacer-

335 632 480 696 dote,
516 631 658 700 sicut
699 631 898 700 ubique
952 633 1308 686 constitutum
1353 641 1454 694 est,
1494 637 1915 700 consequantur.

407 701 532 756 125.
575 695 643 771 Ut
669 695 826 754 omni'
849 710 1084 771 tempore
1101 702 1282 754 ieiunii
1309 717 1496 754 manus
1523 695 1919 771 paenitentibus

336 787 369 825 a
399 770 668 826 sacerdote
695 769 1011 842 imponatur.
1053 769 1209 826 Omni
1251 779 1490 840 tempore
1518 769 1702 823 ieiunii
1730 785 1922 823 manus

333 841 740 911 paenitentibus
765 856 795 894 a
821 841 1190 896 sacerdotibus
1211 842 1536 910 imponatur.

407 911 531 966 124.
602 910 672 965 Ut
719 910 852 981 lapsi
899 926 990 980 per
1019 928 1219 981 manus
1269 909 1656 981 impositionem
1698 909 1922 981 episcopi

333 981 692 1036 absolvantur.
732 978 842 1034 Nec
881 978 1236 1036 absolvendos
1281 978 1458 1048 lapsas
1485 979 1540 1032 in
1589 978 1691 1034 lide
1729 978 1925 1034 creda-

335 1067 478 1115 mus,
513 1051 617 1106 nisi
652 1065 749 1119 per
778 1051 1175 1118 impositionem
1207 1066 1399 1104 manus
1427 1049 1686 1118 episcopi.

409 1121 531 1201 125.
589 1116 668 1174 υἱ
703 1116 1026 1201 poeni—tentes
1033 1121 1414 1201 communicent
1439 1116 1526 1201 qui
1550 1116 1679 1201 ante
1698 1116 1926 1200 reconci-

335 1190 605 1246 liationem
629 1189 944 1244 mariuntur.
987 1189 1194 1245 Placuit
1239 1191 1342 1255 his,
1373 1189 1464 1260 qui
1501 1197 1717 1258 accepta
1737 1189 1924 1260 poeni-

337 1262 508 1315 tentia
541 1267 668 1314 ante
712 1259 1205 1316 reconciliationem
1257 1259 1488 1330 migrant
1517 1260 1584 1313 ad
1611 1259 1918 1330 Dominum,

337 1330 728 1386 communicari
773 1345 872 1398 pro
919 1344 984 1385 eo
1023 1332 1162 1400 quod
1203 1329 1602 1384 hnuo’raverunt
1643 1329 1924 1400 poeniten-

338 1402 490 1454 tiam.
533 1400 634 1467 Qui
663 1401 707 1454 si
736 1399 1148 1468 supervixerint,
1180 1409 1324 1456 stent
1351 1401 1403 1453 in
1430 1400 1618 1455 ordine
1639 1399 1923 1467 poeniten-

335 1479 472 1535 tum,
519 1480 580 1525 ut
611 1469 905 1540 legitimam
953 1472 1384 1526 communionem
1429 1477 1631 1526 statuta
1683 1481 1922 1540 tempore

337 1539 863 1610 recanciliatiOneet
886 1555 1078 1595 manus
1122 1540 1466 1610 impositione
1507 1539 1743 1609 episcopi
1785 1539 1800 1569 ¹
1837 1539 1922 1594 vel

336 1613 454 1680 eius
489 1610 636 1665 iussu
663 1609 944 1680 presbiteri
971 1609 1256 1680 recipiant.

2019 420 2108 473 bet
2134 419 2520 474 ecclesiastica.

2087 488 2209 543 150.
2232 488 2338 557 oNe
2359 489 2411 542 in
2449 487 2675 557 conﬁnio
2713 488 2900 557 mortis
2937 485 3204 557 paenitens
3229 503 3262 540 a
3291 487 3605 544 reconcilia-

2019 559 2168 630 tione
2209 555 2823 630 diutiussuspendatur.
2878 556 2943 610 Et
2967 565 3048 630 ΔιιιΔ
3091 555 3284 630 oblatio
3329 558 3466 630 eius,
3518 557 3610 630 qui

2019 627 2283 698 paenitens
2308 628 2526 682 necdum
2548 625 2918 698 reconciliatus
2942 625 3012 698 de
3029 626 3128 679 hac
3144 627 3270 698 vita
3304 628 3512 698 exierit,
3531 625 3606 682 ’σὺ

2020 695 2238 769 ecclesia
2287 699 2572 769 recipiatur
2608 697 2668 769 ⁸.
2709 697 2809 769 Qui
2860 695 3248 769 paenitentiam
3300 697 3354 769 in
3415 701 3606 754 mortis

2021 768 2128 834 agit
2157 767 2416 837 periculo,
2462 784 2569 821 non
2619 767 2882 838 diutineia
2923 767 3383 822 reconciliationis
3435 770 3609 838 gratia

2023 836 2348 893 dill‘erendus
2377 845 2479 892 est.
2527 836 2631 892 Sed
2653 837 2698 891 si
2723 837 2964 906 profecta
2999 837 3188 908 mortis
3215 845 3370 908 urget
3398 836 3610 908 perieu-

2024 908 2155 972 lum,
2185 909 2517 977 poenitentia
2552 909 2571 938 ⁷
2609 923 2705 977 per
2741 923 2931 962 ntanus
2954 907 3356 976 impositionem
3387 907 3609 978 accepta

2023 979 2210 1032 stat-im
2261 978 2707 1033 ctreconciliatia
2761 978 3064 1032 adhibenda
3089 985 3191 1042 est,
3243 993 3311 1032 uc
3355 979 3504 1049 prius
3542 981 3610 1036 ab

2023 1049 2274 1103 humanis
2317 1050 2478 1104 rebus
2501 1064 2662 1119 aeger
2685 1049 2958 1114 abscedat,
3002 1062 3160 1119 quam
3198 1049 3399 1103 donum
3423 1062 3612 1106 recan-

2022 1119 2314 1190 eiliatianis
2368 1116 2620 1190 accipiat,
2669 1120 2855 1188 sicque
2885 1116 3270 1188 superstitibus
3317 1119 3338 1151 ⁸
3373 1120 3612 1189 quodam

2023 1190 2182 1244 modo
2207 1188 2410 1246 doloris
2439 1188 2650 1245 videtur
2683 1203 2804 1244 esse
2847 1198 3188 1260 perpetuum,
3223 1190 3268 1244 si
3305 1188 3612 1260 praecisum

2022 1261 2091 1314 ab
2129 1261 2392 1315 ecclesiae
2429 1261 2688 1316 membris
2721 1276 2874 1324 eum,
2930 1261 3022 1328 qui
3063 1259 3247 1328 utique
3296 1263 3615 1317 reconcilia-

2025 1331 2185 1385 tionis
2225 1345 2333 1384 non
2361 1331 2555 1385 meruit
2582 1331 2834 1400 gratiam,
2866 1331 3060 1400 raptim
3113 1346 3142 1384 a
3181 1332 3455 1400 praesenti
3500 1333 3612 1386 vita

2025 1401 2213 1456 mortis
2241 1411 2430 1454 natura
2463 1398 2798 1456 subduxerit.
2844 1398 2996 1456 Unde
3041 1398 3196 1455 iuxta
3221 1415 3392 1471 papae
3417 1403 3612 1457 Leonis

2021 1471 2256 1543 edictum
2309 1471 2412 1543 his,
2445 1473 2536 1540 qui
2569 1471 2620 1524 in
2662 1479 2909 1543 tempore
2935 1471 3284 1543 necessitatis
3313 1482 3366 1526 et
3393 1473 3444 1526 in
3469 1473 3613 1543 peri-

2021 1541 2127 1595 culi
2175 1542 2415 1610 urgcntis
2446 1543 2699 1596 instantia
2735 1541 3062 1610 praesidium
3102 1541 3518 1611 paenitentiae"
3559 1555 3617 1598 et

2026 1627 2155 1666 mox
2201 1612 2654 1666 reconciliationis
2695 1611 2994 1666 remedium
3041 1611 3354 1680 implorant,
3402 1630 3503 1668 nec
3525 1627 3614 1668 sa—

407 1674 546 1762 tae.
570 1680 648 1734 De
663 1674 774 1762 bis,
817 1677 922 1762 qui
933 1674 1186 1762 .convivio
1213 1679 1483 1762 gentilium
1513 1681 1604 1762 αδί-
1633 1687 1774 1762 sunt.
1816 1677 1917 1762 Qui
1955 1705 1994 1762 η
2028 1681 2262 1762 tisi-actio
2315 1680 2679 1762 interdicenda
2729 1689 2832 1762 est,
2891 1674 3405 1762 nec_rec'onciliatia
3452 1685 3617 1738 deue-

334 1751 586 1830 canvivia
635 1749 752 1830 salo
803 1749 1082 1830 gentilium
1122 1760 1184 1830 oet
1215 1749 1371 1805 'escis
1423 1749 1782 1830 immolatitiis
1833 1750 1920 1804 usi

333 1828 478 1903 sunt,
524 1828 752 1890 possunt
807 1819 1025 1876 ieiuniis
1081 1827 1138 1876 et
1185 1836 1379 1876 manus
1425 1820 1767 1889 impositione
1794 1834 1924 1890 pur-

373 1907 478 1946 an.

335 1906 532 2014 83:12.1.
575 1951 644 2015 Ut
673 1958 971 2014 criminalia
1014 1969 1224 2024 peccata
1269 1958 1449 2013 multis
1474 1959 1702 2024 ieiuniis,
1736 1969 1783 2013 et
1812 1975 1924 2014 cre-

331 2031 441 2100 bris
465 2047 653 2084 manus
687 2029 1124 2100 impositionihus,
1156 2047 1187 2083 a
1213 2029 1585 2100 sacerdotibus
1605 2031 1921 2100 purgentur.

333 2099 652 2155 Criminalia
679 2099 899 2169 peCcata
929 2099 1113 2169 multis
1150 2100 1366 2155 ieiuniis
1395 2108 1449 2155 et
1483 2099 1689 2154 crebris
1720 2099 1926 2153 manus

332 2167 693 2226 sacerdotum
729 2167 1160 2239 impositionihus
1184 2183 1478 2238 eorumque
1520 2169 1926 2238 supplicationi-

333 2241 436 2295 bus
480 2240 630 2322 iuxta
673 2255 940 2296 canonum
967 2248 1200 2322 statuta
1225 2241 1444 2322 placuit_
1473 2241 1710 2322 purgari,
1736 2240 1925 2322 ita-ut

332 2324 496 2364 nemo
547 2311 664 2364 sine
716 2325 908 2364 manus
965 2311 1310 2380 impositione
1361 2311 1601 2380 episcopi
1659 2319 1753 2364 aut
1807 2311 1925 2365 eius

333 2381 486 2436 iussu
519 2380 748 2436 alicuius
795 2381 1082 2449 presbiteri
1119 2396 1176 2435 se
1203 2382 1386 2436 credat
1431 2396 1552 2435 esse
1577 2395 1606 2432 a
1633 2381 1746 2434 suis
1795 2381 1926 2434 faci-

333 2452 560 2506 noribus
593 2449 920 2506 absolutum.
966 2450 1082 2504 Non
1110 2459 1194 2506 est
1235 2449 1559 2511 mirandum,
1591 2451 1636 2505 si
1659 2450 1926 2504 absolutio

334 2529 682 2590 peccatorum
717 2533 817 2590 per
862 2535 1053 2576 manus
1100 2521 1497 2590 impositionem
1543 2520 1796 2589 precibus
1855 2521 1927 2575 sit

335 2589 702 2655 sacerdotum,
735 2605 858 2645 cum
905 2589 1246 2646 Dominus’in
1276 2592 1440 2645 veteri
1491 2591 1609 2659 lege
1647 2604 1810 2659 super
1833 2607 1925 2646 ea-

333 2669 434 2785 Eut
458 2660 670 2715 hostiae
716 2675 934 2714 manum
979 2661 1276 2716 sacerdotis
1321 2660 1656 2730 praeceperit
1700 2661 1923 2730 imponi.

382 2731 551 2784 tenim
579 2732 720 2785 sicut
751 2739 880 2785 tunc
910 2745 1008 2785 ner
1048 2731 1194 2785 illam
1246 2731 1498 2785 hostiam.
1545 2731 1620 2784 ita
1663 2747 1806 2785 nunc
1829 2745 1923 2785 aer

382 2731 551 2784 tenim
579 2732 720 2786 sicut
751 2739 880 2785 tunc
910 2745 1008 2800 per
1048 2731 1194 2786 illam
1246 2731 1498 2795 hostiam,
1545 2731 1620 2784 ita
1663 2747 1806 2786 nunc
1829 2745 1926 2800 per

336 2800 963 2870 invacatianemSpiritus
989 2801 1179 2864 sancti,
1220 2814 1318 2870 per
1343 2815 1502 2870 quem
1532 2801 1592 2854 lit
1627 2801 1647 2831 ¹
1679 2801 1928 2856 remissio

331 2878 702 2942 peccatorum,
733 2884 831 2939 per
854 2884 1047 2927 manus
1071 2871 1445 2942 episcoporum
1473 2871 1557 2925 vel
1587 2885 1776 2925 eorum
1804 2887 1928 2926 auc-

335 2940 560 3011 toritate
618 2941 950 3009 reliquorum
992 2940 1334 2996 sacerdotum
1371 2941 1737 3011 imposi;ione,
1799 2956 1928 3010 sup-

331 3009 722 3081 plicationibus
745 3026 932 3066 eorum
959 3012 1308 3066 remittuntur
1335 3009 1576 3080 peccata.
1605 3010 1736 3065 Nam
1763 3009 1932 3081 qua’no

333 3079 409 3150 da
430 3079 706 3150 Dominus
736 3081 994 3135 Lazarum
1023 3079 1438 3144 suscitavit,’ait
1476 3081 1755 3150 discipulis
1781 3079 1924 3136 suis:

337 3148 552 3222 Tollite
579 3147 843 3222 lapidem;
881 3152 1214 3222 subauditur,
1237 3160 1298 3205 ut
1323 3160 1566 3222 mortuus
1585 3147 1771 3222 surgat
1792 3152 1928 3208 dans

336 3219 672 3288 exemplum,
709 3221 937 3276 utsicut
977 3221 1079 3291 ipsi
1107 3222 1354 3276 manibus
1392 3221 1588 3276 tollunt
1613 3219 1843 3290 lapidem
1867 3232 1928 3277 ut

333 3299 590 3344 mortuus
615 3299 822 3360 surgat,
865 3291 941 3344 ita
967 3291 1067 3360 ipsi
1093 3300 1148 3346 et
1197 3306 1541 3347 successores
1577 3298 1766 3346 eorum
1814 3308 1928 3346 ma-

333 3375 444 3414 nus
502 3360 1243 3432 paenitentibusimponant,
1290 3371 1352 3416 ut
1389 3375 1486 3431 per
1524 3361 1927 3432 impositionem

332 3442 600 3482 manuum
631 3429 746 3484 suis
769 3429 1038 3500 precibus
1050 3441 1324 3487 mortuum
1349 3429 1416 3487 de
1441 3429 1741 3501 sepulchro,
1773 3432 1824 3485 id
1845 3441 1931 3488 est

330 3507 678 3572 peccatorem
707 3501 956 3572 deuvitiis
997 3517 1224 3572 surgere
1247 3510 1302 3572 et
1338 3503 1579 3556 relevare
1605 3501 1834 3572 faciant;
1875 3511 1931 3558 et

331 3567 484 3623 sicut
513 3567 590 3622 illi
627 3570 962 3638 praedictum
993 3567 1258 3626 Lazarum
1279 3571 1501 3636 institis,
1525 3573 1580 3626 id
1604 3581 1688 3628 est
1715 3567 1930 3628 funibus

331 3638 670 3712 conligatum
715 3641 930 3712 iubente
976 3641 1205 3698 Domino
1231 3642 1446 3697 solvunt
1483 3641 1503 3672 ³
1533 3643 1627 3712 qui
1661 3643 1756 3708 ait,
1809 3641 1932 3698 Sol-

332 3709 440 3782 vite
465 3706 650 3782 illum,
693 3718 740 3763 et
761 3711 919 3782 sinite
959 3711 1123 3776 abire,
1169 3713 1244 3766 ita
1275 3713 1366 3768 isti
1398 3712 1419 3743 ’⁸
1449 3706 1636 3768 eorum
1663 3706 1931 3782 supplica-

335 3777 585 3832 tionibus
650 3780 948 3853 auxiliante
1002 3782 1242 3838 'Domino
1287 3791 1342 3837 et
1383 3783 1676 3838 comitante
1723 3777 1929 3853 Spiritu

333 3857 544 3929 saneto,
573 3849 667 3918 qui
694 3849 748 3903 in
794 3851 878 3905 his
913 3866 1126 3920 semper
1143 3861 1422 3929 operatur,
1472 3867 1572 3929 per
1599 3849 1792 3908 manus
1825 3853 1930 3907 im-

332 3923 664 3986 positionem
690 3931 1032 3992 peccatorum
1078 3925 1289 3977 solvant
1323 3923 1534 3978 vincula
1569 3938 1770 3992 easque
1794 3931 1929 3977 tem-

333 4001 470 4055 pore
497 4003 526 4040 a
555 3989 758 4060 sanctis
798 3991 1042 4060 patribus
1075 3995 1370 4048 constituto
1415 4008 1570 4047 sacra
1600 3989 1927 4048 eucharistia

333 4059 742 4112 communio-nt
766 4059 819 4114 et
845 4063 1122 4117 absolutas
1144 4063 1224 4116 ire
1247 4064 1583 4134 permittant.

412 4146 535 4202 128.
577 4147 646 4202 Ut
673 4151 1052 4220 paenitentibus
1090 4154 1238 4208 iuxta
1289 4159 1600 4208 canonicam
1639 4155 1926 4208 auctorita-

331 4221 779 4295 tempoenitentia
800 4221 974 4295 detur,
1016 4234 1064 4277 et
1128 4233 1248 4295 ante
1301 4241 1576 4295 suspensos
1617 4243 1650 4279 a
1694 4241 1928 4278 commu-

332 4289 496 4341 nione
526 4289 804 4366 ἐπίδειξαι-ε
869 4291 1069 4362 faciant
1129 4294 1199 4348 ad
1244 4289 1491 4366 ecclesiae
1551 4295 1793 4366 officium3
1857 4295 1926 4350 Ut

332 4358 637 4434 secundum
691 4357 920 4434 formam
971 4378 1240 4419 canonum
1299 4357 1698 4434 paenitentibus
1761 4364 1922 4420 detur

329 4427 694 4504 poenitentia,
745 4439 800 4504 et
831 4432 982 4504 prius
1024 4449 1118 4490 eas
1143 4449 1172 4488 a
1201 4413 1579 4492 communione
1625 4450 1916 4504 suspensos
1948 4413 2000 4478 υ

331 4499 399 4552 ad
421 4497 667 4554 ofﬁcium
690 4497 948 4557 ecclesiae
973 4506 1237 4560 excubare
1276 4505 1477 4559 iaciant
1518 4516 1574 4560 et
1618 4497 1760 4559 inzer
1791 4506 1917 4560 reli-

329 4581 472 4636 quos
527 4569 866 4644 poenitentes
917 4574 985 4628 ad
1032 4590 1224 4630 manus
1287 4576 1685 4644 impositionem
1729 4577 1922 4632 crebra

331 4639 906 4720 recurrereLExpleto
949 4653 1129 4699 autem
1177 4639 1562 4720 satisfactionis
1603 4655 1842 4720 tempore
1865 4657 1921 4702 et

330 4709 661 4788 sacerdotali
695 4726 856 4779 prece
881 4713 900 4742 ⁵
936 4728 1032 4782 per
1077 4731 1268 4770 manus
1294 4709 1730 4785 impositionem;
1771 4717 1920 4788 iuxta

328 4779 602 4859 ordinem;
627 4779 1088 4838 sacramentorum
1139 4793 1193 4838 et
1218 4779 1504 4859 canonum
1571 4779 1921 4842 reconcilient

329 4856 672 4907 poenitentes
700 4860 752 4905 et
781 4866 933 4908 sacra
959 4857 1338 4912 communiene
1372 4856 1710 4912 confirment.

397 4939 526 5022 12?.
584 4940 910 5022 JD-eltisuqui
961 4949 1190 5016 separati
1235 4966 1272 5022 _a
1318 4951 1680 5003 communione
1719 4949 1913 5022 fuerint

327 5011 930 5091 ppenite‘ntibus._Qui‘a
978 5011 1356 5074 conmuniane
1407 5011 1810 5091 separanturoin
1839 5021 1916 5074 la-

327 5082 410 5132 cis
425 5082 630 5161 quibus
657 5085 850 5161 seclusi
881 5084 1112 5161 fuerant,
1149 5104 1246 5158 per
1290 5082 1487 5161 manus
1517 5089 1915 5160 impositionem

329 5155 664 5232 recipiantur
714 5155 771 5232 i_n
815 5155 1535 5232 communionemwNec‘se
1576 5155 1858 5232 quisquam
1885 5175 1914 5213 a

329 5223 570 5300 peccatis
594 5223 900 5300 absolutum
923 5227 1042 5284 sine
1075 5229 1502 5286 reconciliatoria
1538 5223 1732 5285 manus
1753 5231 1918 5298 impo-

329 5293 525 5346 sitione
555 5293 771 5362 credat;
803 5297 896 5352 sed
933 5313 1031 5367 per
1073 5315 1266 5354 manus
1307 5301 1705 5369 impositionem
1743 5293 1918 5370 preci-

1953 3054 2002 3117 ς

2023 1753 2237 1822 ganda;
2291 1753 2416 1822 quia
2481 1751 2886 1807 misericordiae
2909 1751 3018 1823 Dei
3041 1766 3148 1823 nec
3190 1767 3473 1809 mensuras
3495 1769 3620 1823 pos-

2025 1820 2214 1878 sumus
2235 1820 2453 1892 ponere,
2479 1837 2580 1876 nec
2623 1829 2866 1891 tempora
2893 1820 3134 1876 delinire.
3174 1823 3250 1877 De
3300 1823 3386 1878 his
3408 1820 3609 1886 autem,

2024 1891 2363 1974 quiaecepta
2409 1891 2760 1974 paenitentia,
2830 1898 3119 1960 antequam
3165 1893 3612 1974 Ieconpilientur,

2025 1964 2094 2018 ab
2117 1963 2218 2018 hac
2241 1963 2352 2016 vita
2376 1963 2727 2034 recesserint,
2773 1975 3101 2034 quamquam
3148 1963 3438 2034 diversitas
3461 1980 3617 2034 prae-

2025 2040 2303 2102 ceptorum
2357 2033 2421 2088 de
2445 2034 2551 2088 hoc
2599 2033 2834 2100 capitulo
2854 2032 3134 2102 habeatur,
3173 2033 3386 2088 illorum
3432 2032 3615 2089 tamen

2025 2101 2184 2158 nabis
2227 2103 2490 2156 sententia
2531 2103 2751 2172 placuit,
2787 2101 2880 2170 qui
2918 2101 3242 2172 multiplices
3287 2117 3514 2159 numero
3548 2103 3616 2158 de

2025 2173 2333 2228 huiusmodi
2397 2173 2684 2228 immanius
2730 2175 3103 2236 decreverunt,
3139 2182 3196 2228 ut
3239 2182 3296 2227 et
3355 2175 3615 2230 memoria

2025 2244 2216 2316 talium
2252 2245 2306 2316 in
2333 2243 2583 2316 ecclesiis
2619 2243 3030 2316 commendetur
3069 2250 3123 2296 et
3153 2243 3354 2300 oblatio
3399 2257 3497 2316 pra
3523 2261 3616 2301 ea-

2026 2325 2147 2368 rum
2180 2314 2422 2369 dedicata
2457 2314 2736 2382 spiritibus
2759 2311 3073 2382 accipiatur.

2099 2384 2220 2438 151.
2263 2383 2351 2454 De
2383 2381 2682 2454 presbiteris
2734 2381 2810 2436 vel
2853 2381 3161 2437 diaconibus
3206 2382 3434 2454 graviori
3474 2399 3617 2439 noxa

2027 2454 2294 2525 convictis.
2332 2451 2466 2525 item
2503 2454 2882 2525 confirmatum
2935 2460 3038 2525 est,
3067 2460 3126 2507 ut
3155 2451 3444 2523 si'quanda
3467 2470 3619 2525 pres-

2027 2523 2184 2592 biteri
2213 2523 2292 2576 vel
2327 2523 2538 2578 diaconi
2582 2523 2636 2578 iu
2667 2523 2846 2592 aliqua
2893 2523 3139 2592 graviore
3181 2527 3338 2592 culpa
3380 2523 3618 2580 conﬁcti

2030 2591 2250 2658 fuerint,
2306 2609 2413 2663 qua
2439 2608 2531 2649 eos
2564 2611 2592 2648 a
2635 2591 2933 2648 ministerio
2983 2608 3204 2649 necesse
3231 2591 3301 2649 sit
3329 2597 3614 2659 removeri,

2029 2665 2252 2737 naneis
2279 2677 2468 2737 manus
2497 2672 2753 2737 tanquam
2799 2663 3198 2737 paenitentibus
3237 2664 3340 2737 vel
3360 2673 3618 2737 tauquam

2029 2733 2279 2788 ﬁdelibus
2322 2734 2490 2804 laicis
2528 2733 2870 2804 imponatur.
2941 2733 3125 2802 Neque
3176 2733 3615 2804 permittendum,

2030 2751 2279 2788 nueunus
2336 2751 2490 2788 laICIS
2545 2751 2614 2790 tm
2657 2751 2870 2788 anatur.
2941 2751 3125 2802 neque
3176 2751 3614 2804 permittendum,

2030 2813 2090 2857 ut
2114 2803 2443 2874 rebaptizati
2473 2803 2540 2857 ad
2585 2751 2872 2858 caricatus
2901 2804 3126 2872 gradum
3178 2814 3614 2874 promoveantur.

2102 2873 2224 2928 152.
2277 2873 2356 2927 De
2387 2873 2765 2944 paenitentibus
2810 2875 2897 2942 qui
2941 2889 3006 2925 ea:
3053 2873 3378 2944 gravioribus
3413 2875 3619 2929 leviori-

2032 2944 2186 2998 busve
2238 2943 2528 3014 commissis
2559 2944 2930 3014 paenitentiam
2979 2943 3182 3012 gerunt.
3227 2943 3303 3014 De
3337 2946 3620 3014 poeniten-

2035 3015 2198 3078 tibus,
2252 3013 2344 3083 qui
2395 3012 2507 3067 sive
2551 3011 2618 3066 ex
2668 3011 3006 3081 gravioribus
3046 3011 3355 3068 commissis
3401 3015 3513 3069 sive
3549 3030 3616 3068 ex

2034 3084 2329 3164 levioribus
2381 3083 2767 3164 paenitentiam
2820 3090 3034 3164 gerunt,
3087 3083 3132 3138 si
3193 3084 3337 3164 nulla
3370 3085 3621 3164 interve-

2031 3154 2146 3208 niat
2167 3151 2466 3223 aegritudo,
2505 3153 2692 3223 quinta
2739 3151 2872 3206 feria
2921 3161 3046 3208 ante
3087 3155 3288 3222 pascha
3333 3155 3416 3211 eis
3437 3155 3621 3209 remit-

2031 3225 2252 3280 tendum
2279 3223 2554 3278 Romanae
2577 3223 2840 3278 ecclesiae
2881 3224 3213 3278 consuetudo
3261 3225 3615 3281 demonstrat.

2030 3292 2316 3350 Caeterum
2347 3294 2414 3349 de
2439 3294 2678 3364 pondere
2703 3291 3040 3348 aestimando
3081 3293 3399 3350 delictorum
3437 3311 3620 3350 sacer-

2030 3364 2173 3436 dotis
2199 3373 2283 3436 est
2307 3363 2567 3436 iudicare,
2590 3371 2650 3418 ut
2686 3364 2943 3436 adtendat
2961 3364 3029 3418 ad
3068 3364 3463 3436 confessionem
3491 3382 3618 3436 poe—

2033 3434 2257 3508 nitentis
2279 3443 2351 3508 et_
2368 3436 2436 3490 ad
2458 3433 2629 3508 ﬂetus
2667 3442 2830 3508 atque
2870 3433 3134 3508 lacrymas
3177 3433 3520 3508 corrigentis,
3547 3451 3620 3508 ac

2034 3504 2076 3576 ξο
2115 3512 2231 3576 tum
2281 3505 2468 3576 iubere
2501 3504 2716 3576 dimitti,
2744 3503 3100 3576 ’cum‘vid‘crit
3134 3503 3426 3576 congruam
3456 3507 3618 3562 satis-

2031 3572 2340 3648 factionem.
2367 3574 2514 3648 Sane
2534 3575 2582 3630 si
2607 3574 2737 3648 quis
2757 3573 3147 3648 aegritudinem
3181 3572 3432 3632 inciderit
3455 3586 3618 3648 atque

2029 3658 2204 3718 usque
2251 3644 2678 3718 desperationem
2705 3644 3000 3718 devenerit,
3045 3645 3094 3718 ei
3119 3653 3205 3718 est
3245 3657 3370 3702 ante
3407 3644 3621 3718 tempus
3661 3665 3666 3669 '

2030 3715 2263 3786 paschae
2303 3715 2676 3780 relaxandum,
2706 3727 2774 3770 ne
2817 3715 2883 3770 de
2911 3715 3098 3772 seculo
3128 3715 3331 3786 absque
3377 3715 3620 3773 commu-

2031 3785 2192 3841 nione
2216 3785 2477 3841 discedat.

2101 3875 2224 3946 155.
2254 3875 2330 3946 De
2354 3876 2454 3946 his,
2477 3875 2567 3945 qui
2593 3874 2824 3946 convivia
2845 3873 2958 3946 solo
2979 3874 3251 3946 gentilium
3277 3885 3326 3930 et
3351 3878 3481 3932 escis
3517 3878 3618 3932 im-

2027 3943 2300 4027 molatitiis
2317 3945 2407 4026 ousi
2433 3943 2574 4026 sunt.
2595 3945 2694 4008 Lui
2714 3943 2964 4027 convivio
2977 3943 3092 4025 sala
3102 3945 3388 4027 gentilium
3403 3955 3459 4027 e_t
3477 3947 3619 4003 escis

2029 4014 2384 4071 immolatitiis
2409 4015 2492 4069 usi
2523 4023 2668 4079 sunt,
2698 4022 2926 4082 possunt
2951 4014 3168 4070 ieiuniis
3190 4024 3245 4070 et
3269 4017 3476 4072 crebris
3500 4033 3616 4071 ma-

2027 4100 2130 4140 nus
2149 4084 2585 4154 impositionihus
2607 4084 2848 4154 purgari,
2875 4092 2936 4154 ut
2957 4085 3209 4154 deinceps
3227 4086 3296 4140 ab
3318 4086 3618 4144 idalothitis

2026 4152 2360 4228 abstinentes
2386 4152 2849 4228 sacramentorum
2871 4152 3076 4228 Christi
3107 4152 3316 4226 possint
3342 4171 3460 4212 esse
3485 4173 3614 4227 par-

2028 4226 2237 4295 tieipes.
2269 4224 2324 4295 Si
2365 4235 2546 4295 autem
2581 4233 2674 4278 aut
2702 4223 2844 4279 idola
2871 4223 3242 4280 'adorave'runt
3269 4237 3363 4281 aut
3389 4223 3618 4284 homici-

2026 4294 2138 4351 diis
2153 4295 2238 4350 vel
2265 4294 2713 4352 fornicationibus
2730 4295 3080 4350 contaminati
3107 4305 3254 4361 sunt,
3276 4299 3343 4352 ad
3370 4309 3616 4354 commu-

2026 4366 2552 4440 nionem‘eostnisi
2588 4380 2687 4435 per
2725 4365 3108 4440 paenitentiam
3147 4368 3416 4440 publicam
3441 4377 3498 4424 et
3520 4383 3618 4440 per

2023 4452 2217 4492 manus
2243 4435 2639 4506 impositionem
2665 4435 2988 4506 sacerdotali
3023 4435 3185 4506 prece
3229 4437 3340 4493 sint
3367 4435 3615 4496 recon'ci-

2023 4507 2157 4568 liati,
2194 4522 2300 4561 non
2319 4505 2540 4576 oportet
2569 4505 2800 4560 admitti.
2844 4505 3108 4576 Tempora
3130 4509 3497 4576 paenitudinis
3521 4511 3617 4565 ha-

2021 4579 2135 4634 bita
2164 4577 2532 4634 moderatione
2560 4584 2687 4648 sunt
2713 4576 3110 4648 constituenda,
3136 4588 3299 4648 prout
3323 4595 3613 4638 converso-

2023 4663 2144 4720 rum
2171 4648 2384 4720 animos
2407 4647 2716 4703 sacerdotes
2739 4647 3072 4720 inspexerint
3094 4647 3224 4720 reSse
3249 4650 3490 4716 devotos,
3516 4667 3614 4720 pa-

2023 4718 2156 4790 riter
2179 4719 2344 4773 etiam
2375 4720 2636 4774 habentes
2659 4717 2854 4772 aetatis
2878 4718 3074 4790 senilis
3089 4719 3363 4787 intuitum,
3391 4728 3445 4774 et
3470 4717 3612 4790 peri-

2021 4789 2266 4844 culorum
2311 4803 2648 4860 quarumque
2693 4798 2791 4860 aut?
2833 4789 3229 4860 aegritudinum
3256 4789 3608 4860 respicientes

2023 4860 2400 4925 necessitates;
2443 4859 2498 4912 in
2529 4860 2725 4928 quibus
2751 4859 2798 4913 si
2825 4860 2947 4928 quis
2972 4859 3048 4913 ita
3071 4861 3309 4928 graviter
3332 4868 3609 4928 urgeatur,

2023 4939 2082 4984 ut
2118 4930 2245 4985 dum
2268 4930 2444 4984 adhuc
2466 4929 2726 4998 poenitet,
2767 4929 2832 4983 de
2874 4929 3048 4982 salute
3073 4929 3243 4997 ipsius
3269 4931 3606 4998 desperetur,

2017 5009 2230 5070 oportet
2257 5001 2306 5055 ei
2329 5015 2426 5069 per
2447 4999 2832 5070 sacerdotalem
2863 4998 3294 5070 sollicitudinem,
3327 4999 3380 5054 id
3403 5007 3487 5070 est
3506 5014 3606 5068 per

2021 5069 2212 5126 manus
2242 5071 2641 5139 impositionem
2685 5069 3030 5139 absolutione
3048 5083 3267 5139 precum
3295 5069 3606 5124 sacerdota-

2018 5140 2148 5194 lium
2175 5137 2572 5196 communionis
2609 5139 2781 5210 gratia
2813 5137 3107 5194 subveniri.

2093 5231 2214 5286 154.
2241 5229 2310 5284 Ut
2334 5231 2666 5303 poenitentes,
2693 5229 2783 5299 qui
2801 5227 3216 5303 ea:_gravioribus
3235 5231 3460 5303 peccatis
3485 5247 3610 5303 poee

2021 5301 2292 5355 nitentium
2321 5298 2526 5371 gerunt,
2557 5298 2724 5353 tribus
2761 5299 2914 5352 annis
2942 5298 3047 5352 sint
3071 5299 3210 5353 inter
3233 5298 3524 5369 audientes,
3560 5302 3608 5358 si

1564 5434 1956 5491 VARIANTES
1991 5433 2392 5492 LECTIONES.

404 5563 423 5596 ¹
461 5578 587 5634 θλ.
617 5580 668 5620 e.
694 5565 731 5619 i.
751 5580 806 5634 p.
833 5583 864 5620 a
892 5565 1168 5622 Benedicto
1189 5566 1392 5620 addita.

1499 5566 1520 5595 ³
1549 5581 1594 5620 s.
1629 5565 1720 5634 qui
1766 5573 1850 5620 est
1879 5581 1928 5620 r.
1955 5564 2020 5620 G.

2109 5565 2128 5596 ³
2156 5566 2295 5644 deest
2492 5564 2514 5598 ⁸
2543 5564 2754 5644 istis
2817 5565 2884 5644 ﬂ“
2909 5581 2955 5620 s.
2979 5577 3235 5644 pe_reepta
3273 5587 3350 5644 m.
3379 5571 3606 5644 imposi-

330 5633 484 5714 tione
505 5633 569 5688 ϐ.
643 5635 666 5665 ⁸
714 5633 1107 5714 τὸοθριειωχβ.
1156 5638 1202 5714 ’ξ
1232 5635 1614 5714 paenitentiam
1645 5633 1699 5705 p.
1725 5653 1798 5692 m.
1825 5636 1862 5690 i.
1905 5645 2179 5706 acceptam
2206 5635 2271 5691 G.
2349 5637 2369 5667 ⁸
2413 5635 2783 5708 supprestibus
2810 5633 2998 5708 Satth
3023 5633 3204 5695 Cmn'b.
3279 5642 3301 5673 ’
3335 5657 3389 5714 p.
3427 5633 3606 5702 reme-

333 5704 486 5760 tlium
507 5715 558 5760 et
581 5720 653 5760 m.
681 5721 747 5761 ex
766 5704 914 5764 more
939 5723 984 5761 r.
1007 5706 1072 5762 (ἶ.
1153 5707 1196 5739 ⁸⁰
1221 5704 1483 5779 quantum
1508 5706 1544 5759 i.
1572 5704 1637 5760 ϐ.
