4002 6146
461 433 567 488 7·Ξό

1389 429 1450 484 Β.
1489 428 1739 486 CAROLI
1779 428 1991 484 MAGNI
2029 429 2180 484 OPP.
2225 429 2403 484 PARS
2439 430 2479 483 1.
2523 421 2764 486 SECTIO
2803 429 2844 485 Ι.
2922 489 2923 492 η

3642 427 3738 483 721

461 562 625 612 neque
673 544 871 603 iudices
913 543 1152 599 villarum
1195 544 1348 612 ﬁant.
1377 543 1447 598 Ut
1468 542 1752 612 presbiteri
1777 558 1937 597 curas
1958 557 2042 596 se-
2073 549 2123 608 Α
2146 542 2412 612 stipendia
2441 542 2732 611 accipiunt,
2761 544 2816 596 in
2855 558 2953 598 suo
2991 543 3231 596 claustro
3263 552 3518 598 maneant
3551 551 3608 599 et
3637 545 3739 600 sin-

460 613 673 673 culares
705 614 1010 670 nullatenus
1042 623 1350 677 exerceant,
1376 613 1429 668 id
1451 623 1536 668 est
1556 619 1616 666 ut
1638 627 1812 681 neque
1842 613 2046 667 iudices

461 701 640 756 neque
665 684 896 756 maiores
925 683 1228 756 villarunrl
1257 683 1410 738 ﬁant.

537 753 656 810 {75.
685 753 752 808 Ut
791 755 845 807 in
888 755 1054 808 titulis
1104 755 1290 824 quibus
1334 753 1603 824 presbiteri
1644 763 2050 824 consecrantur,

463 837 584 881 ante
620 840 773 880 suam
808 821 1184 893 promotionem
1232 821 1570 878 stabilitatem
1617 824 1942 892 promittant.
1989 821 2056 876 Ut

462 895 770 968 presbiteri,
797 894 889 962 qui
923 895 976 948 in
1005 895 1176 968 titulis
1210 901 1612 968 consecrantur,
1631 893 1946 968 secundum
1961 907 2054 968 ca-
2140 912 2144 918 '

464 961 652 1028 hones.
678 961 966 1034 antequam
997 965 1346 1031 ordinentur,
1395 961 1806 1033 promissionem
1845 961 2055 1016 stabili-

468 1037 601 1090 tatis
630 1036 731 1090 loci
759 1035 903 1092 illius
930 1033 1149 1089 faciant.

538 1107 660 1160 176.
697 1106 778 1159 Ne
803 1105 1029 1176 feminae
1051 1122 1168 1158 cum
1187 1105 1484 1176 presbiter-is
1514 1103 1765 1176 habitent.
1803 1102 1873 1158 Ut
1899 1119 2054 1176 pres-

465 1177 657 1240 biteri,
697 1174 878 1232 secum
918 1175 1146 1230 feminas
1189 1174 1468 1230 licentiam
1506 1190 1614 1230 non
1650 1175 1883 1229 habeant
1909 1174 2062 1229 habi—

469 1248 642 1310 tandi,
671 1255 726 1301 et
752 1256 810 1299 ut
836 1246 1172 1315 suspiciones
1194 1245 1470 1313 eﬂ‘ugiant.

543 1319 663 1372 177.
691 1317 766 1388 De
792 1313 1188 1388 presb‘iterisrel
1219 1315 1422 1388 clericis
1447 1315 1695 1388 fugitivis.
1723 1315 1800 1369 De
1823 1313 2062 1388 fugitivis

469 1384 892 1458 presbiteris'vel
934 1386 1146 1442 clericis
1182 1385 1455 1458 canonica
1481 1384 1776 1458 auctoritas
1811 1387 2063 1458 observe-

471 1453 595 1522 tur;
627 1459 681 1514 id
711 1465 794 1513 est
835 1467 893 1512 ut
934 1472 1094 1514 nemo
1127 1465 1372 1512 nostrum
1409 1454 1667 1510 clericum
1693 1453 1916 1510 alterius
1941 1469 2065 1523 par-

475 1529 692 1584 rochiae
713 1527 946 1592 ordinet,
972 1543 1146 1598 neque
1175 1527 1480 1598 ordinatum
1511 1524 1772 1598 suscipiat
1798 1526 1914 1598 sine
1944 1539 2066 1593 per-

479 1599 738 1654 missione
779 1599 863 1653 sui
887 1595 1123 1667 episcopi
1155 1599 1196 1651 ³.
1243 1597 1311 1652 Et
1337 1597 1440 1652 hoc
1463 1595 1916 1651 considerandum
1951 1602 2060 1658 est,

479 1668 610 1740 quid
634 1670 704 1740 de
727 1669 928 1740 talibus
960 1667 1262 1740 faciendum
1295 1668 1386 1722 sit.

551 1739 673 1795 178.
721 1737 790 1792 Ut
835 1739 892 1792 in
935 1737 1176 1794 domibus
1221 1755 1326 1792 non
1379 1741 1693 1794 consecratis
1737 1750 2064 1807 nequaquam

477 1809 640 1866 missa
677 1807 981 1864 celebretur.
1015 1807 1296 1864 Sancitum
1321 1819 1422 1876 est,
1451 1819 1511 1865 ut
1536 1809 1715 1864 nullus
1739 1807 2068 1878 presbitero-

479 1893 602 1934 rum
631 1879 683 1933 in
723 1877 973 1933 domibus
997 1879 1066 1933 ab
1089 1879 1356 1948 episcopis
1391 1875 1499 1935 non
1543 1875 1875 1935 consgcratis
1917 1875 2068 1932 obla-

481 1949 684 2007 tionem
709 1948 1152 2020 od‘errequoquo
1175 1949 1332 2005 modo
1353 1960 1682 2020 praesumat.

555 2020 678 2075 179.
704 2018 772 2073 Ut
793 2017 1084 2090 presbiteri,
1118 2021 1329 2075 diaconi
1355 2017 1430 2076 uel
1465 2019 1773 2075 subdiaconi
1799 2033 1892 2072 nec
1919 2031 2072 2090 arma

479 2098 702 2162 portent,
730 2087 1502 2162 nec_v_enation_emiexerceant.
1535 2091 1602 2145 Et
1628 2091 1748 2162 hoc
1773 2087 2073 2162 cavendum

481 2157 586 2222 est,
621 2168 681 2213 ut
704 2159 991 2229 presbiteri
1023 2160 1106 2215 vel
1145 2160 1358 2217 diaconi
1404 2161 1518 2215 sive
1561 2157 1878 2216 subdiaconi
1901 2171 2071 2229 “arma

479 2227 718 2301 portare
741 2244 846 2284 non
890 2239 1272 2299 praesumant,
1301 2246 1476 2302 neque
1508 2231 1823 2287 venationes
1865 2227 2074 2297 aliquas

485 2314 761 2356 exercere.

555 2369 680 2427 180.
711 2369 864 2436 Quod
895 2387 997 2425 non
1025 2370 1178 2426 liceat
1206 2371 1414 2426 mulieri
1449 2382 1688 2428 sanctum
1723 2369 1891 2425 velum
1927 2384 2074 2422 acce-

483 2450 629 2513 ptum
651 2441 928 2513 dimittere.
947 2439 1496 2513 Qualicunquemodo
1519 2442 1712 2513 mulier
1729 2438 2076 2513 permittente

485 2507 748 2568 canonice
775 2509 888 2564 viro
913 2527 1012 2566 suo
1033 2519 1128 2566 aut
1150 2527 1217 2567 eo
1232 2507 1501 2568 defuncto
1531 2512 1710 2566 velum
1732 2507 1992 2565 sanctum
2021 2507 2075 2560 in

486 2590 650 2652 caput
669 2582 954 2652 acceperit,
985 2590 1080 2636 aut
1113 2591 1306 2650 sponte
1329 2589 1423 2637 aut
1449 2582 1638 2646 invita,
1685 2580 1738 2634 in
1765 2595 1830 2635 eo
1857 2591 2074 2648 perma-

488 2651 616 2708 neat
641 2651 863 2706 omnino
885 2667 985 2706 nec
1009 2652 1267 2707 dimittat.

563 2722 686 2804 181.
715 2720 784 2775 Ut
813 2737 894 2776 res
919 2738 1208 2804 pauperum
1235 2721 1311 2804 vel
1339 2722 1512 2776 minus
1534 2730 1804 2804 potentum
1827 2717 1969 2804 mala
1990 2734 2078 2804 oc-

486 2793 698 2862 casione
720 2808 826 2846 non
851 2791 1116 2846 emuntur.
1143 2792 1369 2862 Propter
1393 2791 1740 2862 provisioncs_
1757 2803 2074 2862 pauperum,

486 2878 587 2934 pro
607 2861 806 2934 quibus
829 2863 1237 2934 curamhabere
1249 2859 1538 2934 debemus,
1569 2859 1771 2931 placuit
1791 2859 1954 2934 nobis
1972 2900 1987 2923 ,
2017 2865 2078 2911 ut

485 2929 590 2990 hee
610 2929 844 3001 episcopi
871 2948 971 2988 nec
993 2933 1215 2988 abbates
1239 2947 1338 2987 nec
1359 2929 1584 2988 comites
1625 2946 1725 2986 nec
1753 2929 1940 3001 vicarii
1979 2943 2079 3001 nec

489 2997 694 3059 iudices
747 2997 1034 3072 nullusque
1073 3004 1295 3058 omnino
1337 3003 1439 3058 sub
1489 3003 1629 3056 mala
1663 3000 1950 3056 occasione
1992 2997 2078 3052 vel

487 3072 634 3129 malo
653 3072 870 3144 ingenio
896 3089 985 3128 res
1013 3087 1310 3144 pauperum
1343 3072 1427 3144 vel
1463 3073 1642 3144 minus
1665 3079 1948 3144 potentum
1979 3083 2080 3144 nec

486 3157 668 3199 emere
689 3139 791 3198 nec
811 3143 866 3198 vi
893 3139 1081 3198 tollere
1110 3139 1324 3199 audeat.
1356 3143 1462 3198 Sed
1485 3139 1731 3213 quisquis
1754 3141 1776 3172 ³
1803 3157 1870 3196 ex
1890 3139 1970 3194 cis
1989 3139 2081 3194 ali-

487 3213 618 3284 quid
647 3227 964 3282 comparare
997 3213 1260 3279 voluerit,
1307 3215 1361 3269 in
1399 3213 1616 3284 publico
1657 3213 1862 3284 placito
1895 3223 2078 3264 coram

2149 611 2290 683 gulis
2319 613 2510 683 diebus
2537 629 2695 667 mane
2717 615 2888 682 prima
2911 615 2978 669 ad
3006 613 3292 668 lectionem
3323 613 3543 668 veniant
3565 623 3622 670 et
3653 631 3741 668 au-

2153 682 2322 746 diant,
2349 682 2479 752 quid
2499 683 2580 737 eis
2605 684 2915 752 imperetur.
2957 684 3036 737 Ad
3065 699 3304 738 mensam
3338 700 3467 740 vero
3501 685 3742 742 similiter

2154 753 2437 807 lectionem
2465 754 2686 808 audiant
2711 761 2762 807 rt
2786 754 3149 809 obedientiam
3189 753 3484 809 secundum
3511 771 3742 812 canones

2157 823 2430 892 magistris
2449 823 2563 879 suis
2593 824 2902 880 exhibeant.

2227 893 2348 948 186.
2373 893 2452 966 De
2477 893 2775 966 presbiteris
2803 897 3007 950 occisis.
3031 895 3323 952 Presbiteri
3341 894 3610 952 interfecti
3637 897 3742 966 epi-

2157 977 2336 1032 scopo,
2367 965 2435 1018 ad
2459 965 2614 1035 cuius
2641 966 2981 1033 parrochiam
3007 968 3296 1035 pertinent,
3345 966 3629 1020 solvantur
3665 965 3745 1020 se-

2157 1035 2389 1106 cundum
2411 1034 2706 1106 capitularc
2727 1035 2944 1104 gloriosi
2969 1034 3148 1091 Karoli
3177 1037 3438 1106 genitoris
3463 1037 3657 1100 nostri,
3673 1037 3742 1089 ita

2158 1103 2426 1176 videlicet,
2454 1103 2880 1176 utimediet’atem
2906 1106 3138 1176 wirgildi
3166 1103 3284 1162 eius
3317 1107 3604 1176 episcOpus
3643 1108 3746 1160 uti-

2159 1173 2400 1246 litatibus
2420 1174 2700 1246 ecclesiae,
2726 1177 2812 1230 cui
2841 1177 2888 1232 is
2908 1173 3160 1246 praefuit,
3192 1173 3410 1242 tribuat,
3437 1173 3743 1231 et'alteram

2161 1244 2502 1316 medietatem
2529 1245 2582 1299 in
2619 1244 2926 1316 elymosina
2951 1246 3094 1302 illius
3114 1247 3253 1302 iuste
3281 1247 3590 1316 dispertiat:
3624 1247 3744 1316 quia

2161 1314 2339 1388 nuilus
2374 1316 2530 1388 nobis
2557 1314 2684 1388 eius
2713 1316 2871 1372 heres
2889 1317 3186 1388 proximior
3209 1314 3435 1382 videtur,
3462 1331 3628 1386 quam
3641 1314 3745 1372 ille

2163 1385 2253 1454 qui
2293 1386 2467 1452 ipsum
2491 1386 2718 1442 Domino
2739 1385 2983 1444 sociavit.

2227 1456 2258 1537 ⁸1
2271 1455 2358 1537 87.
2390 1455 2469 1510 De
2492 1459 2820 1537 accusatione
2857 1459 3098 1529 episcopi.
3147 1457 3217 1514 Ut
3258 1457 3572 1528 episcopum
3615 1458 3742 1513 nulli

2163 1525 2456 1581 criminose
2493 1525 2652 1580 liceat
2688 1525 2966 1583 accusare.

2237 1595 2358 1652 188.
2398 1595 2552 1661 Quod
2581 1613 2683 1652 non
2720 1596 2872 1652 liceat
2908 1599 3228 1653 monasteria
3268 1597 3379 1652 Deo
3416 1607 3627 1653 sacrata
3669 1599 3746 1652 di-

2166 1667 2396 1739 eersoria
2419 1666 2538 1735 ﬁeri
2566 1666 2847 1722 secularia.
2883 1667 2954 1724 Ut
2977 1669 3230 1739 deinceps
3248 1669 3598 1733 monasteria,
3615 1684 3746 1738 quae

2169 1736 2278 1792 Deo
2311 1743 2524 1790 sacrata
2550 1750 2672 1792 esse
2693 1746 3008 1802 noscuntur,
3046 1736 3340 1794 diversoria
3378 1736 3644 1794 seculana
3667 1754 3745 1794 se-

2167 1806 2403 1878 cundum
2429 1807 2746 1862 canonicam
2769 1809 3176 1874 institutionem,
3203 1811 3255 1864 in
3275 1816 3538 1878 quantum
3563 1824 3748 1864 cavete

2169 1877 2272 1932 hoc
2299 1891 2607 1950 possumus,
2635 1893 2744 1950 non
2769 1878 2930 1942 ﬁant,
2974 1879 3068 1935 sed
3103 1877 3365 1950 religiosis
3397 1887 3456 1934 et
3485 1880 3657 1934 Deum
3689 1881 3749 1933 ti-

2103 1947 2147 2008 Β
2175 1947 2446 2018 mentibus
2465 1947 2880 2018 hominibusque
2903 1950 3128 2004 sacratis
3155 1947 3479 2004 tribuantur.

2248 2017 2384 2090 189.Δ
2401 2015 2471 2071 Ut
2501 2015 2882 2090 coniurationes
2923 2018 3000 2090 vel
3035 2021 3445 2090 conspirationes
3468 2035 3574 2072 non
3603 2019 3747 2090 ﬁant.

2175 2087 2247 2160 Ut
2267 2087 2668 2160 coniurationes
2704 2089 2788 2160 vel
2813 2087 3237 2159 conspirationes
3273 2105 3378 2145 non
3417 2087 3612 2156 ﬁant;’
3635 2089 3751 2160 quia

2174 2159 2311 2230 haec
2324 2156 2590 2230 iacientes
2615 2159 2756 2230 sacri
2781 2156 3012 2230 canones
3039 2159 3276 2230 graviter
3295 2161 3578 2230 damnant.

2246 2228 2368 2283 190.
2397 2227 2474 2282 De
2494 2227 2600 2282 illis
2619 2228 2709 2299 qui
2743 2246 2824 2284 res
2846 2227 3092 2284 ecclesiae
3119 2239 3308 2284 tenent.
3339 2229 3398 2284 Si
3438 2230 3564 2298 quis
3589 2227 3755 2284 eccle-

2174 2299 2448 2354 siasticam
2473 2313 2586 2352 rem
2623 2307 2768 2353 tenet
2801 2309 2858 2354 et
2895 2301 3200 2354 admonitus
3241 2299 3496 2354 iudicium
3519 2299 3751 2355 declina-

2173 2370 2330 2432 verit,
2359 2369 2706 2438 quoadusque
2731 2369 2800 2425 ad
2823 2371 3211 2426 discussionem
3250 2370 3463 2434 veniat,
3509 2378 3602 2423 aut
3649 2384 3753 2424 rem

2175 2441 2428 2509 restituat
2443 2439 2882 2507 ecclesiasticam,
2915 2448 3008 2494 aut
3027 2441 3402 2496 communione
3424 2440 3688 2509 privetur.

2247 2510 2372 2566 191.
2401 2508 2650 2580 Πείσανυο
2672 2509 2920 2580 ecclesiae
2949 2512 3005 2566 in
3047 2511 3199 2580 furto
3231 2508 3657 2580 compraeltenso.
3699 2509 3751 2563 Si

2176 2595 2364 2636 servus
2388 2579 2649 2635 ecclesiae
2677 2581 2728 2634 in
2761 2578 2908 2635 furto
2936 2578 3390 2650 compraehensus
3416 2579 3602 2650 hiet-it,
3633 2581 3752 2650 aiu-

2121 2709 2132 2722 ‘
2176 2651 2300 2722 dice~
2317 2649 2532 2720 publico
2558 2649 2698 2706 sicut
2731 2658 2786 2705 et
2807 2651 3015 2722 reliqui
3039 2649 3406 2719 distringatur.
3444 2649 3512 2702 Et
3533 2650 3582 2704 si
3608 2649 3752 2705 iudex

2177 2720 2424 2790 publicus
2447 2735 2662 2775 servum
2707 2720 2970 2777 ecclesiae
2998 2723 3116 2777 sine
3158 2722 3180 2752 ⁵
3220 2722 3364 2776 furto
3403 2735 3514 2774 non
3543 2735 3754 2790 praesa:

2179 2788 2411 2846 mentem
2439 2791 2554 2845 sine
2591 2791 2859 2846 audientia
2897 2791 3217 2847 vicedomini
3259 2799 3352 2845 aut
3396 2788 3754 2845 archidiaconi

2179 2869 2271 2916 aut
2296 2861 2535 2932 detinere
2553 2868 2644 2932 aut
2666 2861 2921 2917 iniuriare
2935 2861 3374 2932 praesumpserit,
3393 2875 3538 2914 anno
3561 2860 3756 2931 integro

2179 2933 2248 2987 ab
2277 2931 2538 2986 ecclesiae
2565 2931 2840 2986 liminibus
2865 2931 3114 2986 arceatur
3135 2932 3176 2984 ‘.

2250 3001 2372 3055 192.
2399 3001 2475 3072 De
2499 3001 2710 3072 ltis,qui
2732 3003 2978 3056 clericum
3010 3003 3392 3056 iuiuriareriut.
3433 2999 3520 3072 Ea:
3549 2999 3756 3072 concilio

2179 3070 2641 3126 Atttissiodorensi.
2671 3070 2985 3139 Quicunque
3020 3073 3175 3126 iudex
3203 3080 3295 3124 aut
3333 3071 3604 3126 sccularis
3623 3084 3758 3139 pres-

2178 3143 2352 3197 bitero
2377 3149 2469 3195 aut
2495 3141 2739 3204 diacono,
2793 3150 2879 3196 aut
2921 3143 3140 3196 cuilibet
3167 3141 3234 3194 de
3260 3141 3436 3204 clero,
3470 3149 3566 3194 aut
3595 3141 3660 3194 de
3690 3139 3758 3192 in-

2181 3213 2443 3274 nioribus,
2473 3211 2676 3280 absque
2710 3212 2980 3266 audientia
3017 3211 3250 3280 epis:opi
3289 3211 3371 3264 vel
3401 3207 3758 3264 archidiaconi

488 3280 699 3342 idoneis
719 3280 946 3356 testibus
967 3292 1168 3340 etcum
1198 3280 1414 3356 ratione
1431 3285 1532 3356 hoc
1554 3280 1736 3356 faciat.
1767 3281 2081 3356 Ubicunque
2107 3295 2152 3356 ο
2183 3283 2268 3337 vel
2307 3281 2763 3356 archipre_sbi;eri_
2791 3282 3042 3356 iniuriam
3076 3281 3285 3356 inferre
3327 3280 3756 3356 praesumpserit.

487 3363 675 3410 autem
722 3353 880 3409 aliter
923 3355 1201 3410 inventum
1243 3355 1404 3411 fuerit
1446 3353 1681 3419 factum,
1720 3355 1822 3409 hoc
1860 3351 2080 3407 omnino

494 3425 808 3480 emendetur
837 3439 933 3494 per
961 3425 1252 3482 iussionem
1281 3433 1544 3480 nostram.

563 3495 687 3550 l82.
718 3494 793 3567 De
817 3491 1068 3567 potestate
1095 3497 1455 3567 episcoporum
1479 3513 1572 3566 pro
1597 3495 1758 3567 rebus
1773 3491 2084 3567 ecclegiasti-

491 3567 588 3628 cfs,
619 3581 680 3636 ac
702 3564 767 3618 de
787 3561 1144 3620 convenientia
1163 3561 1518 3636 episcoporum
1532 3581 1665 3636 cum
1687 3563 1858 3636 laicis.
1887 3561 1956 3617 Ut
1977 3561 2084 3636 epi-

492 3633 640 3704 scopi
670 3642 996 3704 potestatem
1029 3631 1265 3690 habeant
1304 3631 1392 3690 res
1431 3634 1832 3690 ecclesiasticas
1875 3631 2086 3704 praevi-

492 3702 638 3766 dere,
665 3702 852 3774 regere
867 3711 924 3758 et
947 3706 1246 3774 gubernare
1267 3713 1432 3774 atque
1451 3702 2082 3774 dispensaresecundum

494 3771 812 3830 canonicam
837 3771 1238 3831 auctoritatem.
1267 3771 1551 3840 Volumus,
1579 3785 1639 3830 ut
1663 3771 1784 3830 laici
1816 3774 1873 3827 in
1897 3787 2082 3826 eorum

495 3843 799 3900 ministerio
835 3845 1090 3901 obediant
1119 3862 1151 3902 e
1187 3847 1389 3918 iscopis
1425 3851 1492 3901 ad
1531 3845 1794 3916 regendas
1825 3842 2086 3898 ecclesias

495 3913 588 3969 Dei
635 3914 676 3972 ⁸.
715 3915 903 3970 viduas
941 3925 997 3970 et
1041 3862 1316 3972 orellianos
1359 3916 1736 3972 defensandos.
1783 3921 1838 3969 et
1875 3922 1934 3968 ut
1959 3913 2086 3968 obe-

493 3913 588 3986 Dei
635 3914 676 3978 ⁸,
715 3915 903 3986 viduas
941 3925 997 3970 et
1041 3913 1323 3986 orphanos
1359 3913 1736 3980 defensandos,
1783 3921 1838 3969 et
1875 3922 1934 3968 ut
1959 3913 2088 3986 obe-

492 3982 706 4040 dientes
734 3985 844 4040 sint
868 3987 948 4042 eis
968 3988 1035 4042 ad
1055 3982 1242 4042 eorum
1269 3986 1719 4042 cbristianitatem
1743 3983 2083 4040 servandam.

493 4053 560 4110 Et
586 4055 819 4125 episcopi
842 4059 1244 4115 consentientes
1268 4059 1370 4113 sint
1412 4057 1704 4113 comitibus
1736 4064 1791 4112 et
1820 4053 2088 4110 iudicibus

494 4125 566 4180 ad
601 4125 834 4197 iustitias
871 4127 1166 4185 faciendas.
1202 4129 1267 4183 Et
1293 4128 1599 4184 nullatenus
1638 4143 1738 4197 per
1783 4125 2086 4197 aliquorum

495 4195 836 4251 mendacium
857 4199 940 4252 vel
970 4199 1164 4254 falsum
1190 4199 1561 4256 testimonium
1588 4195 1764 4268 neque
1790 4195 2086 4266 periurium

493 4271 590 4340 aut
609 4279 710 4340 per
733 4269 1032 4340 praemium
1057 4269 1142 4324 lex
1169 4271 1311 4326 iusta
1333 4271 1387 4324 in
1416 4269 1598 4340 aliquo
1623 4269 1966 4338 depravctm'.

556 4335 700 4416 ο18ξ..
721 4335 898 4416 De_eo,
918 4339 1008 4408 qui
1046 4357 1261 4416 causam
1289 4335 1578 4394 iudicatam
1607 4335 1833 4410 repetere
1871 4351 2089 4407 praesu—

494 4405 611 4479 agit,
645 4405 704 4460 Si
727 4407 848 4479 quis
874 4405 1092 4479 causam
1123 4410 1414 4465 iudicatam
1447 4405 1693 4479 repetere
1713 4405 2090 4479 praesumpse-

499 4473 572 4556 rit
594 4473 646 4556 in
674 4473 852 4556 maiio,
871 4478 1054 4548 ibique
1075 4481 1302 4535 testibus
1325 4473 1616 4556 convictus
1627 4473 1806 4556 fuerit,
1823 4487 1916 4556 aut.
1939 4473 2090 4546 quin-

497 4543 670 4624 decim
693 4547 894 4624 soiidos
919 4543 1342 4624 conponat,iau_t
1367 4551 1674 4620 quindecim
1705 4550 1844 4624 ictus
1867 4549 1934 4603 ab
1959 4543 2088 4601 sca-

497 4610 667 4689 binis,
686 4617 776 4689 qui
803 4610 1204 4689 causam-prius
1220 4610 1593 4677 iudicaverunt
1609 4662 1624 4687 ,
1656 4619 1904 4689 accipiat.

569 4681 804 4758 isis—De
833 4681 1112 4742 colonis—et
1149 4689 1422 4758 ﬁscalinis.
1473 4691 1544 4746 Ut
1587 4681 1688 4746 nec
1727 4681 1950 4745 colonus
1989 4703 2089 4743 nec

498 4749 776 4826 ﬁscalinus
808 4759 1018 4826 possint
1047 4749 1242 4814 alicubi
1273 4763 1592 4816 traditiones
1617 4759 1815 4814 facere.

571 4822 694 4900 18_5.
717 4825 796 4880 De
809 4822 922 4882 'vita
945 4831 1336 4900 canonicorum.
1363 4831 1420 4884 In
1439 4831 1690 4886 omnibus
1711 4831 1896 4900 igitur,
1923 4843 2087 4898 quan-

498 4899 615 4970 tum
639 4893 874 4970 humana
898 4899 1164 4970 permittit
1186 4899 1449 4970 fragilitas
1469 4893 1825 4963 decrevimus,
1852 4907 1912 4952 ut
1929 4893 2092 4970 cano-

500 4963 608 5018 nici
633 4964 814 5022 clerici
839 4963 1097 5024 canonice
1119 4963 1318 5033 vivant,
1345 4973 1697 5026 observantes
1720 4970 1932 5024 divinae
1959 4969 2094 5024 scri-
2148 4972 2154 4978 “

499 5037 1034 5122 p‘turaeﬁoctrinam
1069 5049 1124 5122 et
1163 5041 1492 5122 documenta
1516 5051 1827 5122 sanctorum
1856 5047 2089 5122 patrum,

499 5112 554 5184 et
586 5105 719 5160 nihil
749 5109 867 5184 sine
903 5109 1118 5164 licentia
1145 5111 1380 5180 episcopi
1413 5113 1493 5184 sui
1521 5112 1604 5166 vel
1629 5105 1872 5180 magistri
1904 5125 2094 5184 eorum

501 5179 837 5252 inconposite
863 5194 1022 5252 agere
1050 5179 1416 5250 praesumant.
1452 5183 1509 5236 ln
1533 5179 1863 5252 unoqquue
1883 5180 2092 5252 episco-

499 5250 627 5326 patu
646 5255 720 5326 _u_t
748 5248 918 5326 simui
935 5248 1260 5326 man—duceni
1285 5260 1344 5326 et
1369 5248 1673 5326 dormiant,
1692 5248 1784 5307 ubi
1809 5251 1900 5326 his
1919 5248 2094 5326 Tacui-

505 5320 586 5368 tas
609 5315 660 5370 id
677 5315 907 5375 faciendi
930 5328 1183 5390 suppetit.
1204 5323 1298 5378 Vel
1322 5325 1415 5392 qui
1437 5323 1502 5378 de
1527 5323 1688 5378 rebus
1711 5321 2094 5378 ecclesiasticis

2181 3353 2471 3478 1anathema
2516 3353 2584 3407 ab
2620 3353 2862 3407 omnium
2901 3353 3320 3408 christianomm
3365 3351 3645 3406 consortio
3679 3350 3758 3403 ha-

2219 3430 2392 3477 eatur.

2219 3430 2392 3477 eatur.

2260 3493 2378 3548 195.
2412 3490 2481 3546 Ut
2521 3493 2794 3546 homicidis
2822 3493 2896 3547 vel
2919 3493 3136 3547 caeteris
3160 3493 3279 3557 reis,
3305 3491 3626 3562 quilegibus
3643 3489 3758 3543 mori

2183 3564 2389 3627 debent,
2428 3563 2473 3617 si
2502 3563 2570 3616 ad
2595 3563 2866 3617 ecclesiam
2893 3563 3219 3633 confugerint
3236 3602 3251 3626 ,
3300 3560 3486 3633 nullus
3509 3563 3587 3633 eis
3611 3561 3759 3633 victus

2183 3635 2338 3688 detur
2363 3635 2405 3686 ".
2447 3633 2516 3688 Ut
2549 3633 2833 3689 hoinicidis
2876 3633 2958 3688 vel
2995 3630 3225 3688 caeteris
3259 3632 3399 3694 reis,
3433 3633 3527 3701 qui
3573 3630 3762 3701 legibus

2187 3704 2322 3758 mori
2349 3704 2563 3768 debent,
2600 3703 2643 3759 si
2683 3706 2751 3760 ad
2784 3704 3069 3760 ecclesiam
3121 3700 3468 3773 confugerint
3504 3703 3558 3766 ⁸,
3595 3700 3762 3754 nullus

2185 3774 2265 3829 eis
2298 3773 2468 3830 victus
2495 3775 2670 3828 detur.

2259 3843 2381 3900 194.
2402 3843 2477 3898 De
2496 3843 2709 3916 decimis
2728 3861 2820 3914 per
2840 3845 3119 3916 iussionem
3145 3846 3369 3916 episcOpi
3389 3840 3762 3916 dispensandis.

2189 3913 2260 3968 Ut
2279 3914 2649 3984 unusquisque
2687 3911 2838 3969 suam
2865 3915 3127 3970 decimam
3157 3911 3327 3972 donet
3353 3911 3520 3985 atque
3546 3927 3639 3983 per
3668 3911 3766 3967 ius-

2188 3985 2394 4040 sionem
2419 3985 2654 4054 episcopi
2688 3985 2978 4054 dispenset.

2261 4056 2382 4137 lilii.
2402 4053 2656 4137 .Q‘t‘mlinter
2675 4054 2740 4110 de
2767 4053 3056 4137 latronibus
3077 4055 3377 4137 faciendum
3401 4056 3494 4109 sit.
3524 4055 3590 4111 Ut
3613 4053 3766 4137 latro-

2191 4141 2286 4181 nes
2311 4127 2376 4180 de
2402 4125 2540 4180 infra
2569 4125 2590 4156 ⁹
2615 4126 2966 4180 emunitatem
3013 4145 3044 4180 a
3073 4124 3250 4180 iudice
3277 4127 3448 4196 ipsius
3471 4124 3768 4196 emunitatis

2192 4198 2244 4251 in
2271 4197 2483 4251 comitis
2512 4195 2708 4266 placito
2731 4206 3159 4265 praesententur.
3191 4197 3254 4250 Et
3289 4195 3380 4266 qui
3414 4197 3520 4252 hoc
3561 4211 3669 4250 non
3698 4195 3766 4266 {cf

2189 4268 2342 4326 cerit,
2372 4262 2688 4324 benellcium
2716 4262 2769 4321 et
2798 4266 3054 4322 honorem
3089 4262 3325 4336 perdatf
3343 4266 3605 4320 Similiter
3635 4262 3770 4336 vassi

2193 4337 2382 4400 nostri,
2407 4337 2452 4392 si
2483 4338 2584 4392 hoc
2628 4351 2736 4391 non
2776 4338 3214 4406 adimplevcn‘nt,
3244 4337 3566 4392 beneficium
3601 4344 3660 4388 et
3685 4335 3772 4388 bo-

2193 4422 2380 4463 norcm
2405 4407 2650 4530 perdfnt.
2685 4407 2750 4461 Et
2777 4408 2867 4476 qui
2903 4405 3219 4463 beneficium
3257 4423 3364 4464 non
3394 4407 3612 4471 habent,
3651 4406 3773 4460 ban—

2193 4493 2320 4530 num
2347 4493 2407 4530 so
2432 4493 2530 4530 van
2564 4518 2576 4530 .

2193 4493 2320 4532 mum
2347 4487 2576 4531 solvant.

2265 4547 2385 4620 1796.
2418 4547 2494 4601 Dc
2521 4549 2786 4617 periuriis.
2821 4549 2897 4605 De
2918 4564 3004 4614 eo,
3045 4549 3138 4620 qui
3162 4549 3462 4619 periurium
3490 4546 3700 4620 fecerit,
3723 4550 3776 4595 ut

2117 4651 2165 4709 υ
2193 4619 2415 4709 nullam.
2452 4614 2873 4709 redemptionem
2916 4614 3121 4709 salvat,
3162 4614 3260 4709 sed
3296 4634 3528 4709 utamini
3568 4614 3774 4696 perdat.

2192 4690 2345 4756 Quod
2373 4691 2416 4745 si
2445 4686 2728 4744 accusa—tor
2749 4692 3074 4746 contendere
3108 4690 3335 4745 voluerit
3356 4690 3426 4744 de
3449 4689 3566 4757 ipso
3603 4686 3780 4757 periuv

2194 4763 2294 4824 rio,
2332 4769 2476 4815 stent
2524 4761 2590 4814 ad
2619 4775 2855 4816 crucem.
2897 4761 2964 4816 Et
3003 4763 3048 4816 si
3089 4763 3296 4816 iurator
3337 4759 3564 4822 vicerit,
3611 4759 3781 4827 legem

2195 4846 2346 4885 suam
2369 4839 2656 4886 accusator
2680 4831 2947 4886 emendet.
2969 4830 3080 4886 Hoc
3095 4845 3222 4886 vero
3245 4831 3311 4886 de
3339 4830 3646 4884 minoribus
3665 4840 3781 4881 cau-

2195 4903 2270 4956 sis
2295 4901 2709 4958 obscrvandum.
2743 4901 2820 4956 De
2864 4902 3160 4956 maioribus
3201 4914 3329 4955 vero
3371 4901 3542 4954 rebus
3586 4907 3680 4952 aut
3719 4896 3783 4950 de

2195 4970 2714 5043 statuiugenuitatis
2731 4973 3036 5043 secundum
3062 4972 3239 5043 legem
3258 4971 3589 5043 custodiant.

2268 5042 2390 5096 197.
2424 5037 2499 5094 De
2523 5039 2814 5114 iatrauibus
2839 5043 2973 5114 iuste
2994 5037 3286 5114 peremptis,
3304 5050 3368 5114 _et
3397 5037 3786 5114 debomt'nibns

2194 5112 2386 5185 iniuste
2409 5111 2636 5185 punitis._
2647 5111 2718 5165 De
2744 5112 2977 5185 vindicta
2995 5110 3056 5167 et
3083 5110 3280 5185 iudicio
3303 5111 3446 5165 iusto
3471 5111 3528 5164 in
3554 5110 3789 5185 latrones

2198 5181 2342 5235 facto
2365 5177 2675 5236 testimonia
2699 5182 3069 5252 episcoporum
3095 5183 3298 5250 absque
3321 5189 3548 5252 peccato
3578 5177 3792 5234 comitis

2197 5266 2316 5305 esse
2347 5253 2616 5312 dicuntur,
2652 5252 2723 5304 ita
2752 5251 2927 5306 tamen
2954 5261 3014 5306 ut
3040 5255 3245 5312 absuue
3275 5251 3476 5306 invidia
3513 5258 3608 5304 aut
3631 5263 3791 5302 occa-

2201 5323 2352 5377 sione
2391 5323 2530 5376 mala
2564 5321 2666 5377 hoc
2697 5322 2810 5387 liat,
2840 5322 3078 5392 nihilque
3121 5321 3267 5378 aliud
3313 5323 3386 5378 ibi
3417 5323 3793 5394 interponatur

1737 5435 2127 5492 VARIANTES
2164 5436 2567 5493 LECTIONES.

579 5548 598 5580 ⁸
628 5546 767 5630 deest
960 5547 982 5578 ’
1004 5547 1274 5630 pontificis
1311 5547 1432 5630 Bai.
1509 5548 1530 5578 ³
1558 5550 1602 5602 si
1633 5549 1755 5618 quis
1781 5546 1847 5602 G.
1927 5549 1948 5578 ⁸
1972 5549 2239 5617 sequentia
2261 5548 2450 5630 omittit
2474 5547 2742 5630 Metensis,
2768 5549 2896 5630 haec
2924 5561 3019 5630 pro
3042 5550 3108 5601 iis
3128 5547 3410 5628 exhibens:
3433 5544 3504 5600 Et
3539 5543 3800 5630 Nic‘olaug

503 5631 653 5688 papa
685 5617 754 5672 ad
792 5617 981 5688 locum
1004 5613 1081 5670 ita
1115 5628 1174 5671 ut
1211 5617 1508 5672 secundum
1533 5613 1812 5674 sacrorum
1842 5613 2109 5674 canonum
2151 5618 2484 5672 sanctionem
2525 5619 2579 5672 in
2607 5625 2874 5688 potestate
2907 5613 3142 5688 episcopi
3183 5631 3271 5672 res
3307 5631 3499 5688 omnes
3516 5613 3804 5688 ecclesiae

504 5685 824 5757 consistant,
850 5697 905 5742 et
931 5686 1020 5741 ille
1041 5687 1334 5742 secundum
1362 5687 1612 5744 timorem
1644 5688 1738 5742 Dei
1779 5687 1975 5756 quibus
2003 5687 2230 5742 voluerit
2271 5695 2327 5742 et
2355 5685 2626 5757 quomodo
2666 5688 2896 5743 voluerit
2927 5686 3049 5742 illas
3079 5685 3373 5757 dispenset.
3417 5686 3486 5740 Et
3513 5686 3568 5740 in
3607 5699 3806 5753 supra-

505 5754 708 5835 scripto
734 5755 872 5810 libro
895 5771 959 5810 ex
987 5757 1247 5835 canonica
1271 5759 1595 5813 auctoritate
1618 5754 1954 5835 assumptum
1995 5758 2137 5812 istud
2167 5759 2237 5812 ita
2241 5754 2536 5835 inveaitur
2559 5759 2887 5835 capitulum;
2919 5757 2979 5812 Si
3003 5757 3126 5835 quis
3153 5754 3256 5835 (ei.
3283 5757 3496 5835 cap._2l
3515 5757 3576 5835 Γ..
3615 5757 3691 5835 -.³
3715 5769 3808 5835 pa:

505 5820 652 5899 blieo
675 5837 830 5878 servo
857 5840 906 5878 e.
941 5840 1102 5899 super
1129 5825 1248 5899 f.__n_.
1274 5838 1655 5896 praesumente
1685 5827 1749 5885 (ἱ.
1801 5820 1816 5826 ’
1857 5829 1877 5856 θ
1909 5837 2197 5881 arceantur
2231 5827 2296 5882 ϐ.
2413 5829 2431 5858 ⁷
2452 5828 2516 5883 G.
2541 5820 2638 5899 pro
2663 5829 2744 5899 liis
2780 5828 2966 5884 habet:
3006 5820 3081 5882 Ex
3117 5820 3369 5898 capitulis
3398 5820 3580 5884 domui
3614 5820 3806 5885 Κωῖώ

507 5895 652 5966 regis
675 5909 818 5952 anno
845 5894 996 5979 rggni
1022 5895 1136 5953 eius
1167 5896 1236 5955 Xl
1257 5894 1412 5956 actis.
1491 5899 1513 5930 ⁸
1538 5914 1645 5957 non
1673 5905 1998 5958 excusentur
2031 5899 2221 5953 omisit.
2301 5900 2320 5929 ’
2343 5894 2640 5954 cuutuiiatc
2667 5898 2728 5956 ϐ.
