4002 6146
272 390 374 446 795

761 385 912 441 COD.
957 385 1225 442 DlPLOM.
1259 415 1327 424 —
1352 357 1704 439 liENEDlCTl
1743 375 2252 433 CAl’l'l'ULAlilU'.‘d
2280 372 2674 430 COLLECTIO.
2707 403 2772 411 -—
2809 371 2934 424 LIB.
2966 368 3004 424 Ι.

3402 367 3506 424 726

271 501 374 557 nisi
397 515 524 554 vera
549 497 749 552 iustitia
769 499 835 551 ad
856 497 1254 566 perficiendum.
1290 497 1381 550 lllc
1419 510 1546 548 vero
1563 535 1590 566 ,_
1624 493 1712 566 qui
1730 505 1832 566 per
1861 493 1909 549 A
1937 504 2062 566 vero
2091 485 2289 544 solidus
2321 490 2573 566 quinque:
2602 487 2668 540 Et
2696 485 2952 566 episcopi,
2989 485 3210 566 abbates
3247 491 3307 566 et
3336 483 3506 566 abba-

270 573 453 626 odium
480 567 564 623 vel
593 567 790 621 malum
827 563 1094 637 ingenium
1115 576 1172 620 et
1202 566 1301 619 nisi
1326 574 1543 634 propter
1581 563 1832 637 iustitiam

271 638 569 694 faciendam
599 637 868 701 hominem
886 631 1142 705 punierit,
1177 631 1441 690 honorem
1473 649 1626 705 suum
1650 631 1838 700 perdat

269 720 326 765 et
351 709 558 778 legibus
580 715 768 787 contra
791 703 948 787 quem
975 705 1166 787 iniuste
1195 706 1320 760 fecit
1339 745 1354 769 ,
1397 703 1686 758 secundum
1713 716 1839 771 poc-

273 775 589 847 nam'quam
613 775 868 847 intulerit,
895 775 1158 847 emendet.

343 841 468 902 198-.
497 845 574 899 De
602 847 751 899 nanis
785 845 801 875 ι
847 854 894 898 et
930 844 1142 898 decimis
1184 842 1259 897 rel
1296 859 1449 896 censu
1486 841 1836 896 ecclesiarum.

274 918 352 990 De
373 917 534 990 rebus
559 929 687 968 vero
705 913 1071 990 ecclesiarum,
1086 915 1226 990 unde
1247 927 1389 990 inme
1406 927 1598 966 census
1599 919 1835 990 exeunt,

272 985 485 1042 decima
511 991 567 1038 et
594 999 734 1038 nona
771 999 892 1038 cum
930 983 1046 1051 ipso
1069 980 1234 1037 c'ensu
1271 983 1562 1037 solvantur.
1599 980 1666 1034 Et
1700 983 1840 1051 unde

273 1063 436 1108 antea
471 1069 580 1108 non
633 1053 880 1108 exierunt
916 1050 969 1115 ’ζ
1015 1053 1260 1107 similiter
1303 1065 1474 1106 nonae
1515 1059 1569 1104 et
1604 1050 1841 1105 decimae

274 1125 490 1179 dentur.
521 1123 597 1177 De
616 1123 817 1177 casatis
840 1138 968 1177 vero
991 1123 1379 1192 quinquaginta
1395 1121 1415 1151 '
1437 1121 1638 1192 solidus
1680 1137 1837 1192 unus,

271 1195 340 1249 de
370 1192 587 1260 triginta
612 1193 862 1248 dimidius
905 1193 1104 1247 solidus
1119 1190 1152 1254 ,7
1174 1190 1246 1246 de
1279 1191 1464 1260 viginti
1500 1190 1843 1260 transmissus

272 1278 432 1317 unus.
447 1259 524 1318 Et
541 1269 594 1316 ut
617 1263 892 1330 precariae
918 1261 1076 1316 modo
1116 1259 1438 1316 renoventur
1460 1261 1502 1312 ⁸.
1532 1259 1597 1313 Ει
1617 1260 1708 1314 ubi
1733 1275 1840 1330 non

271 1339 399 1386 sunt
423 1329 685 1400 scriptae,
735 1333 828 1386 tiat
872 1331 1158 1400 descriptio
1203 1330 1342 1385 inter
1390 1335 1742 1384 conventores
1775 1329 1842 1384 de

272 1403 440 1457 verbo
475 1409 678 1456 nostro.

342 1470 467 1524 199.
493 1471 570 1524 De
587 1471 876 1524 tributariis
897 1468 1281 1523 aecclesiarum.
1299 1469 1374 1522 De
1393 1467 1613 1522 cerariis
1626 1475 1680 1521 et
1692 1469 1844 1522 tabu-

268 1540 421 1594 lariis
446 1555 511 1594 ac
545 1540 863 1594 cartellariis
902 1539 974 1592 ita
1016 1539 1139 1602 tiat,
1177 1538 1316 1593 sicut
1349 1553 1381 1591 a
1419 1538 1578 1608 longo
1606 1545 1843 1606 tempore

273 1610 552 1664 decretum
578 1619 680 1664 est.

339 1678 464 1732 200.
496 1677 995 1758 Ut_sacrame_nt_um.
1030 1693 1122 1758 pro
1162 1675 1560 1758 glrildonia'non
1593 1676 1718 1758 fiat.
1767 1677 1844 1758 De

210 1812 214 1816 η
269 1749 620 1803 sacramentis
666 1764 764 1818 pro
801 1745 1038 1816 gildonia’
1069 1745 1294 1818 invicem
1329 1745 1751 1818 coniurantibus,
1783 1755 1840 1802 ut

269 1833 433 1872 nemo
469 1815 772 1938 praesumat
810 1815 1009 1872 facere.
1057 1815 1176 1870 Alio
1203 1831 1329 1870 vero
1363 1817 1524 1870 modo
1553 1816 1620 1870 de
1640 1817 1842 1887 elymo—
1873 1828 1918 1890 Β

269 1887 404 1939 sinis
449 1887 660 1939 ilorum
705 1896 798 1939 aut
840 1887 907 1939 de
952 1887 1210 1939 incendiis
1259 1894 1352 1939 aut
1405 1886 1470 1939 de
1517 1885 1838 1939 naufragiis.

269 1887 404 1942 sinis
449 1885 660 1945 illorum
705 1896 798 1941 aut
840 1887 907 1941 de
952 1887 1210 1941 incendiis
1259 1894 1352 1939 aut
1405 1886 1470 1956 de
1517 1885 1838 1956 naufragiis,

268 1957 517 2025 quamvis
536 1957 931 2012 conhibentiam
957 1955 1185 2020 faciant,
1231 1970 1390 2011 nemo
1428 1955 1482 2010 in
1523 1955 1626 2012 hoc
1666 1955 1843 2012 iurare

311 2041 468 2081 raesu
474 2037 576 2080 mat
585 2066 603 2082 ο

270 2041 603 2096 praesumat.

271 2165 296 2168 ᾼ
339 2095 468 2168 20L
527 2095 595 2168 Ut
634 2093 942 2168 iterantibus
980 2093 1152 2168 nullus
1194 2095 1613 2168 impedimentum
1657 2097 1839 2168 faciat.

268 2165 346 2220 De
377 2166 694 2250 iterantibus
719 2166 899 2250 qui_ad
925 2165 1182 2250 palatium
1213 2173 1304 2219 aut
1329 2165 1490 2250 aliubi
1513 2165 1757 2250 pergunt,
1785 2177 1844 2222 ut

269 2251 365 2290 eos
386 2251 483 2304 per
499 2235 773 2290 collectam
805 2236 825 2266 ⁵
857 2249 1012 2297 nemo
1038 2235 1107 2290 sit
1127 2249 1286 2290 ausus
1307 2235 1574 2289 adsallire.
1599 2235 1663 2291 Et
1685 2254 1843 2294 nemo

268 2306 496 2358 herbam
541 2305 863 2360 defensionis
935 2314 1172 2374 tempore
1208 2305 1230 2335 °
1273 2313 1580 2374 praesumat
1625 2307 1838 2372 tollere,

269 2374 454 2446 nisiin
485 2375 690 2446 hpstem
716 2384 901 2446 pergat
926 2383 1020 2446 aut
1043 2373 1240 2446 missus
1265 2383 1446 2446 noster
1470 2373 1558 2446 sit.

338 2443 574 2514 2021M
600 2443 1169 2514 teloneis'forbannitis.
1210 2444 1286 2498 De
1335 2443 1580 2514 teloneis,
1615 2446 1846 2514 qualiter

267 2521 430 2567 antea
457 2511 744 2568 forbanniti
772 2511 1001 2578 fuerunt,
1040 2515 1373 2577 observetur,
1397 2521 1455 2567 ut
1477 2511 1652 2570 nullus
1672 2516 1840 2580 tollat,

267 2583 372 2652 nisi
402 2583 546 2652 quod
569 2585 636 2638 ab
662 2584 879 2652 antiquo
904 2591 1163 2640 statutum
1190 2582 1364 2636 fuerat
1387 2583 1430 2636 ⁷.

339 2651 468 2723 203.
491 2651 569 2723 iit
595 2651 853 2723 mancipia
892 2671 996 2707 non
1037 2654 1146 2707 sine
1185 2654 1394 2706 testibus
1435 2655 1740 2713 vendantur.
1770 2657 1844 2710 De

267 2721 573 2793 mancipiis,
619 2734 676 2776 ut
717 2721 823 2777 non
851 2725 1149 2778 vendantur
1181 2723 1289 2793 nisi
1323 2732 1414 2775 aut
1461 2723 1511 2776 in
1540 2727 1842 2793 praesentia

266 2791 511 2874 episcopi
533 2793 616 2874 vel
641 2793 886 2874 comitis,_
903 2802 994 2874 aut
1029 2792 1332 2874 praesentia
1367 2791 1726 2874 archidiaconi
1751 2806 1844 2849 aut

264 2862 566 2916 centenarii
604 2869 696 2916 aut
739 2861 1053 2918 vicedomini
1097 2869 1188 2916 aut
1229 2861 1417 2916 iudicis
1461 2863 1710 2928 comitis,
1752 2874 1844 2918 aut

265 2939 400 2985 ante
426 2931 562 2986 bene
588 2940 713 2986 nota
739 2932 1062 2988 testimonia.
1089 2931 1155 2985 Et
1179 2939 1238 2986 ut
1259 2930 1401 2986 foras
1425 2947 1662 2988 marcam
1686 2949 1843 2990 nemo

266 3000 539 3071 mancipia
566 3001 790 3064 vendat;
819 3010 872 3057 et
894 3003 982 3070 qui
1006 3001 1211 3066 fecerit,
1239 3009 1416 3056 tantas
1443 3002 1587 3056 vices
1609 3005 1843 3058 bannum

263 3069 470 3142 solvat,
501 3079 701 3142 quanta
731 3069 992 3142 mancipia
1036 3071 1289 3142 vendidit.
1335 3071 1403 3125 Et
1447 3072 1640 3142 sinon
1682 3074 1844 3128 habet

263 3139 522 3237 pretium,
556 3141 623 3237 iiil
635 3142 866 3226 wadium
892 3139 1148 3237 s'e'ipsum
1171 3141 1347 3237 tradat.
1382 3141 1687 3212 comiti‘pro
1717 3157 1840 3213 pre-
1867 3172 1915 3237 ο

267 3209 366 3279 tio,
389 3225 562 3279 usque
591 3213 719 3266 dum
753 3213 926 3279 ipsum
950 3209 1185 3266 bannum
1207 3210 1395 3264 solvat.

338 3278 734 3346 204(Qualiter
757 3278 821 3336 de
847 3281 1116 3335 comitibus
1157 3279 1232 3333 vel
1270 3279 1333 3332 de
1373 3281 1534 3334 cassis
1570 3279 1844 3336 dominicis

260 3348 500 3420 iustitias
526 3367 628 3420 non
649 3349 956 3419 facientibus
981 3349 1236 3420 agendum
1260 3347 1433 3420 δὴ.δὶ
1460 3364 1639 3405 comes
1666 3351 1719 3404 in
1745 3365 1864 3407 suo‘

263 3418 574 3472 ministerio
603 3418 834 3475 iustitias
861 3436 966 3475 non
991 3418 1194 3484 iecerit,
1223 3419 1398 3473 missis
1435 3420 1634 3474 nostris
1658 3421 1723 3475 de
1748 3436 1844 3476 sua

263 3502 434 3558 causa
459 3489 546 3558 vel
573 3489 637 3543 de
665 3491 778 3544 suis
815 3490 1020 3544 exeniis
1047 3489 1068 3520 ⁸
1099 3489 1315 3552 serviat,
1343 3503 1513 3558 usque
1541 3489 1666 3543 dum
1691 3489 1841 3544 iusti-

262 3557 377 3610 tiae
417 3557 492 3612 ibi
525 3557 696 3612 factae
739 3559 955 3614 fuerint.
993 3559 1060 3612 Et
1101 3558 1148 3612 si
1188 3573 1375 3612 vassus
1403 3557 1582 3613 uester
1613 3559 1846 3616 iustitias

263 3631 376 3680 neu
398 3625 608 3692 fecerit,
640 3637 768 3684 tunc
788 3638 842 3682 et
869 3643 1048 3684 comes
1073 3637 1126 3682 et
1152 3629 1348 3682 missus
1375 3635 1557 3683 noster
1585 3629 1649 3683 ad
1678 3630 1846 3698 ipsius

262 3711 452 3818 fasam
484 3697 702 3752 sedeant
723 3707 776 3752 et
800 3699 864 3753 de
903 3714 1000 3753 suo
1027 3697 1242 3762 vivant,
1291 3712 1569 3768 quousque
1610 3697 1846 3757 iustitias

287 3776 496 3818 acrant.

287 3776 496 3820 actam.

335 3834 466 3908 205i.
505 3835 583 3889 De
605 3837 706 3908 his,
730 3838 818 3907 qui
839 3837 1060 3908 pretium
1085 3852 1177 3907 pro
1204 3837 1349 3908 [uicta
1377 3839 1598 3908 recipere
1623 3847 1671 3892 et
1697 3840 1847 3894 iusti-

261 3905 399 3958 tiam
421 3905 594 3973 facere
620 3905 820 3977 nolunt.
841 3905 848 3907 ⁷
867 3907 922 3959 Si
949 3905 1212 3977 quispro‘
1248 3907 1386 3977 faida
1410 3905 1683 3977 praecium
1711 3909 1847 3963 reci-

263 3987 400 4041 pere
446 3989 550 4028 non
591 3975 706 4028 vult
741 3984 797 4029 et
837 3975 1328 4030 iustitiam’exinde
1365 3975 1561 4042 facere,
1602 3977 1655 4030 in
1685 3979 1843 4032 talem

263 4045 449 4097 locum
470 4059 593 4098 eum
623 4045 834 4100 mittere
860 4046 1124 4110 volumus,
1155 4054 1213 4099 ut
1248 4045 1419 4100 maius
1445 4045 1698 4100 damnum
1739 4063 1844 4102 non

255 4122 505 4166 crescat.

335 4181 466 4235 206.
498 4182 575 4254 De
601 4182 886 4254 latronibus
917 4185 993 4237 bis
1017 4201 1108 4254 per
1143 4184 1370 4236 membra
1407 4192 1455 4254 et
1483 4185 1634 4254 tertio
1657 4200 1748 4252 per
1772 4187 1846 4238 vi-

260 4259 377 4303 tam
374 4252 702 4374 Jmniendis.
733 4255 806 4308 De
829 4251 1125 4308 latronibus
1165 4254 1233 4306 ita
1271 4251 1628 4322 praecipimus
1657 4251 1845 4307 Obser-

261 4335 372 4373 van
416 4336 528 4374 nm.
553 4331 612 4374 ut
633 4338 729 4374 nro
755 4325 922 4374 prima
949 4325 1101 4374 culna
1131 4339 1235 4374 non
1261 4321 1540 4374 moriatur.
1567 4323 1659 4374 sed
1682 4339 1843 4374 unutn

261 4321 528 4392 vandnm,
553 4331 612 4374 ut
633 4338 729 4390 pro
754 4325 922 4392 prima
949 4325 1101 4392 culpa
1131 4339 1235 4376 non
1261 4321 1540 4392 moriatur,
1567 4323 1659 4377 sed
1682 4339 1843 4376 unum

259 4389 484 4442 oculum
509 4389 725 4458 perdat;
747 4389 812 4446 de
835 4394 936 4447 alia
967 4389 1092 4446 vero
1118 4392 1271 4460 culpa
1295 4407 1458 4445 nasus
1486 4391 1654 4460 ipsius
1682 4393 1845 4446 latro-

259 4460 352 4512 nis
377 4468 690 4539 truncetur;
717 4463 782 4516 de
803 4464 958 4518 tertia
982 4463 1158 4530 culpa,
1185 4463 1228 4516 si
1251 4476 1433 4516 senon
1458 4462 1839 4526 emendaverit,

259 4538 551 4582 morietur.

335 4597 479 4672 907._
519 4598 786 4672 Decretale
827 4618 1033 4672 precum
1083 4602 1410 4672 quorundam
1463 4615 1838 4672 episcoporum.

256 4666 580 4736 Capitulare
601 4666 834 4736 qualiter
851 4666 1156 4726 institutum
1175 4680 1256 4725 est
1280 4672 1330 4724 in
1352 4671 1452 4724 hoc
1469 4666 1840 4738 episcOporum

253 4747 567 4810 conventu;
597 4739 650 4792 id
679 4747 762 4810 est
793 4749 850 4810 ut
880 4741 1246 4810 unusquisque
1270 4741 1550 4809 episcopus
1577 4747 1687 4793 tres
1716 4740 1843 4794 mis-

254 4821 353 4860 sas
379 4814 438 4858 et
462 4807 566 4879 tria
594 4809 865 4879 psalteria,
893 4807 1056 4864 unum
1085 4807 1183 4879 pro
1215 4807 1413 4864 domno
1449 4807 1573 4877 rege
1608 4815 1661 4861 et
1697 4810 1841 4863 aliud

250 4891 363 4948 pro
390 4877 634 4948 exercitu
663 4877 1009 4948 Francorum,
1045 4877 1264 4933 tertium
1301 4895 1400 4948 pro
1432 4879 1700 4948 praesenti
1746 4880 1842 4932 tri-

253 4944 543 5000 bulatione
581 4946 758 5000 faciat.
799 4948 1089 5003 Presbiteri
1127 4944 1322 5003 missas
1349 4944 1476 5003 tres.
1507 4947 1748 5004 Monachi
1786 4956 1842 5002 et

251 5015 564 5088 monachae
589 5015 610 5046 '
632 5025 686 5069 et
722 5019 965 5073 canonici
1018 5019 1385 5088 unusquisque
1428 5018 1680 5088 psalteria
1717 5019 1838 5072 tria.

248 5083 327 5138 Et
357 5084 618 5156 biduanas
642 5103 829 5142 omnes
867 5089 1062 5142 faciant
1093 5083 1201 5141 tam
1239 5083 1492 5156 episcopi,
1539 5103 1699 5156 quam
1729 5105 1842 5142 mo—

249 5153 432 5226 nachi
450 5163 506 5226 et
527 5158 821 5226 monachae
845 5167 1006 5226 atque
1030 5153 1460 5226 canonici—atque
1485 5153 1670 5211 eorum
1701 5158 1839 5212 infra

249 5223 435 5296 casati
462 5225 506 5256 ¹⁰
535 5225 796 5296 homines,
835 5223 932 5280 vel'
951 5229 1040 5296 qui
1079 5237 1325 5296 potentes
1371 5223 1512 5280 Sunt.
1560 5227 1631 5296 Et
1678 5243 1845 5280 unus;

248 5293 498 5366 quisque
521 5295 820 5366 episcopus,
849 5293 1011 5351 abbas
1033 5293 1097 5351 et'
1109 5297 1399 5360 abbatissa,
1429 5296 1519 5366 qui
1550 5295 1724 5350 facere
1750 5311 1840 5364 po-

249 5370 401 5436 tent,
427 5363 616 5418 libram
643 5363 803 5420 donet
831 5367 894 5420 de
919 5381 1140 5436 argento
1161 5374 1254 5420 ant
1277 5382 1392 5420 eam
1424 5363 1630 5419 valente
1652 5367 1704 5419 in
1731 5363 1842 5436 ely-

245 5434 552 5498 maeinam,
582 5436 878 5491 mediocres
903 5434 1028 5492 vero
1054 5437 1326 5492 dimidiam
1356 5436 1577 5498 libram,
1611 5434 1843 5489 n‘tiuores

1872 4505 1924 4564 D

1939 559 2101 613 tissae
2119 552 2380 627 pauperes
2398 552 2671 613 famelicos
2703 552 2934 626 quatuor
2961 571 3056 626 pro
3082 552 3510 627 istaistriccitate

1938 625 2145 683 nutrire
2169 625 2396 683 debeant
2422 644 2592 696 usque
2622 625 2860 696 tempore
2883 625 3159 680 messium.
3187 626 3253 678 Et
3272 625 3362 693 qui
3393 634 3510 678 tan-

1938 706 2051 753 tum
2078 714 2184 753 non
2206 707 2448 768 possunt,
2472 699 2618 752 iuxta
2646 697 2788 766 quod
2809 696 3259 768 possibilitasest,
3284 703 3376 768 aut
3397 703 3519 748 tres-

1938 770 2021 823 vel
2049 769 2182 823 duos
2207 765 2303 822 aut
2328 785 2511 822 unum.
2550 765 2786 822 Comites
2827 767 3076 821 fortiores
3104 765 3290 819 libram
3317 765 3383 818 de
3423 780 3510 816 ar-

1939 847 2099 907 gento
2131 847 2224 893 aut
2255 839 2466 908 valente
2500 839 2699 893 donent
2723 837 2776 891 in
2801 837 3172 908 clymosinatn,
3214 834 3512 908 mediocres

1939 903 2067 963 vero
2092 909 2318 962 mediam
2349 909 2388 939 “
2422 907 2642 972 libram;
2671 903 2868 961 vassus
2887 906 3187 961 dominicus
3221 906 3286 960 de
3313 903 3512 958 casatis

1940 978 2184 1034 ducentis
2216 980 2257 1010 "
2285 979 2512 1033 mediam
2539 977 2748 1041 libram,
2770 977 2834 1030 de
2855 976 3051 1031 casatis
3071 984 3285 1030 centum
3314 975 3513 1028 solidos

1940 1048 2193 1116 quinque,
2226 1048 2291 1102 de
2314 1047 2696 1117 quinquaginta
2723 1046 2934 1102 unciam
2977 1061 3160 1100 unam.
3202 1045 3269 1099 Et
3315 1043 3514 1117 faciant

1940 1113 2216 1180 hiduanas,
2257 1126 2312 1173 et
2333 1113 2385 1149 ’⁸³
2419 1113 2604 1172 eorum
2635 1117 2894 1178 homines,
2923 1125 3084 1184 atque
3107 1129 3294 1169 eorum
3322 1113 3507 1173 casati,

1941 1187 2023 1242 vel
2052 1189 2141 1257 qui
2191 1189 2293 1242 hoc
2335 1187 2510 1242 facere
2546 1195 2788 1257 possunt.
2830 1186 2895 1240 Et
2921 1187 3011 1257 qui
3047 1186 3306 1257 redimere
3343 1185 3510 1252 ipsam

1943 1255 2246 1312 triduanam
2280 1257 2538 1322 voluerit,
2580 1255 2830 1312 fortiores
2873 1256 3098 1310 comites
3142 1255 3329 1308 uncias
3366 1265 3510 1315 tres,

1942 1327 2239 1383 mediocres
2270 1327 2518 1382 denarios
2545 1327 2780 1388 triginta,
2815 1326 3050 1380 minores
3072 1325 3298 1380 solidum
3325 1341 3508 1378 unum.

1942 1396 2010 1451 Et
2037 1397 2101 1466 de
2131 1397 2454 1466 pauperibus
2490 1395 2747 1452 famelicis
2785 1395 2936 1466 sicut‘
2967 1395 3386 1466 suprascriptum
3431 1404 3514 1448 est

1942 1467 2043 1536 ipsi
2073 1465 2289 1521 faeiant.
2333 1466 2478 1521 Haec
2517 1467 2712 1536 omnia,
2761 1466 2806 1520 si
2850 1465 3074 1520 Domino
3099 1465 3378 1536 placuerit,
3416 1480 3513 1536 pro

1942 1535 2139 1607 domno
2167 1551 2288 1607 rege
2313 1545 2366 1591 et
2391 1535 2648 1607 exercitu
2669 1535 2995 1607 Francorum
3035 1545 3088 1590 et
3113 1535 3380 1607 praesenti
3417 1535 3511 1587 tri.

1942 1603 2406 1662 bulatione'missa
2437 1605 2606 1660 sancti
2630 1605 2879 1659 lohannis
2904 1606 3012 1659 sint
3040 1603 3322 1674 completa.

2014 1675 2138 1730 208.
2159 1675 2312 1742 Quod
2334 1691 2412 1729 res
2433 1674 2802 1729 aecclesiarum
2825 1684 2938 1728 vota
2961 1675 3061 1729 sint
3081 1672 3518 1743 ﬁdeliummrctia

1943 1755 2268 1824 peccatorum
2290 1754 2337 1798 et
2357 1744 2670 1824 patrimonia
2691 1759 3012 1824 pauperumi
3021 1743 3202 1814 quibus
3225 1760 3327 1824 non
3347 1742 3515 1824 solum
3539 1767 3542 1772 -

1944 1813 2152 1868 conlata
2193 1813 2578 1878 conservanda,
2613 1813 2702 1868 sed
2741 1813 2899 1866 etiam
2940 1813 3046 1866 alia
3087 1813 3327 1883 augenda
3371 1822 3512 1865 sunt.

1943 1883 2078 1950 Quia
2123 1885 2272 1939 iuxta
2303 1893 2608 1939 sanctorum
2631 1890 2847 1953 patrum
2887 1883 3223 1942 traditionem
3268 1883 3517 1937 novimus

1943 1969 2030 2008 res
2055 1955 2316 2010 ecclesiae
2340 1963 2461 2009 vota
2487 1969 2606 2008 esse
2645 1953 2917 2020 ﬁdelium,
2966 1953 3136 2022 pretia
3174 1961 3514 2022 peccatorum
3539 1995 3548 2002 .

1942 2031 1996 2078 et
2023 2025 2342 2093 patrimonia
2377 2039 2694 2093 pauperum,
2717 2023 2942 2080 cuinon
2967 2023 3140 2079 solum
3177 2023 3357 2078 habita
3385 2039 3516 2093 con-

1943 2091 2177 2159 servare,
2201 2091 2394 2150 verum
2418 2091 2578 2148 etiam
2610 2094 2776 2150 multa
2809 2095 2919 2150 Deo
2946 2093 3241 2162 opitulante
3271 2091 3518 2147 conferre

1942 2171 2210 2230 optamus,
2243 2172 2420 2219 tamen
2447 2173 2506 2218 ut
2531 2165 2598 2219 ab
2623 2163 3004 2220 ecclesiasticis
3037 2163 3104 2218 de
3136 2177 3242 2216 non
3273 2162 3515 2218 dividen-

1943 2231 2026 2288 dis
2054 2235 2211 2290 rebus
2237 2232 2384 2290 illius
2404 2234 2665 2289 ecclesiae
2701 2234 3058 2303 suspicionem
3091 2232 3292 2288 dudum
3326 2247 3547 2287 eanec--

1943 2312 2088 2371 ptam
2113 2303 2328 2372 penitus
2355 2319 2744 2369 amoveremns,
2785 2303 3092 2368 statuimus,
3132 2311 3193 2356 ut
3223 2317 3398 2371 neque
3420 2317 3518 2356 no-

1943 2372 2090 2436 stris,
2120 2387 2292 2442 neque
2318 2373 2546 2428 filiorum
2573 2384 2628 2428 et
2653 2375 2762 2429 Deo
2783 2373 3125 2442 dispensante
3144 2387 3540 2428 successorum.

1943 2453 2246 2497 nostrorum
2275 2443 2602 2514 temporibus
2631 2445 2721 2514 qui
2745 2452 2982 2514 nostram
3006 2443 3090 2496 vel
3105 2443 3542 2514 progenitorum.

1944 2522 2247 2567 nostrorum
2275 2511 2600 2568 voluntatem
2640 2511 2722 2568 vel
2761 2512 3060 2581 exemplum
3100 2511 3300 2566 imitari
3337 2511 3518 2566 voluc-

1944 2581 2074 2663 rint,
2120 2583 2318 2638 nullam
2354 2583 2566 2654 penitus
2591 2583 2904 2639 divisionem
2931 2583 2973 2613 ιδ
2994 2591 3088 2637 aut
3123 2583 3385 2638 iacturam
3424 2596 3518 2649 pa-

1945 2661 2173 2706 tiantur.

2013 2721 2138 2777 209.
2183 2721 2262 2777 De
2307 2721 2518 2778 collatis
2556 2722 2837 2778 aecclesiae
2883 2722 3191 2776 dividendis.
3240 2721 3535 2776 Statutum-

1944 2799 2052 2862 est,
2079 2801 2139 2846 ut
2160 2793 2414 2862 quicquid
2447 2802 2683 2862 tempore
2724 2793 2934 2862 imperii
2967 2793 3147 2862 nostri
3199 2807 3230 2862 a
3271 2789 3518 2862 ﬁdelibus

1944 2860 2203 2930 ecclesiae
2223 2860 2412 2930 sponte
2439 2860 2692 2917 collatum
2730 2860 2914 2926 fuerit,
2961 2861 3017 2915 in
3055 2861 3358 2930 ditioribus,
3385 2860 3520 2914 locis

1943 2928 2077 3001 duas
2099 2928 2282 3000 partes
2302 2931 2356 2984 in
2380 2947 2508 2987 usus
2522 2946 2836 3001 pauperum,
2849 2931 3063 3001 tertiam
3083 2931 3140 2985 in
3155 2929 3416 3001 stipendia
3431 2945 3522 2984 ce-

1945 2999 2074 3055 dere
2100 2999 2416 3057 clerioorum
2439 2999 2537 3056 aut
2561 2999 2965 3064 monachorum,
2993 2999 3048 3054 in
3067 3000 3362 3054 minoribus
3389 3014 3521 3053 vero

1945 3068 2258 3142 locisaeque
2279 3072 2418 3142 inter
2438 3071 2643 3142 clerum,
2654 3079 2708 3126 et
2725 3084 2992 3142 pauperes
3003 3068 3128 3142 fore
3141 3068 3522 3142 dividendum,

1944 3141 2046 3196 nisi
2064 3137 2201 3210 forte
2223 3156 2254 3194 a
2279 3141 2553 3196 datoribus
2579 3137 2774 3196 alicubi
2801 3137 3104 3210 specialiter
3121 3141 3275 3194 datae
3293 3137 3516 3210 fuerint.

2010 3207 2136 3264 210.
2162 3209 2238 3264 De
2261 3209 2587 3265 ordinatione
2619 3207 2900 3265 servorum.
2944 3209 3020 3264 De
3057 3225 3334 3265 servorum
3373 3209 3516 3264 ordi-

1943 3280 2179 3344 natione,
2228 3279 2320 3349 qui
2365 3281 2566 3348 passim
2607 3281 2675 3334 ad
2711 3279 2908 3350 gradus
2941 3279 3336 3335 ecclesiasticos
3377 3279 3519 3350 indi-

1943 3357 2118 3405 screte
2141 3351 2611 3418 promovebantur,
2650 3349 2853 3419 placuit
2895 3350 3144 3406 omnibus
3186 3364 3308 3404 cum
3346 3349 3546 3404 sacris.

1942 3420 2237 3476 canonibus
2273 3419 2598 3475 concordare
2624 3421 2838 3474 debere.
2880 3421 2938 3474 ld
2960 3419 3101 3474 enim
3127 3427 3384 3474 statutum
3411 3427 3517 3480 est,

1944 3497 2004 3544 ut
2025 3488 2202 3544 nullus
2225 3489 2597 3559 episcoporum
2618 3489 2866 3558 deinceps
2888 3505 2981 3544 eos
3007 3489 3076 3543 ad
3099 3504 3281 3544 sacros
3303 3488 3517 3559 ordines

1941 3558 2744 3629 promovere’praesumat,_nisi
2777 3561 2928 3628 prius
2961 3575 2990 3613 a
3027 3559 3257 3614 dominis
3291 3558 3516 3628 propriis

1945 3626 2249 3684 libertatem
2279 3626 2560 3685 consecuti
2597 3626 2824 3684 fuerint.
2865 3631 2931 3684 Et
2977 3630 3022 3684 si
3066 3626 3306 3698 quilibet
3333 3626 3520 3683 servus

1944 3699 2219 3754 dominum
2243 3715 2399 3754 suum
2422 3699 2632 3770 fugiens
2665 3709 2755 3754 aut
2781 3700 2999 3755 latitans
3034 3709 3126 3753 aut
3155 3699 3418 3770 adhibitis
3433 3708 3520 3770 te-

1868 3822 1881 3834 ,
1944 3770 2116 3824 stibns
2143 3785 2364 3825 munere
2397 3769 2676 3825 conductis
2721 3770 2805 3825 vel
2844 3771 3110 3836 corruptis
3152 3778 3244 3823 aut
3281 3769 3520 3836 qualibet

1944 3839 2237 3910 calliditate
2262 3841 2344 3894 vel
2379 3839 2564 3894 fraude
2589 3840 2654 3894 ad
2679 3841 2874 3910 gradus
2900 3839 3296 3910 ecclesiasticos
3329 3853 3518 3910 perve-

1945 3909 2104 3973 nerit,
2135 3909 2408 3964 decretum
2435 3916 2538 3974 est,
2584 3917 2644 3962 ut
2685 3908 2986 3978 deponatur
3022 3919 3076 3963 et
3116 3909 3364 3978 dominus
3402 3908 3520 3962 cius

1943 3991 2068 4047 eum
2091 3979 2334 4046 recipiat.
2359 3978 2417 4032 Si
2445 3993 2572 4032 vero
2590 3987 2744 4047 pater
2759 3977 2884 4033 eius
2911 3979 2990 4032 vel
3019 3986 3189 4032 mater
3210 3977 3276 4047 ab
3302 3978 3404 4030 alia
3428 3993 3519 4044 pa-

1945 4046 2048 4100 tria
2073 4047 2126 4117 in
2154 4045 2312 4117 aliam
2340 4045 2665 4117 migrans'in
2701 4048 2886 4102 eadem
2917 4047 3192 4117 provincia
3226 4045 3391 4117 tilium
3426 4060 3516 4113 ge-

1945 4115 2141 4182 nuerit,
2172 4125 2226 4171 et
2252 4115 2366 4184 ipse
2394 4115 2534 4171 [ilius
2557 4116 2752 4172 ibidem
2776 4115 3033 4172 educatus
3054 4125 3108 4168 et
3132 4116 3197 4170 ad
3223 4115 3420 4184 gr..dus
3437 4131 3514 4168 ec-

1943 4184 2273 4256 clesiasticos
2314 4195 2590 4256 promotus
2639 4185 2836 4250 fuerit,
2887 4196 2941 4242 et
2984 4197 3181 4256 utrum
3216 4185 3520 4256 servushsit

1943 4255 2290 4323 ignoraverit,
2315 4254 2375 4309 et
2400 4263 2582 4325 postea
2605 4257 2824 4311 veniens
2847 4257 3094 4312 dominus
3129 4255 3272 4310 illius
3312 4254 3518 4325 legibus

1945 4339 2066 4377 eum
2098 4324 2430 4393 adquisierit,
2481 4325 2742 4380 sancitum
2791 4337 2874 4382 cst
2921 4336 2980 4381 ut
3013 4326 3058 4380 si
3105 4326 3352 4380 dominus
3401 4324 3519 4378 eius

1946 4393 2021 4447 illi
2051 4394 2094 4426 ³⁵
2118 4395 2419 4467 libertatem
2447 4395 2574 4450 dare
2611 4395 2859 4459 voluerit,
2894 4397 2946 4450 in
2974 4396 3141 4467 gradu
3181 4411 3288 4467 suo
3308 4409 3519 4467 perma-

1948 4471 2090 4517 neat.
2127 4463 2185 4518 Si
2221 4479 2348 4518 vero
2395 4480 2517 4519 eum
2555 4474 2743 4520 catena
2775 4463 3050 4520 servituiis
3076 4481 3105 4519 a
3131 4463 3324 4520 castris
3349 4464 3520 4520 domi-

1946 4533 2083 4588 nicis
2109 4535 2392 4606 extrahere
2421 4535 2669 4606 voluerit,
2702 4537 2924 4606 gradum
2953 4537 3186 4601 amittat,
3218 4536 3340 4606 quia
3370 4535 3518 4588 iuxta

1944 4618 2127 4675 sacros
2150 4604 2368 4675 ordines
2389 4604 2510 4658 vilis
2535 4603 2762 4674 persona
2790 4622 3011 4660 manens
3037 4603 3320 4660 sacerdotii
3349 4605 3520 4675 digni-

1945 4679 2055 4746 tate
2079 4671 2225 4746 fungi
2257 4690 2362 4746 non
2390 4671 2585 4746 potest.
2617 4676 2694 4746 De
2731 4676 2892 4746 rebus
2915 4690 3043 4730 vero
3082 4677 3294 4730 illorum
3322 4671 3521 4745 vel'pen

1943 4741 2277 4812 culiarefqui
2311 4760 2340 4798 a
2364 4741 2596 4812 propriis
2627 4745 2856 4800 dominis
2878 4746 3126 4800 libertate
3151 4741 3521 4807 donantur-{ut

1943 4812 2010 4864 ad
2029 4813 2226 4884 gradus
2247 4813 2640 4869 ecclesiasticos
2661 4815 2778 4869 iure
2795 4825 3228 4884 promoveantur,
3258 4823 3517 4884 statutum

1941 4888 2044 4956 est,
2071 4889 2138 4956 ut
2158 4883 2210 4935 in
2233 4892 2498 4956 potestate
2525 4883 3177 4956 dominormnﬂconsistat,
3205 4894 3384 4956 utrum
3415 4883 3520 4934 illis

1942 4951 2234 5022 concedere
2260 4969 2328 5006 an
2355 4953 2456 5007 sibi
2487 4955 2770 5009 vendicare
2795 4955 2976 5008 velint.
3011 4951 3370 5022 Caeternmlsi
3399 4962 3520 5018 post

1943 5021 2334 5093 ordinationem
2362 5023 2563 5093 aliquid
2587 5024 2940 5093 adquisierint
2959 5062 2974 5087 ,
3020 5023 3152 5093 illud
3178 5021 3514 5093 observetur,

1944 5091 2085 5158 quod
2119 5091 2175 5144 in
2211 5089 2506 5146 canonibus
2550 5093 2615 5147 de
2658 5089 2986 5148 consecratis
3027 5091 3157 5146 nihil
3198 5089 3518 5144 habentibus

1945 5161 2295 5215 constitutum
2321 5171 2423 5215 est.
2449 5163 2525 5217 De
2543 5163 2892 5216 ecclesiarum
2917 5175 3040 5215 vero
3056 5161 3228 5214 scrn's
3247 5161 3515 5214 communi

1945 5231 2209 5284 sententia
2244 5232 2517 5286 decretmn
2542 5240 2642 5295 est,
2669 5242 2726 5284 ut
2749 5231 3134 5299 archiepiscopi
3159 5245 3255 5299 per
3279 5230 3518 5300 singulas

1945 5301 2248 5371 provincias
2277 5301 2553 5355 constituti
2590 5310 2824 5371 nostram
2849 5302 3224 5371 auctoritatem
3266 5301 3518 5371 habeant,

1943 5369 2264 5436 sull'ragani-i
2301 5385 2428 5422 vero
2461 5371 2734 5438 exemplar
2772 5370 2913 5424 illius
2952 5385 3132 5424 secum
3167 5370 3416 5424 habeant.
3455 5370 3519 5424 Et

1947 5441 2372 5507 quandocunque
2408 5440 2473 5494 de
2500 5439 2699 5492 familia
2729 5439 2988 5494 ecclesiae
3027 5440 3174 5496 utilis
3205 5441 3532 5495 “inventus-

1501 5547 1879 5603 VARIANTES
1911 5551 2312 5608 LECTlONES.

328 5658 346 5686 ‘
380 5659 610 5714 annonis
634 5657 699 5711 (ἒ.
725 5669 889 5714 coast.
1003 5661 1022 5690 ⁸
1056 5661 1338 5716 exiaernnt
1365 5658 1428 5713 G.
1544 5661 1564 5690 ³
1591 5661 1728 5714 deest
1759 5660 1824 5716 G.

245 5737 292 5779 ι.
331 5724 408 5776 (ἶ.
481 5728 501 5757 ⁷
532 5727 690 5782 fuerit
723 5729 838 5782 Bal.

241 5806 321 5850 te:
365 5796 424 5848 in
453 5796 538 5852 der
551 5797 718 5852 remii.

1003 5661 1025 5741 ξ
1056 5661 1345 5741 exigerugi
1365 5658 1428 5713 G.

940 5730 962 5761 ⁸
991 5731 1130 5784 deest
1161 5729 1216 5782 in
1245 5729 1368 5783 779.

1471 5729 1492 5759 θ
1517 5732 1828 5785 nonnacbae
1854 5731 1916 5784 (ἶ.

799 5800 838 5830 ⁸³
863 5799 1062 5856 faciant
1089 5800 1403 5856 divisionem
1431 5806 1486 5854 ut
1510 5800 1544 5853 i.
1568 5800 1802 5870 patiatur
1828 5801 1891 5858 (ἒ.

1940 5662 1960 5693 ⁸
1993 5663 2190 5734 reliqua
2213 5665 2415 5734 diversa
2439 5684 2490 5720 a.
2525 5666 2647 5728 779,
2681 5667 2766 5722 l5.
2886 5668 2906 5698 '
2934 5667 3215 5722 collectum
3239 5665 3304 5722 (ἔ.
3421 5667 3536 5724 ⁸ἱιιι

1999 5734 2039 5763 ¹⁰
2067 5733 2198 5788 casti
2223 5733 2287 5788 (ἱ.
2367 5737 2404 5766 ¹¹
2433 5735 2706 5789 dimidiam
2735 5735 2862 5790 ΒηΙ.
2897 5735 2902 5740 ’
2937 5738 2976 5768 ¹²
2999 5738 3134 5792 deest
3162 5737 3280 5792 Bal.
3362 5737 3402 5768 ⁸³
3425 5739 3533 5792 aii»

1974 5804 2016 5835 "
2038 5804 2089 5858 d.
2121 5804 2262 5860 illius
2289 5805 2324 5858 l.
2353 5803 2418 5859 G.
2499 5805 2539 5836 ¹⁶
2565 5805 2724 5860 utilac
2755 5805 2821 5861 α.
3261 5805 3269 5813 ’
3346 5809 3354 5814 ”
3413 5803 3418 5808 ’
