4002 6146
415 266 511 323 751

1349 259 1410 315 Β.
1449 258 1698 316 CAROLI
1734 257 1946 313 MAGNI
1984 258 2134 314 OPP.
2176 259 2357 316 PARS
2392 263 2433 316 Ι.
2475 261 2716 319 SECTIO
2748 263 2793 318 Ι,

3571 273 3674 331 732

410 378 532 458 11³99
553 389 680 458 ’ζετο
701 379 919 458 ιπρριθπ
951 372 1648 458 ίμθιθωλριῗθίβειιφρξίρξιθῌιῃ
1670 369 1980 458 γίᾐιξᾳςξὶιίὲιξιξ
2014 375 2057 432 Λ
2086 379 2160 458 et"
2205 387 2273 458 ne
2300 371 2464 454 .t‘oras
2529 373 2814 445 imperiqu
2869 385 3114 431 nostrum
3150 382 3416 437 vendatur
3453 385 3671 458 aliquod

413 441 662 502 riiittatur
704 441 779 498 ad
806 441 1080 512 quantum
1127 450 1340 512 tempus
1375 442 1530 496 nobis
1571 441 1854 510 placuerit.
1879 441 1987 495 Res

413 526 596 571 tamen
620 529 747 569 suas
773 529 882 567 non
905 512 1140 566 amittat.

481 585 607 640 257.
649 583 788 649 Quid
831 583 886 636 in
918 583 1322 652 conpositionem
1359 580 1582 652 uvirgildi
1625 579 1744 634 dari
1773 598 1885 652 non
1900 580 1991 634 de-

413 655 549 710 beat.
586 655 644 708 In
667 651 1092 721 conpositionem
1119 651 1350 720 wirgildi
1388 651 1636 706 volumus
1667 659 1726 704 ut
1758 667 1821 704 ea
1859 651 1991 705 den-

414 734 524 789 tur,
551 739 688 794 quae
725 723 781 794 in
821 722 937 791 lege
974 723 1338 794 continentur,
1378 729 1603 794 eseepto
1640 722 1899 794 accipitre
1935 728 1991 776 et

413 791 778 875 spata—aqum
821 799 1044 875 propter
1085 791 1176 872 illa
1221 791 1326 873 duo
1366 791 1653 875 aliquoties
1693 791 1989 875 periurium

414 861 794 926 committitur,
826 863 1041 930 quando
1073 861 1295 916 maioris
1320 863 1502 931 pretii,
1532 877 1694 932 quam
1731 861 1821 914 illa
1859 861 1987 926 sint,

416 951 538 990 esse
576 935 842 988 iurantur.

485 1003 727 1082 258.“De
753 1012 906 1072 raptu
932 1000 1224 1082 alienarunt
1248 1001 1580 1082 sponsarum.
1613 1000 1817 1082 Siquis
1837 1015 1993 1082 ερρυ-

417 1090 534 1128 sam
572 1071 1099 1140 alienam’rapuerit,
1136 1078 1230 1124 aut
1271 1071 1409 1140 patri
1437 1071 1553 1125 eius
1595 1080 1690 1125 aut
1716 1073 1765 1126 ei
1793 1071 1886 1140 qui
1915 1071 1992 1126 le-

417 1090 534 1128 sam
572 1087 800 1126 anenam
841 1087 1099 1140 rapuerit,
1136 1087 1230 1124 aut
1271 1087 1409 1194 patri
1437 1087 1553 1125 eius
1595 1087 1690 1125 aut
1716 1087 1765 1126 ei
1793 1087 1886 1140 qui
1915 1087 1992 1126 te-

414 1144 572 1214 gibus
611 1143 728 1214 eins
768 1141 1018 1214 defensor
1049 1157 1170 1196 esse
1213 1141 1279 1196 de
1297 1149 1390 1214 iet,
1428 1156 1552 1214 cum
1591 1156 1688 1196 sua
1710 1142 1842 1214 lege
1873 1156 1992 1196 eam

417 1211 625 1268 reddat.
652 1213 716 1266 Et
743 1212 998 1281 quicquid
1030 1227 1152 1266 cum
1192 1226 1255 1266 ea
1285 1211 1492 1275 tulerit,
1529 1212 1782 1266 semotim
1807 1226 1994 1266 unam-

417 1298 688 1352 quamque
732 1298 846 1352 rem
888 1283 1182 1336 secundum
1231 1281 1657 1352 legemrreddat.
1705 1282 1774 1336 Et
1805 1281 1850 1336 si
1891 1281 1994 1352 hoc

421 1351 672 1408 defensor
708 1351 830 1407 eius
852 1351 1149 1420 perpetrari
1189 1351 1482 1414 consensit,
1517 1359 1572 1405 et
1597 1352 1718 1407 ideo
1744 1351 1992 1421 raptori‘

418 1423 552 1478 nihil
576 1437 838 1492 quaerere
857 1422 1106 1488 voluerit,
1138 1436 1322 1476 comes
1347 1421 1558 1492 singula
1583 1421 1650 1476 de
1675 1435 1996 1491 unaquaque

420 1509 480 1548 re
509 1491 658 1548 [reda
695 1501 877 1548 nostra
915 1492 984 1546 ab
1011 1509 1076 1547 eo
1115 1500 1366 1546 exactare
1406 1491 1605 1546 faciat:
1634 1507 1832 1561 sponso
1866 1507 1996 1547 vero

420 1563 591 1634 legem
621 1578 773 1617 suam
795 1571 1078 1634 conponat
1113 1570 1168 1618 et
1200 1562 1420 1634 insuper
1456 1562 1692 1634 banrnum
1725 1570 1991 1634 nostrum,

421 1631 495 1687 id'
512 1643 596 1688 est
623 1631 1154 1703 sexagintasolidos,
1185 1632 1386 1703 solvat;
1423 1631 1512 1703 vel
1554 1631 1610 1685 in
1634 1632 1994 1700 praesentiam

2092 442 2428 496 alimonium.

2159 511 2283 597 247..
2316 511 2384 566 Ut
2418 513 2558 597 infra
2579 514 2803 597 patriam
2829 532 2978 570 arma
3009 534 3112 571 non
3133 529 3434 597 portentur:
3456 524 3524 578 Et
3543 545 3672 597 qua-

2089 581 2208 656 liter
2227 581 2588 656 discordantes
2615 583 2683 636 ad
2703 581 3161 656 pacemcogantur
3187 590 3376 644 redire.
3407 594 3484 647 De
3507 581 3670 655 armis

2089 651 2230 723 intra
2255 655 2484 720 patriam
2520 669 2625 707 non
2653 651 3032 722 ptirtandisﬂd
3063 668 3166 723 est,
3195 661 3364 716 scutis
3393 674 3449 717 et
3473 651 3669 723 lanceis

2091 722 2173 775 vel
2217 723 2401 797 loricis
2445 723 2506 797 ‘°_.
2540 723 2606 797 Et
2650 725 2696 778 si
2743 723 3000 781 faidiosus
3033 730 3154 797 quis
3200 730 3302 796 sit,
3351 722 3669 792 discutiatur

2091 793 2375 875 tuaequis
2411 794 2680 875 eduobns
2725 793 3162 875 contrarius'sit,
3207 793 3488 875 ut’pacati
3530 808 3668 875 sint;

2091 864 2530 934 constringantur
2561 864 2629 918 ad
2663 879 2885 934 pacem,
2931 869 3143 924 etiamsi
3185 864 3481 928 noluerint.
3530 877 3595 930 Et
3625 864 3669 934 si

2091 933 2250 987 aliter
2311 933 2599 1002 paciﬁcare
2663 933 2886 1001 nolunt,
2952 939 3288 996 adducantur
3331 944 3388 998 in
3434 933 3667 1003 nostram

2090 1005 2470 1078 praesentiam.
2502 1004 2568 1058 Et
2603 1005 2646 1059 si
2685 1006 2806 1078 quis
2835 1014 2958 1076 post
2987 1010 3418 1078 paciﬁcationem
3444 1015 3668 1073 alterum

2091 1073 2372 1154 occiderit,
2399 1073 2874 1154 componatgillum
2911 1083 2965 1130 et
2987 1073 3402 1154 manumquam
3434 1087 3670 1154 perium-

2092 1088 2372 1155 occinerit,
2399 1088 2686 1196 comlponat
2722 1088 2874 1130 Illum
2911 1088 2965 1130 et
2997 1093 3215 1134 manum
3241 1097 3402 1151 quam
3434 1088 3670 1154 perium-

2092 1151 2170 1226 γη
2215 1144 2418 1226 absque
2458 1145 2564 1226 ula
2611 1145 2979 1226 redemptione
3014 1149 3068 1226 _‘_’
3107 1152 3420 1226 perdat_,_et
3458 1157 3673 1226 insuper

2093 1215 2328 1268 bannum
2352 1213 2680 1268 dominicum
2700 1213 2890 1270 solvat.
2919 1217 2985 1270 Et
3014 1218 3055 1248 "
3080 1213 3137 1273 u't
3159 1213 3551 1280 servi—lanceas
3572 1213 3670 1281 non

2093 1290 2326 1357 portent.
2352 1282 2455 1357 Qui
2478 1283 2727 1357 inventus
2748 1283 2908 1340 fuerit
2927 1297 3050 1356 post
3067 1289 3324 1357 bannum,
3351 1294 3508 1350 basta
3534 1297 3671 1351 fran-

2093 1362 2252 1424 gatur
2277 1353 2524 1424 inrdorso
2547 1354 2684 1408 eius.

2093 1422 2115 1477 ι’
2163 1423 2291 1479 248.
2331 1422 2409 1476 De
2439 1424 2724 1477 armaturis
2761 1434 2808 1479 et
2838 1425 3040 1480 bruniis
3069 1429 3339 1486 habendis.
3381 1435 3460 1490 De
3495 1453 3672 1492 arma-

2095 1502 2214 1570 tura
2245 1494 2302 1546 in
2328 1493 2588 1570 exercitu,
2615 1494 2756 1548 sicut
2781 1505 2955 1570 an_tea_
2980 1496 3034 1550 in
3072 1498 3178 1553 alio
3200 1503 3498 1570 capitulare
3527 1524 3674 1562 man-

2096 1563 2362 1636 davimus,
2412 1565 2488 1618 ita
2531 1573 2796 1636 servetur.
2835 1565 2903 1619 Et
2943 1565 3159 1636 insuper
3204 1563 3382 1629 omnis
3405 1576 3570 1631 homo
3611 1578 3673 1633 de

2095 1633 2376 1705 duodecim
2405 1634 2608 1687 mansis
2629 1634 2876 1688 bruniam
2907 1633 3121 1691 habeat.
3147 1638 3247 1705 Qui
3271 1659 3400 1698 vero
3425 1645 3673 1701 bruniam

421 1712 664 1784 nostram
689 1700 870 1784 comes
891 1719 1014 1784 eum
1043 1703 1295 1784 advenire
1332 1700 1523 1784 faciat;
1563 1709 1835 1784 et‘qnanto
1849 1709 1996 1784 tun—
2029 1722 2070 1781 Β
2097 1703 2269 1784 habet
2295 1712 2350 1758 et
2377 1719 2496 1784 eam
2533 1718 2718 1784 secum
2757 1720 2864 1760 non
2897 1707 3130 1774 duxerit,
3159 1700 3330 1768 Vomnc
3353 1700 3674 1772 beneﬁcium

420 1788 552 1843 pore
580 1773 734 1828 nobis
757 1773 1019 1842 placuerit
1043 1773 1097 1843 in
1121 1772 1283 1828 exilio
1310 1780 1546 1838 maneat,
1578 1781 1632 1828 et
1670 1772 1814 1826 illam
1845 1771 1996 1828 femi-

422 1842 546 1897 nam
585 1843 634 1897 ei
675 1844 870 1898 habere
907 1859 1012 1898 non
1046 1842 1224 1898 liceat.

492 1912 618 1968 259.
660 1911 736 1966 De
781 1912 929 1982 falsis
974 1914 1186 1967 testibus
1212 1913 1594 1967 convincendis.
1632 1913 1690 1967 Si
1727 1912 1849 1981 quis
1875 1927 1998 1968 cum

421 1981 594 2038 altero
631 1983 696 2037 de
733 1981 971 2052 qualibet
1011 1998 1172 2038 causa
1211 1983 1613 2052 contentionem
1650 1983 1916 2052 habuerit,
1945 1989 2001 2035 et

424 2061 594 2108 testes
637 2051 826 2107 contra
871 2067 995 2107 eum
1038 2068 1136 2122 per
1177 2053 1432 2108 iudicium
1482 2051 1729 2122 producti
1778 2051 1997 2116 fuerint,

423 2123 470 2177 si
507 2123 672 2178 falsos
705 2139 799 2177 eos
824 2139 946 2178 esse
986 2124 1311 2192 suspicatur,
1348 2124 1507 2178 liceat
1543 2124 1591 2180 ei
1631 2123 1766 2178 alios
1811 2130 1998 2186 testes,

422 2209 560 2262 quos
615 2193 865 2248 meliores
920 2195 1185 2263 potuerit,
1236 2203 1424 2249 contra
1468 2209 1560 2249 eos
1607 2208 1908 2263 opponere,
1942 2203 2002 2245 ut

424 2263 697 2318 veracium
752 2262 1062 2318 testimonio
1095 2264 1352 2319 falsorum
1402 2264 1619 2318 testium
1675 2262 2003 2332 perversitas

425 2343 730 2404 superetur.
771 2333 924 2399 Quod
961 2333 1007 2388 si
1046 2336 1234 2390 ambae
1270 2342 1454 2404 partes
1491 2333 1709 2388 testium
1752 2335 1827 2404 ita
1856 2333 2004 2404 inter

426 2418 485 2457 se
527 2403 896 2465 dissenserint,
938 2411 998 2457 ut
1044 2402 1350 2458 nullatenus
1401 2419 1508 2458 una
1552 2418 1679 2472 pars
1715 2402 1870 2456 alteri
1914 2417 2002 2456 ce-

427 2473 555 2527 dere
583 2475 601 2503 ³
627 2473 776 2538 velit,
815 2473 1080 2543 eligantur
1127 2474 1232 2530 duo
1266 2489 1333 2528 ex
1371 2473 1523 2543 ipsis,
1564 2473 1616 2526 id
1645 2481 1826 2543 estex
1861 2481 2004 2525 utra-

427 2551 716 2666 qngepiigte
729 2541 909 2644 .unus,‘
927 2543 1162 2612 quicum
1190 2543 1359 2600 scutis
1388 2541 1442 2598 et
1470 2541 1707 2598 fustibus
1733 2541 1788 2595 in
1811 2557 2002 2610 campo

463 2631 493 2666 (ι
757 2652 770 2666 ο
1173 2659 1182 2666 .
1934 2629 1938 2635 ’

463 2621 704 2667 ccertent
729 2621 770 2666 ³.
1173 2659 1182 2666 .
1934 2629 1938 2635 “

497 2681 622 2736 240.
683 2682 758 2737 De
798 2683 1077 2737 concordia
1120 2683 1475 2753 episcoporum
1519 2681 1882 2753 et_comitum.
1933 2682 2004 2753 Ut

427 2753 664 2822 episcopi
700 2769 825 2808 cum
855 2751 1156 2808 comitibus
1181 2751 1345 2817 stent,
1373 2761 1427 2807 et
1463 2751 1689 2822 comites
1725 2767 1848 2822 cum
1887 2752 2004 2820 epi-

427 2821 623 2892 scopis,
655 2833 714 2877 ut
757 2824 778 2854 δ
805 2831 1031 2892 uterque
1053 2823 1281 2892 pleniter
1305 2839 1462 2878 suum
1493 2821 1853 2876 ministerium
1880 2838 2002 2892 per-

430 2908 590 2962 agere
623 2893 813 2962 possit.

496 2961 637 3017 241(
664 2963 740 3017 De
766 2962 1075 3029 latronibus,
1117 2963 1411 3028 homicidis,
1442 2961 1714 3025 adulteris,
1744 2961 2004 3016 incestuo-

425 3035 500 3088 sis
543 3033 638 3088 sub
685 3050 877 3103 magna
926 3033 1246 3088 districtione
1295 3032 1609 3088 coercendis.
1647 3031 1722 3103 _Ut
1753 3031 2004 3103 latrones

427 3118 520 3157 seu
548 3101 848 3158 homicidae
871 3105 951 3158 vel
974 3105 1201 3159 adulteri
1230 3105 1342 3158 sive
1368 3101 1661 3158 incestuosi
1687 3101 1788 3156 sub
1811 3117 2004 3172 magna

428 3173 764 3229 districtione
788 3181 844 3228 et
870 3175 1204 3230 correctione
1233 3175 1341 3229 sint
1365 3172 1596 3241 correpti
1621 3172 1662 3224 ³.

501 3243 624 3296 242.
678 3241 753 3297 De
789 3245 1054 3300 inuasione
1087 3245 1310 3298 aliorum
1345 3259 1538 3298 rerum.
1578 3243 1653 3296 De
1692 3243 1854 3296 rebus
1887 3257 2008 3312 pro-

428 3314 563 3382 priis
600 3313 642 3378 ‘,
668 3322 725 3369 ut
761 3321 887 3370 ante
923 3315 1116 3370 missos
1143 3322 1198 3369 et
1227 3315 1452 3368 comites
1478 3321 1533 3366 et
1559 3312 1764 3366 iudices
1790 3323 2006 3367 nostros

429 3383 667 3446 veniant,
713 3393 768 3438 et
804 3384 877 3438 ibi
922 3385 1190 3454 accipiant
1235 3384 1498 3438 ﬁnitivam
1547 3383 1900 3454 sententiam;
1951 3389 2004 3437 et

431 3461 589 3508 antea
630 3455 808 3508 nullus
845 3453 1149 3522 praesumat
1189 3454 1410 3514 alterius
1447 3468 1536 3507 res
1566 3453 1914 3522 proprindere
1959 3454 2002 3516 ",

431 3523 526 3577 sed
569 3525 741 3593 magis
780 3539 932 3577 suam
969 3539 1186 3579 causam
1225 3531 1448 3592 quaerat
1491 3531 1615 3576 ante
1643 3523 1866 3593 iudices
1904 3538 2003 3575 no-

431 3601 594 3656 stros,
625 3592 683 3647 ut
709 3593 961 3658 diximus,
986 3602 1040 3648 et
1077 3593 1150 3648 ibi
1177 3593 1441 3661 recipiant
1471 3593 1613 3661 quod
1640 3592 1840 3646 iustum
1863 3600 1964 3646 est.

501 3661 626 3733 243.
671 3662 778 3733 Pro
829 3680 933 3732 qua
975 3680 1027 3717 re
1058 3664 1112 3717 in
1154 3663 1463 3733 prescntiam
1509 3662 1641 3730 regis
1688 3663 1858 3733 uenire
1889 3663 2004 3733 quis

433 3729 636 3784 debeat.
681 3732 748 3786 Ut
787 3729 1063 3802 si'aliquis
1103 3729 1328 3787 voluerit
1366 3729 1579 3795 direre,
1605 3732 1745 3800 quod
1779 3729 1921 3786 iuste
1955 3732 2002 3785 ei

438 3816 544 3872 non
583 3802 867 3868 iudicetur,
907 3801 1032 3858 tunc
1070 3803 1124 3857 in
1159 3801 1483 3872 prescntiam
1524 3811 1763 3855 nostram
1803 3802 2000 3855 veniat.

433 3869 608 3942 Aliter
644 3887 771 3928 vero
811 3889 917 3928 non
954 3869 1262 3942 praesumat
1305 3873 1358 3926 in
1384 3871 1740 3940 praesentiam
1766 3882 2004 3926 nostram

433 3941 618 3995 venire
645 3956 742 4010 pro
769 3943 990 3998 alterius
1017 3943 1223 3998 iustitia
1250 3942 1538 3997 dilatanda.

502 4011 626 4064 ΞΗ.
671 4011 752 4065 Ne
788 4015 983 4068 naviter
1017 4013 1243 4066 conversi
1279 4013 1380 4066 cito
1417 4011 1485 4064 ad
1521 4011 1698 4081 aliqua
1731 4012 2007 4066 mittantur

433 4081 721 4135 exercenda
770 4084 997 4153 negotia.
1047 4083 1120 4137 De
1159 4083 1309 4137 laicis
1355 4083 1564 4153 noviter
1591 4081 1892 4153 conversis,
1939 4097 2006 4136 ne

437 4152 912 4224 antequamsuam
955 4153 1124 4224 legem
1155 4153 1382 4222 plcniter
1415 4152 1640 4206 vivendo
1676 4152 1910 4218 discunt,
1939 4155 2005 4206 ad

433 4219 537 4274 alia
576 4219 787 4292 negotia
810 4219 1114 4277 mittantur.

503 4307 628 4384 2:55.
673 4309 906 4384 Quidde
930 4313 1010 4366 his
1037 4313 1293 4384 agendum
1325 4313 1410 4384 sit,
1445 4313 1534 4384 qui
1570 4313 1741 4384 gratia
1771 4313 2005 4384 fugiendi

433 4377 663 4452 debitum
697 4381 963 4452 servitium
1001 4377 1233 4436 secutum
1286 4377 1598 4452 relinquunt.
1651 4383 1726 4436 De
1771 4377 1866 4438 his
1913 4385 2002 4452 qui

433 4447 673 4500 seculum
698 4449 1004 4520 relinquunt
1031 4459 1249 4520 propter
1273 4447 1552 4506 servitium
1584 4447 2000 4520 impediendum,
2037 4451 2084 4512 Ι)

433 4524 488 4568 ct
516 4524 642 4592 tunc
679 4528 924 4592 neutrum
964 4519 1186 4592 faciunt,
1218 4530 1276 4576 ut
1296 4535 1460 4592 unum
1488 4537 1518 4576 e
1547 4519 1754 4576 duobus
1780 4523 1999 4592 eligant,

433 4594 528 4639 aut
551 4585 782 4654 pleniter
813 4591 1104 4644 secundum
1129 4591 1441 4646 canonicam
1473 4600 1566 4645 aut
1595 4585 1886 4645 secundum
1918 4585 2001 4647 re!-

434 4655 590 4726 gulae
616 4656 1010 4712 institutionem
1036 4659 1236 4726 vivant,
1251 4669 1344 4714 aut
1373 4661 1651 4714 servitium
1675 4661 2004 4718 dominicum

434 4725 655 4780 faciant.

503 4816 627 4889 246.
679 4816 818 4889 Quid
861 4828 1087 4889 tempore
1112 4820 1134 4851 ⁸
1173 4819 1328 4888 famis
1381 4838 1441 4873 ac
1479 4819 1750 4874 cuiuslibet
1784 4819 2004 4874 tribula-

434 4887 590 4941 tionis
623 4888 879 4957 agendum
911 4887 996 4943 sit.
1040 4890 1113 4944 De
1137 4887 1240 4945 hoc
1268 4891 1314 4944 si
1341 4890 1581 4943 evenerit
1610 4890 1796 4954 fames,
1825 4889 2004 4946 clades

433 4965 526 5029 aut
587 4957 944 5029 inaequalitas
1001 4960 1142 5014 acris
1196 4959 1280 5014 vel
1315 4960 1418 5014 alia
1463 4960 1847 5029 qualiscunque
1907 4961 2004 5014 tri-

432 5025 655 5092 bulatio,
685 5025 745 5082 ut
775 5045 880 5085 non
914 5037 1227 5095 expectetur
1263 5025 1496 5084 edictum
1535 5025 1882 5095 dominicum,
1909 5032 2003 5085 sed

433 5097 614 5151 statim
638 5098 952 5169 deprecetur
974 5097 1065 5154 Dei
1091 5100 1488 5165 misericordia;
1521 5109 1580 5154 ut
1607 5099 1628 5130 ’
1650 5101 1701 5154 in
1731 5101 2003 5169 praesenti

433 5181 575 5221 anno
603 5169 668 5222 de
693 5169 850 5225 famis
875 5171 1072 5240 inopia,
1103 5180 1161 5225 ut
1196 5186 1324 5226 suos
1343 5171 1571 5240 quisque
1603 5171 1819 5224 adiuvet
1842 5180 2000 5239 prout

431 5244 627 5304 potest,
659 5247 714 5294 et
749 5255 906 5296 nemo
939 5257 1092 5296 suam
1124 5257 1390 5296 annonam
1425 5241 1584 5294 nimis
1622 5257 1746 5295 care
1785 5241 1996 5306 vendat,

2099 1788 2222 1828 cum
2255 1773 2449 1828 brunia
2489 1773 2700 1842 perdat.

2167 1843 2294 1924 με).
2334 1843 2412 1924 ρο
2432 1843 2534 1924 his,
2561 1843 2650 1924 qui
2681 1843 2876 1924 iudicia
2901 1845 2951 1924 ’ξ
2967 1847 3317 1924 scabiniorum
3347 1853 3678 1924 adquiescere

2101 1911 2304 1986 nclunt.
2343 1913 2420 1968 De
2443 1911 2841 1986 clamatoribus
2870 1915 2954 1971 vel
2989 1917 3296 1986 causidicis,
3333 1911 3442 1986 qui'
3466 1940 3568 1980 nec
3601 1927 3677 1979 iu-

2099 1983 2300 2062 dicium
2348 1983 2711 2062 seabiniorum
2762 1985 3106 2062 adquiescere
3161 1983 3681 2062 nec'blasphemare

2100 2053 2305 2118 volunt,
2343 2053 2563 2123 antiqua
2602 2053 2936 2109 consuetudo
2970 2068 3231 2122 servetur,
3265 2061 3316 2115 id
3342 2053 3508 2116 est'ut
3541 2065 3583 2095 "
3625 2065 3680 2120 in

2101 2123 2344 2178 custodia
2371 2123 2736 2187 recludantur,
2769 2124 2942 2180 donec
2970 2141 3134 2180 unum
3161 2142 3192 2182 e
3218 2131 3427 2186 duobus
3454 2133 3676 2188 faciant.

2102 2193 2170 2246 Et
2194 2194 2240 2247 si
2266 2193 2334 2247 ad
2356 2195 2614 2264 palatium
2638 2208 2739 2263 pro
2776 2194 2878 2249 hac
2908 2210 2966 2250 re
2986 2196 3439 2264 proclamaverint
3460 2214 3517 2258 et
3546 2204 3683 2258 litte-

2102 2279 2192 2318 ras
2230 2264 2549 2336 detulerint,
2588 2279 2696 2319 non
2734 2264 2952 2336 quidem
2989 2266 3069 2320 eis
3108 2270 3378 2336 credatur,
3411 2287 3514 2328 nec
3553 2283 3681 2329 tunc

2104 2342 2283 2388 tamen
2324 2333 2378 2388 in
2413 2349 2688 2389 carcerem
2722 2333 3025 2400 mittantur,
3061 2337 3156 2391 sed
3189 2355 3310 2394 cum
3341 2333 3590 2398 custodia
3629 2353 3682 2398 et

2103 2419 2227 2458 cum
2260 2404 2392 2472 ipsis
2431 2404 2628 2458 litteris
2667 2405 2734 2459 ad
2765 2405 3022 2473 palatium
3056 2416 3299 2464 nostrum
3333 2413 3684 2468 remittantur

2102 2482 2157 2528 et
2177 2473 2264 2546 ibi
2292 2474 2653 2546 discutiantur
2677 2475 2817 2528 sicut
2843 2475 3064 2546 dignum
3089 2485 3192 2532 est.

2169 2541 2294 2598 250.
2337 2543 2490 2610 Quod
2531 2545 2637 2613 regi
2673 2553 2720 2622 et
2748 2541 3046 2622 isenipi-ibus
3064 2557 3286 2622 lantum
3325 2550 3559 2618 ﬁdelitas
3594 2569 3683 2622 per

2103 2624 2486 2684 sacramentum
2529 2614 2760 2684 promitti
2793 2614 2993 2668 debeat.
3054 2615 3122 2669 Et
3159 2628 3213 2670 ut
3255 2614 3462 2674 caetera
3504 2614 3684 2680 sacra-

2103 2691 2276 2736 menta
2321 2681 2558 2754 legaliter
2595 2683 2747 2754 ﬁant.
2772 2685 2864 2754 De
2907 2685 3230 2753 iuramento,
3274 2697 3333 2742 ut
3363 2691 3491 2744 nulli
3529 2692 3681 2746 alteri

2103 2766 2200 2824 per
2236 2751 2631 2824 sacramentum
2663 2751 2893 2808 ﬁdelitas
2923 2751 3270 2824 promittatur
3297 2759 3401 2813 nisi
3441 2761 3600 2816 nobis
3630 2772 3683 2815 et

2104 2822 2393 2894 unicuique
2414 2824 2632 2894 proprio
2661 2824 2860 2878 seniori
2882 2822 2948 2879 ad
2968 2825 3254 2882 utilitatem
3271 2839 3513 2884 nostram
3531 2842 3587 2884 et
3601 2833 3682 2886 sui

2104 2893 2362 2967 senioris;
2397 2902 2624 2967 excepto
2647 2893 2733 2967 his
2767 2896 3140 2967 sacramentis,
3167 2913 3306 2967 quae
3328 2901 3471 2955 iuste
3492 2916 3685 2956 secun-

2105 2963 2232 3036 dum
2265 2963 2436 3034 legem
2471 2963 2624 3018 alteri
2673 2965 2742 3018 ab
2769 2963 2938 3020 altero
2976 2963 3258 3022 debentur.
3321 2969 3388 3024 Et
3427 2969 3682 3036 infantes,

2105 3033 2196 3102 qui
2235 3043 2394 3088 antea
2423 3049 2529 3088 non
2554 3041 2846 3104 potuerunt
2875 3044 3096 3104 propter
3120 3037 3407 3094 iuvenilem
3450 3033 3685 3096 aetatem

2108 3103 2307 3170 iurare,
2332 3105 2491 3159 modo
2518 3102 2830 3158 ﬁdelitatem
2857 3102 3192 3174 promittant.

2175 3193 2299 3280 251.
2353 3193 2520 3280 βεμεί
2562 3195 2973 3280 conspirationes
3011 3197 3181 3267 [actae
3225 3199 3446 3280 fuerint,
3493 3201 3688 3280 triplici

2105 3267 2308 3318 rat'one
2347 3264 2660 3338 iudicentur.
2690 3264 3022 3334 Quicunque
3057 3264 3486 3338 conspirationes
3513 3264 3690 3327 facere

2105 3335 2563 3410 praesumpserint
2587 3342 2641 3388 et
2659 3345 2994 3410 sacramento
3022 3335 3423 3410 quamcunque
3475 3342 3689 3410 conspi-

2106 3405 2370 3475 rationem
2416 3404 2778 3472 ﬁrmaverint,
2839 3407 3034 3475 triplici
3063 3404 3304 3464 'ratione
3333 3404 3683 3468 iudicentur.

2105 3473 2316 3540 Primo,
2377 3483 2433 3528 ut
2476 3475 2781 3548 ubicunque
2822 3473 3038 3544 aliduod
3085 3479 3285 3533 malum
3327 3490 3558 3548 propter
3589 3482 3687 3536 hoc

2104 3553 2470 3614 perpetratum
2536 3544 2726 3610 fuerit,
2779 3555 3029 3602 auctores
3071 3548 3199 3602 facti
3255 3544 3682 3615 interﬁciuntur;

2105 3615 2379 3690 adiutores
2406 3630 2536 3670 vero
2574 3631 2761 3690 eorum
2801 3617 2995 3690 singuli
3028 3618 3262 3690 alterab
3296 3619 3471 3675 altero
3504 3621 3686 3690 ﬂagel-

2106 3685 2283 3756 lentur
2307 3693 2362 3739 et
2389 3700 2548 3740 nares
2583 3686 2683 3740 sibi
2721 3686 2946 3740 invicem
2979 3688 3290 3756 praecidant
3321 3691 3395 3746 ’δε
3431 3691 3524 3744 ubi
3567 3685 3689 3745 vero

2107 3754 2238 3828 nihil
2277 3756 2401 3828 mali
2443 3763 2951 3828 perpetratunrest,
2979 3754 3242 3812 'similiter
3286 3760 3509 3828 quidem
3549 3762 3685 3814 inter

2105 3840 2163 3878 se
2204 3824 2542 3895 ﬁagellentur
2579 3833 2633 3880 et
2676 3825 2896 3894 capillos
2941 3828 3041 3882 sibi
3091 3824 3321 3883 invicem
3367 3831 3684 3884 detundant.

2107 3895 2162 3966 Si
2197 3911 2324 3966 vero
2358 3896 2735 3966 pcrdexteras
2761 3895 2937 3965 aliqua
2960 3899 3288 3966 conspiratio
3324 3899 3542 3954 ﬁrmata
3581 3902 3690 3953 fue-

2107 3965 2194 4027 rit,
2232 3965 2275 4019 si
2327 3965 2482 4018 liberi
2530 3974 2678 4029 sunt,
2709 3974 2803 4019 aut
2839 3967 3017 4021 iurent
3047 3965 3168 4020 eum
3197 3969 3402 4023 idoneis
3431 3970 3688 4024 iuratori-

2106 4035 2224 4098 bus,
2258 4035 2400 4104 quod
2425 4036 2527 4090 hoc
2558 4051 2656 4105 pro
2679 4035 2818 4091 malo
2841 4053 2945 4090 non
2973 4037 3254 4103 fecissent;
3280 4047 3374 4092 aut
3402 4039 3450 4092 si
3483 4040 3587 4094 hoc
3616 4041 3690 4093 fa—

2105 4118 2230 4157 cere
2266 4121 2370 4178 ngn
2420 4105 2712 4178 potuerint,
2738 4107 3240 4178 secundumhlegem
3287 4124 3442 4162 suam
3472 4125 3688 4178 compo-

2108 4182 2258 4245 nant.
2298 4175 2355 4228 Si
2393 4189 2520 4229 vero
2545 4177 2684 4228 servi
2719 4184 2862 4240 sunt,
2897 4175 3247 4245 ﬁagellentur,
3277 4187 3337 4231 ut
3375 4179 3444 4232 de
3473 4175 3688 4233 caetero

2107 4244 2162 4297 in
2203 4259 2368 4314 regno
2403 4254 2590 4298 nostro
2625 4245 2770 4298 nulla
2805 4244 3110 4318 huiusmodi
3148 4248 3487 4316 conspiratio
3519 4265 3690 4318 neque

2106 4328 2202 4382 per
2230 4322 2624 4368 sacramentum
2663 4331 2835 4384 neque
2870 4317 2985 4369 sine
3020 4327 3358 4371 sacramento
3393 4318 3514 4372 ﬁat.

2177 4404 2321 4479 252a
2348 4403 2586 4479 Qualiter
2621 4405 2694 4479 de
2719 4406 2931 4459 testibus
2967 4407 3224 4479 ngeadum
3259 4409 3366 4479 sit,
3405 4409 3692 4479 qualesque

2111 4473 2178 4526 ad
2206 4474 2552 4526 testimonium
2588 4473 2940 4528 adducantur.
2975 4473 3050 4529 De
3068 4477 3340 4544 periuriis,
3366 4473 3431 4530 ut
3465 4473 3694 4533 cavean-

2111 4551 2228 4608 tur;
2269 4552 2322 4597 et
2347 4559 2454 4597 nou
2478 4544 2832 4598 admittantur
2853 4552 3018 4600 testes
3042 4549 3107 4599 ad
3134 4547 3500 4601 iuramentum
3545 4559 3696 4608 ante-

2112 4628 2272 4680 quam
2305 4613 2680 4686 discutiantur.
2725 4613 2790 4667 Et
2812 4614 2862 4668 si
2897 4615 3054 4686 aliter
3077 4615 3270 4670 discuti
3309 4633 3417 4670 non
3441 4628 3690 4686 possunt,

2111 4685 2530 4755 separenturrab
2565 4684 2795 4755 invicem
2837 4694 2890 4755 et
2925 4685 3276 4754 singulariter
3319 4684 3690 4755 inquit-antur.

2111 4753 2179 4806 Et
2206 4769 2312 4807 non
2359 4753 2458 4808 soli
2495 4754 2795 4826 accusatori
2842 4753 3000 4826 liceat
3023 4753 3202 4826 testes
3242 4753 3444 4826 eligere
3471 4760 3696 4812 absente

2110 4839 2208 4877 suo
2237 4833 2538 4878 causatore.
2558 4825 2620 4877 Et
2644 4824 2864 4878 omnino
2889 4825 3068 4878 nullus
3096 4825 3199 4880 nisi
3225 4824 3438 4880 ieiunus
3457 4828 3528 4879 ad
3550 4828 3695 4881 iura-

2113 4902 2352 4964 mentum
2375 4893 2548 4964 velrad
2573 4895 2938 4964 testimonium
2990 4893 3328 4964 admittatur.
3355 4895 3422 4948 Et
3459 4897 3576 4959 ille,
3603 4895 3693 4964 qui

2110 4963 2178 5017 ad
2205 4963 2572 5018 testimonium
2599 4963 2901 5026 adducitur,
2926 4965 2970 5017 si
2999 4963 3282 5029 refutatur,
3313 4965 3460 5020 dicat
3487 4966 3578 5018 ille
3605 4963 3698 5032 qu:

2109 5048 2232 5103 eum
2255 5033 2454 5087 refutat
2469 5044 2521 5086 et
2536 5034 2746 5102 probet,
2763 5049 2932 5102 quare
2955 5033 3101 5087 illum
3121 5035 3359 5103 recipere
3374 5035 3532 5089 nolit.
3553 5035 3698 5088 Etde

2109 5102 2225 5170 ipso
2234 5116 2388 5172 pago,
2407 5104 2594 5156 nonde
2607 5103 2798 5166 altero,
2818 5112 2983 5157 testes
3004 5102 3290 5172 eligantur,
3308 5105 3414 5158 nisi
3427 5104 3569 5158 forte
3585 5105 3696 5156 lon-

2107 5172 2229 5241 gius
2250 5185 2400 5226 cxtra
2427 5173 2744 5226 comitatum
2767 5189 2930 5227 causa
2953 5173 3024 5228 sit
3051 5173 3388 5242 inquirenda.
3415 5175 3486 5228 Et
3505 5175 3550 5228 si
3571 5173 3694 5242 quis

2106 5243 2387 5298 convictus
2413 5243 2575 5298 fuerit
2599 5243 2843 5311 periurii,
2869 5246 3057 5312 perdat
3077 5259 3294 5299 manum
3321 5254 3415 5298 aut
3440 5244 3690 5300 redimat.

1642 5371 2028 5426 VAlllANTES
2062 5368 2464 5447 LECTIQNES.

509 5477 526 5508 ¹
554 5489 734 5550 raptor
769 5481 834 5536 G.
945 5485 965 5514 '
989 5483 1211 5536 credere
1259 5481 1379 5536 Bal.

431 5547 742 5621 ‘propfgsis
772 5552 895 5606 803.
929 5552 1046 5606 Bai.
1073 5552 1125 5606 ϐ.
1200 5554 1218 5583 ⁷
1253 5547 1602 5621 proprindere
1635 5567 1772 5603 corr.
1811 5551 2027 5621 propria
2070 5550 2331 5621 inuadere
2356 5547 2421 5602 G.

433 5618 612 5668 desunt
638 5617 754 5672 Bal.

853 5623 890 5651 ¹¹
925 5637 974 5674 a.
1002 5639 1054 5676 u.
1085 5637 1110 5674 r
1136 5619 1289 5676 .dccst
1320 5619 1372 5674 in
1395 5621 1524 5690 Cap.
1555 5637 1606 5674 a.
1638 5621 1760 5675 805.
1791 5630 1844 5674 et
1871 5621 1932 5675 Ill
1979 5619 2032 5673 4.

430 5685 680 5739 eidautur
697 5687 760 5740 (ἱ.

1491 5481 1510 5511 ³
1533 5479 1761 5549 plurima
1804 5481 1887 5534 Inc
1939 5480 2132 5534 omissa
2157 5488 2277 5532 sunt
2321 5497 2352 5532 a
2375 5478 2596 5549 _Bencd.

2710 5478 2809 5532 ‘et
2833 5488 2892 5532 ut
2918 5478 2982 5532 (ἱ.

2511 5553 2530 5578 ⁸
2566 5549 2640 5603 De
2668 5556 2708 5600 ι.
2739 5548 2774 5600 f.
2800 5558 2894 5602 aut
2919 5548 2984 5602 (ἔ.

2115 5621 2154 5649 ιε
2177 5619 2245 5672 el'.
2272 5622 2399 5689 (iap.
2423 5618 2552 5674 805.
2650 5618 2691 5648 ⁸³
2725 5618 2914 5674 iudicis
2939 5617 3039 5673 Bal

3128 5479 3149 5510 '
3171 5479 3253 5531 hic
3279 5478 3457 5549 aliqua
3479 5479 3691 5549 desunt.

3087 5549 3108 5579 '
3149 5550 3287 5602 deest
3315 5547 3381 5602 (ἱ.
3494 5548 3534 5579 ’⁸
3563 5564 3614 5601 v.
3648 5547 3688 5603 Ι.

3139 5619 3178 5649 ¹’⁵
3208 5628 3294 5672 aut
3320 5617 3384 5673 (ι’.
3466 5619 3509 5650 ⁸³
3529 5633 3688 5688 ρηὼ
