4002 6146
291 323 396 379 735

755 319 903 376 COD.
943 318 1214 374 DIPLOM.
1254 350 1321 358 —
1350 317 1704 374 BENEDICTI
1743 321 2262 379 CAl’lTULARIUM
2299 323 2701 383 COLLECTIO.
2738 357 2810 366 —
2837 321 2992 382 UB.—
3009 319 3052 382 Ι.

3450 329 3552 388 734

362 435 491 510 945.
529 431 740 510 Qnales_
774 447 1025 510 personae
1061 429 1130 510 ad
1161 447 1346 510 causas
1377 430 1752 510 disceptandas
1779 432 1868 510 [ει
1902 438 1942 490 Α
1975 438 2150 510 qualis
2182 442 2236 487 et
2263 437 2695 492 antecessoribus
2730 438 2931 493 nostris
2961 439 3180 505 regibus
3203 441 3287 495 vel
3323 403 3552 510 impera-

287 504 650 559 terminandas
674 499 794 570 eligi
815 501 1052 554 debeant.
1079 501 1152 554 De
1175 501 1467 562 advocatis,
1496 499 1865 563 vicedomiuis,

287 575 530 636 vicariis,
558 572 883 627 centenariis
907 571 1114 638 pravis,
1151 580 1211 624 ut
1235 571 1491 625 tollantur
1524 580 1578 623 et
1607 570 1740 623 tales
1767 571 1866 623 eli-

289 656 511 716 gantur,
538 644 630 714 qui
672 652 727 716 et
763 643 957 716 sciaut_
970 649 1026 695 et
1057 641 1392 716 velintiustc
1422 655 1638 716 causam
1669 639 1868 694 discer-

289 711 423 770 nere
465 723 522 768 et
556 711 886 767 terminare.
917 711 985 764 Et
1030 711 1274 780 quisquis
1308 713 1328 742 ¹
1368 725 1565 782 pravus
1612 711 1866 765 inventus

289 787 479 848 fuerit,
507 784 662 838 nobis
695 798 790 848 pro
813 789 962 836 certo
987 783 1284 836 nuntietur.

361 857 491 910 254.
530 853 609 907 De
645 849 878 914 teloneis,
911 868 1043 922 quae
1064 852 1084 882 ⁸
1105 851 1169 905 de
1210 851 1452 905 ntercatis
1477 859 1524 904 et
1553 849 1870 922 navigiisvel

287 926 434 990 aliis,
484 934 576 978 aut
621 920 969 994 quaecunque;
995 923 1535 994 iniusteiexiguntur,
1584 921 1710 994 quid
1751 920 1869 988 ﬁeri

287 997 499 1050 debeat.
545 991 884 1049 De'teloneis
920 992 1096 1061 placet
1127 993 1284 1047 nobis
1330 991 1425 1055 ita,
1467 1000 1527 1044 ut
1566 991 1787 1059 antiqua
1817 998 1871 1044 et

288 1069 437 1122 iusta
491 1065 699 1121 telonea
754 1079 784 1117 a
833 1062 1259 1131 negotiatoribus
1305 1061 1611 1131 exigantur,
1641 1069 1751 1114 tam
1806 1062 1872 1114 de

290 1138 571 1208 pontibus,
596 1150 758 1208 quam
771 1134 848 1208 _de
869 1130 1098 1208 navigiis
1126 1130 1544 1208 seu_mercatis._
1568 1130 1714 1184 Nova
1743 1145 1872 1208 vero

291 1201 414 1263 sive
449 1201 668 1267 iniusta,
695 1204 788 1258 ubi
813 1204 898 1256 vel
937 1201 1092 1257 funes
1117 1203 1428 1265 tenduntur,
1464 1203 1547 1256 vel
1574 1217 1696 1255 cum
1722 1201 1874 1255 navi-

288 1279 400 1333 bus
423 1277 526 1332 suh
547 1275 802 1346 pontibus
827 1273 1224 1346 transitur,__seu
1246 1273 1329 1328 his
1355 1272 1572 1334 similia,
1599 1272 1655 1325 in
1678 1272 1874 1346 quibus

291 1348 502 1403 nullum
539 1341 864 1400 adiutorium
901 1344 1224 1400 iterantibus
1253 1350 1578 1413 praestatur,
1613 1357 1720 1396 non
1759 1341 1873 1396 esi-

294 1427 515 1489 gantur.
551 1415 814 1489 Similiter
849 1415 1013 1489 etiam
1050 1429 1151 1469 nec
1183 1415 1250 1469 de
1275 1414 1390 1489 bis,
1431 1413 1524 1489 qui
1569 1413 1683 1489 sine
1712 1426 1874 1489 nego:

294 1481 470 1544 tiandi
507 1501 668 1542 causa
695 1485 1052 1540 substantiam
1079 1499 1233 1538 suam
1259 1484 1453 1538 de'una
1492 1481 1651 1538 domo
1683 1498 1779 1536 sua
1805 1481 1874 1534 ad

291 1560 458 1614 aliam
495 1566 589 1612 aut
619 1558 688 1612 ad
721 1554 982 1624 palatium
1012 1563 1106 1624 aut
1139 1555 1193 1608 in
1222 1553 1519 1624 exercitum
1557 1553 1778 1624 ducunt.
1813 1551 1870 1605 Si

289 1629 425 1698 quid
454 1644 585 1684 vero
617 1623 801 1691 fuerit,
841 1625 986 1698 unde
1018 1623 1312 1698 dubitetur,
1343 1626 1411 1698 ad
1447 1623 1703 1698 placitum
1737 1623 1755 1654 ‘
1781 1637 1874 1698 no-

288 1693 490 1764 strum,
518 1697 659 1768 quod
689 1711 813 1752 cum
839 1695 1022 1750 missis
1049 1695 1264 1751 nostris.
1287 1694 1523 1750 habituri
1549 1707 1756 1758 sumus,
1795 1693 1873 1748 in-

290 1779 620 1824 terroaetur.

405 1834 493 1893 55.
533 1838 610 1893 De
640 1839 720 1893 Itis
750 1838 839 1908 qui
873 1853 938 1892 ea:
971 1834 1144 1908 seculo
1170 1835 1240 1908 ad
1292 1835 1611 1908 monasteria
1636 1835 1873 1908 converti

290 1909 493 1965 volunt.
519 1909 700 1964 Liberi
720 1905 986 1973 homines,
1019 1906 1110 1977 qui
1146 1907 1215 1977 ad
1246 1905 1528 1961 servitium
1555 1905 1649 1959 Dei
1683 1920 1743 1959 se
1771 1914 1875 1977 tra-

295 1981 426 2034 dere
460 1979 673 2042 volunt,
718 1980 871 2050 prius
904 1977 1008 2050 hoc
1034 1975 1149 2050 non
1190 1975 1412 2050 faciant,
1440 1989 1608 2050 quam
1658 1975 1877 2050 a_nohls

299 2049 576 2104 licentiam
605 2045 896 2116 postulent.
933 2048 1050 2103 Hoc
1070 2047 1191 2102 ideo
1219 2046 1599 2116 praecipimus,
1622 2045 1748 2116 quia
1775 2060 1874 2116 au-

299 2065 576 2104 ncenuam
605 2065 896 2172 posmlent.
934 2065 1050 2103 noc
1070 2065 1191 2102 meo
1219 2065 1599 2116 praecipimus,
1622 2065 1748 2115 quia
1775 2065 1874 2098 au-

299 2119 538 2174 divimus
578 2135 609 2174 a
632 2119 785 2188 iquos
819 2135 884 2175 ex
931 2119 1038 2173 illis
1082 2133 1189 2188 non
1225 2127 1333 2188 tam
1377 2131 1540 2171 causa
1577 2115 1879 2188 devotionis

301 2205 463 2260 quam
495 2184 792 2245 exercitum
828 2191 942 2246 sive
968 2189 1134 2260 aliam
1160 2187 1490 2260 functionem
1520 2185 1753 2260 regalem
1792 2184 1877 2260 fut

299 2256 526 2328 giendo;
560 2261 819 2330 quosdam
853 2275 979 2314 vero
1017 2258 1329 2330 cupiditatis
1363 2271 1526 2312 causa
1562 2256 1758 2330 abhis,
1782 2256 1875 2324 qui

299 2325 386 2385 res
419 2325 634 2386 illorum
665 2331 1070 2400 concupiscunt,
1089 2325 1508 2384 Vcircumventos
1535 2325 1872 2392 audivimus;

298 2409 353 2454 et
377 2401 482 2456 hoc
509 2401 629 2470 ideo
657 2400 774 2456 ﬁeri
803 2401 1172 2470 prohibemus.

367 2470 496 2525 256.
535 2469 614 2525 De
642 2467 938 2525 hominibus
961 2469 1274 2540 pauperibus
1309 2467 1504 2540 liberis,
1538 2477 1595 2522 ut
1631 2484 1663 2520 a
1697 2473 1879 2540 poten-

297 2541 524 2596 tioribus
575 2557 679 2623 non
724 2535 1084 2623 opprimantur
1132 2539 1355 2623 iniuste.
1400 2539 1477 2593 De
1531 2535 1880 2623 oppreSsione

297 2625 596 2680 pauperum
626 2609 904 2666 hominum
949 2611 1269 2680 liberorum,
1303 2617 1364 2662 ut
1402 2624 1510 2663 non
1543 2609 1672 2662 ﬁant
1713 2621 1745 2660 a
1785 2622 1880 2680 po-

298 2677 623 2764 tentioribus
656 2695 753 2751 per
781 2681 999 2764 eliquod
1029 2679 1236 2764 malum
1246 2680 1547 2764 _ingenium
1583 2677 1881 2764 contra‘iu:

292 2752 507 2806 stitiam
556 2747 820 2820 oppressi,
865 2747 940 2806 ita
988 2758 1048 2804 ut
1088 2750 1261 2805 coacti
1311 2747 1397 2804 res
1425 2763 1612 2804 eorum
1645 2747 1881 2820 vendant

295 2831 398 2876 aut
437 2818 674 2876 tradant.
710 2821 837 2876 Ideo
871 2823 1008 2877 haec
1042 2828 1103 2890 ut
1145 2835 1306 2890 supra
1354 2827 1412 2874 et
1448 2820 1537 2875 hic
1581 2821 1647 2875 de
1696 2818 1882 2890 liberis

293 2891 614 2947 hominibus
641 2891 897 2956 diximus,
934 2907 1002 2947 ue
1043 2889 1182 2946 forte
1212 2887 1475 2959 parentes
1507 2897 1696 2944 contra
1727 2887 1882 2959 iusti:

293 2962 432 3016 tiam
461 2962 593 3016 ﬁant
615 2963 924 3018 exheredati
949 2969 1006 3015 et
1027 2961 1208 3030 regale
1224 2958 1542 3030 Obsequium
1561 2960 1835 3030 minuatur
1857 2958 1879 2989 '

293 3041 353 3088 et
385 3032 493 3101 ipsi
526 3032 748 3088 heredes
777 3039 1000 3102 propter
1032 3028 1391 3102 indigentiam
1418 3029 1651 3102 mendici
1685 3028 1768 3082 vel
1798 3028 1881 3102 _la-

292 3099 490 3158 trones
531 3117 623 3158 seu
667 3099 1042 3158 malefactores
1085 3099 1406 3156 efﬁciantur.
1455 3101 1522 3154 Et
1563 3109 1624 3153 ut
1665 3099 1882 3168 saepius

296 3188 410 3227 non
437 3174 568 3227 ﬁant
597 3173 822 3226 manniti
852 3173 919 3228 ad
949 3173 1225 3242 placitum,
1260 3171 1364 3225 nisi
1392 3171 1536 3225 sicut
1568 3170 1624 3223 in
1652 3169 1761 3225 alio
1790 3184 1882 3224 ca-

295 3244 524 3312 pitulari
553 3244 910 3313 precepimus.

369 3313 499 3367 257.
533 3309 611 3368 De
645 3309 873 3368 ecclesiis
912 3314 1016 3367 sive
1054 3311 1249 3366 sanctis
1294 3320 1496 3365 naviter
1533 3309 1772 3364 inventis.
1806 3309 1883 3364 De

293 3384 552 3439 ecclesiis
585 3398 679 3438 seu
709 3384 912 3438 sanctis
953 3383 1164 3436 naviter
1197 3383 1314 3436 sine
1345 3380 1669 3436 auctoritate
1704 3380 1883 3435 inven-

298 3455 376 3508 tis
401 3454 505 3509 nisi
537 3453 788 3522 episcopo
810 3453 1077 3524 probante
1096 3451 1316 3524 minime
1339 3458 1707 3524 venerentur:
1734 3450 1882 3506 salva

297 3524 472 3579 etiam
496 3520 690 3580 de‘hoc
719 3520 776 3578 et
812 3520 883 3578 de
919 3522 1170 3578 omnibus
1202 3522 1448 3578 ecclesiis
1484 3520 1746 3576 canonica
1789 3536 1884 3574 au-

299 3594 583 3650 ctoritate.

375 3663 506 3736 258.
547 3663 616 3736 Ut
641 3665 959 3736 heribannus
987 3665 1182 3736 absque
1211 3680 1554 3736 personarum
1589 3661 1885 3736 acceptione

299 3733 535 3803 ﬁdeliter
559 3735 623 3788 ab
649 3734 886 3788 omnibus
912 3731 1170 3804 exigatur.
1200 3731 1276 3789 De
1295 3734 1593 3789 heribanno
1617 3731 1881 3804 volumus,

302 3800 368 3858 ut
405 3804 556 3859 missi
597 3805 769 3859 nostri
811 3804 915 3860 hoc
955 3800 1183 3859 ﬁdeliter
1221 3805 1440 3874 exigant
1486 3806 1689 3874 absque
1721 3800 1885 3874 ullius

299 3887 571 3942 personae
594 3876 784 3944 gratia,
812 3874 1069 3929 blanditia
1100 3890 1192 3930 seu
1212 3870 1419 3929 terrore
1456 3870 1887 3944 secundumgius-

303 3941 520 3998 sionem
551 3941 812 3999 nostram.
845 3945 901 3999 ld
931 3953 1013 3998 est
1043 3954 1101 3999 ut
1125 3945 1190 4000 de
1213 3945 1428 3999 homine
1454 3945 1687 3999 habente
1717 3941 1886 3995 libras

301 4029 404 4068 sex
439 4014 494 4067 in
521 4029 674 4079 auro,
699 4015 756 4069 in
789 4023 1032 4084 argento,
1065 4015 1290 4080 bruniis,
1329 4021 1658 4084 aeramento,
1693 4009 1886 4084 pannis

305 4084 561 4153 integris,
594 4084 835 4149 caballis,
861 4083 1066 4150 bobus,
1090 4086 1300 4148 ovibus,
1327 4085 1507 4139 vaccis
1539 4083 1623 4138 vel
1656 4083 1885 4153 alio_pe-

303 4151 475 4217 culio,
517 4155 593 4209 ita
635 4163 697 4211 ut
740 4169 935 4210 uxores
973 4169 1160 4208 eorum
1203 4155 1286 4209 vel
1331 4153 1566 4209 infantes
1599 4168 1706 4208 non
1755 4151 1888 4205 ﬁant

302 4224 528 4295 spoliati
551 4240 649 4295 pro
673 4227 774 4280 hac
805 4239 864 4278 re
904 4225 970 4280 de
999 4225 1337 4279 vestimentis
1365 4239 1578 4286 eorum,
1621 4221 1888 4295 accipiant

304 4292 611 4364 legitimum
646 4296 1056 4359 haeribannum,
1083 4296 1137 4349 id
1167 4303 1251 4350 est
1287 4295 1452 4348 libras
1473 4303 1604 4348 tres.
1635 4292 1888 4364 Qui_vero

305 4361 418 4434 non
444 4364 692 4434 habuerit
727 4364 956 4434 amplius
989 4368 1045 4421 in
1079 4364 1444 4433 suprascripto
1471 4363 1646 4432 pretio
1677 4361 1888 4434 valente

306 4433 418 4517 nisi
451 4433 620 4492 libras
652 4445 781 4517 tres,
811 4431 965 4517 solidi
1001 4431 1414 4517 trigiiita'ab‘eo
1444 4431 1758 4517 exigantur.
1783 4431 1884 4498 Qui

305 4512 495 4558 autem
521 4483 629 4560 non
655 4483 904 4560 habuerit
935 4483 1885 4573 ampliusvnisiwduas'libjrasfdecem
1918 4483 1968 4542 ι)

306 4573 515 4628 solidos
553 4576 746 4631 solvat.
787 4575 845 4628 Si
885 4589 1012 4630 vero
1042 4575 1146 4629 nisi
1182 4589 1342 4629 unam
1385 4574 1575 4627 libram
1619 4573 1887 4638 habuerit,

308 4644 516 4728 solidos
545 4646 802 4728 quinque,
833 4646 906 4728 ita
948 4653 1008 4728 ut
1041 4645 1234 4700 iterum
1281 4659 1338 4698 se
1362 4643 1540 4728 valeat
1565 4657 1890 4728 praeparare

310 4715 382 4768 ad
409 4711 504 4768 Dei
529 4711 806 4770 servitium
841 4722 896 4770 et
924 4711 993 4769 ad
1011 4723 1252 4768 nostram
1299 4711 1605 4768 utilitatem.
1648 4712 1714 4766 Et
1740 4712 1891 4766 missi

309 4785 488 4839 nostri
535 4793 759 4840 caveant
787 4798 842 4839 et
883 4784 1164 4854 diligenter
1209 4784 1502 4854 inquirant,
1541 4797 1750 4854 negpar
1787 4781 1894 4854 ali-

311 4856 460 4923 quod
481 4856 680 4910 malum
707 4852 1246 4925 ingenium—nostram
1285 4852 1605 4925 subtraham
1628 4852 1891 4907 iustitiam

310 4925 472 4979 alteri
501 4923 889 4981 tradendo‘aut
917 4923 1362 4979 commendando.

385 4994 513 5049 259.
553 4995 632 5050 De
661 4995 956 5049 hominibus
983 4993 1058 5048 vel
1095 4993 1299 5063 feminis
1327 4993 1519 5056 liberis,
1549 4993 1642 5063 qui
1675 5007 1794 5045 cum
1829 4991 1897 5063 fi-

311 5064 532 5118 scalinis
572 5082 626 5119 se
663 5066 904 5134 iungunt.
945 5061 1125 5118 Liberi
1164 5063 1430 5134 homines,
1468 5061 1573 5130 qui
1593 5078 1788 5134 uxores
1831 5061 1896 5115 de

316 5134 466 5188 ﬁscis
526 5132 794 5204 regalibus
837 5133 1063 5204 habent,
1108 5141 1163 5187 et
1205 5132 1473 5204 feminae,
1508 5145 1646 5204 quae
1695 5132 1897 5184 liberae

317 5212 447 5258 sunt
477 5214 531 5258 et
556 5201 799 5260 homines
825 5203 1095 5258 ﬁscalinos
1131 5203 1305 5272 regios
1343 5210 1438 5255 aut
1463 5201 1661 5272 habent
1691 5209 1785 5254 aut
1809 5216 1898 5253 ac-

317 5274 548 5343 cipiunt,
577 5274 656 5328 vel
679 5275 746 5329 de
773 5274 1071 5328 hereditate
1105 5271 1386 5343 parentum
1413 5271 1495 5324 vel
1519 5271 1584 5324 de
1601 5286 1769 5343 causa
1799 5283 1897 5324 sua

318 5341 626 5412 quaerenda
662 5360 760 5399 nec
789 5344 855 5398 de
893 5341 1198 5398 testimonio
1226 5357 1324 5411 pro
1349 5342 1450 5412 hac
1483 5357 1540 5394 re
1563 5341 1894 5401 abiciuntur;

319 5411 418 5469 sed
453 5415 580 5470 talis
615 5415 776 5468 etiam
795 5415 968 5470 'nohis
1013 5414 1067 5469 in
1101 5413 1202 5468 hac
1234 5427 1393 5467 causa
1427 5411 1598 5466 honor
1631 5418 1894 5474 servetur,

1975 504 2186 576 toribns
2211 513 2459 576 servatus
2495 521 2614 562 esse
2639 510 3000 576 cognoscitur.

2040 573 2166 648 260.
2206 573 2274 627 Ut
2311 573 2786 648 oratiohdominica
2828 589 2875 631 et
2897 577 3188 648 symbolum
3235 589 3283 634 et
3327 594 3412 634 (ex
3458 598 3553 637 seu

1971 643 2202 721 eapitula
2227 645 2703 721 regumailigenter
2723 643 3110 721 intellegantur.
3127 649 3230 721 Ubi
3256 649 3378 704 laici
3407 666 3552 721 sym-

1973 714 2156 786 bolum
2205 723 2260 767 et
2287 714 2586 769 orationem
2629 714 2953 772 dominicam
3001 718 3233 786 pleniter
3283 714 3550 774 ediscant.

1971 781 2210 854 Comites
2251 799 2466 854 quoque
2502 793 2556 838 et
2592 788 2887 842 centenarii
2923 798 2978 840 et
3001 781 3176 844 ceteri
3212 789 3418 844 nobiles
3450 791 3555 845 viri

1971 853 2142 922 legem
2175 869 2329 908 suam
2353 853 2582 922 pleniter
2611 856 2632 887 ⁸
2679 858 2906 921 discant,
2936 859 3077 913 sicut
3107 861 3162 912 in
3183 859 3291 914 alio
3317 858 3439 915 loco
3461 862 3551 916 de-

1971 931 2180 978 cretum
2207 934 2311 979 est.
2335 926 2702 995 Praecipimus
2726 935 2905 982 autem
2933 928 3112 983 missis
3141 929 3362 995 nostris,
3396 939 3456 984 ut
3487 946 3550 984 ea

1971 995 2384 1082 qnaeagmultis
2420 995 2530 1082 iam
2563 997 2721 1082 annis
2762 1013 2860 1082 per
2895 999 3247 1082 capitularia"
3273 1007 3460 1054 nostra
3496 1001 3553 1082 in

1971 1072 2087 1118 toto
2117 1079 2283 1134 regno
2309 1074 2503 1138 nostro
2536 1067 2938 1133 mandavimus,
2977 1083 3161 1138 agere,
3197 1069 3424 1134 discere,
3459 1071 3555 1125 oh-

1972 1149 2209 1199 servare,
2241 1135 2324 1190 vel
2365 1136 2419 1190 in
2462 1138 2906 1192 consuetudinem
2955 1135 3155 1193 habere
3197 1139 3461 1203 debeant,
3492 1151 3555 1195 ut

1973 1205 2109 1277 haec
2141 1205 2323 1277 omnia
2346 1221 2489 1261 nunc
2511 1207 2796 1277 diligenter
2835 1208 3130 1277 inquirant,
3154 1219 3208 1264 et
3232 1211 3453 1264 omnino
3485 1211 3554 1265 ad

1972 1275 2254 1330 servitium
2300 1276 2394 1330 Dei
2450 1285 2506 1331 et
2568 1275 2636 1330 ad
2701 1275 2991 1332 utilitatem
3060 1288 3302 1334 nostram
3352 1280 3436 1335 vel
3485 1280 3554 1336 ad

1972 1346 2215 1417 omnium
2237 1346 2657 1401 Christianorum
2679 1348 2955 1402 hominum
2977 1349 3273 1417 perfectum
3295 1349 3554 1406 innovare

1974 1415 2244 1490 studeant,
2289 1424 2344 1470 et
2381 1425 2639 1486 quantum
2672 1418 2899 1490 Domino
2940 1415 3174 1476 donante
3216 1420 3552 1490 praevalent,

1973 1486 2041 1540 ad
2090 1485 2412 1557 perfectum
2444 1503 2612 1556 usque
2655 1489 2970 1557 perducant.
3034 1491 3103 1544 Et
3139 1485 3295 1546 nobis
3334 1491 3556 1546 omnino

1972 1556 2312 1621 annuntient,
2357 1558 2480 1627 quis
2520 1556 2887 1614 inde’bonum
2931 1569 3206 1615 certamen
3242 1561 3345 1616 hoc
3381 1561 3555 1615 adim-

1973 1627 2120 1699 plere
2141 1627 2438 1690 habuisset,
2465 1637 2527 1683 ut
2559 1643 2591 1682 a
2614 1629 2726 1684 Deo
2755 1638 2809 1684 et
2840 1644 2871 1682 a
2893 1631 3051 1685 nobis
3074 1631 3303 1699 gratiam
3333 1631 3552 1684 habeat.

1974 1697 2077 1764 Qui
2107 1706 2287 1752 autem
2321 1699 2612 1769 neglegens
2650 1700 2774 1756 inde
2807 1699 2988 1762 fuerit,
3029 1697 3099 1754 ιη’
3125 1701 3286 1755 talem
3319 1700 3560 1768 discipli-

1908 1777 1950 1835 Β
1978 1783 2104 1840 nam
2133 1768 2413 1837 percipiat,
2439 1769 2654 1838 qualem
2686 1769 2810 1824 talis
2839 1770 2909 1824 sit
2940 1779 3281 1840 contemptor
3316 1771 3559 1840 recipere

1979 1838 2192 1910 dignus,
2217 1847 2278 1910 ut
2298 1841 2500 1894 caeteri
2522 1847 2726 1910 metum
2750 1840 2983 1895 habeant
3004 1838 3253 1910 ampli—us.

2047 1907 2185 1982 261.Δ
2213 1907 2292 1962 De
2333 1911 2590 1982 occisione
2612 1909 2930 1982 clericorum
2956 1921 3005 1965 et
3037 1907 3364 1982 sacerdotum
3407 1921 3565 1982 atque

1978 1979 2372 2033 monachorum.
2415 1980 2516 2048 Qui
2545 1979 2932 2035 subdiaconum
2963 1981 3248 2042 occiderit,
3289 1979 3563 2037 trecentos

1979 2049 2179 2132 solidos
2227 2060 2514 2132 conponat.
2538 2049 2664 2132 .Qui
2713 2051 3016 2132 diaconum,
3071 2051 3491 2132 quadringentos
3536 2053 3556 2083 ’³

1979 2119 2199 2179 solidos.
2247 2119 2349 2186 Qui
2373 2121 2754 2192 presbiter-um,
2788 2119 3162 2176 sexcentos”.
3207 2119 3319 2188 Qui
3351 2124 3560 2192 episco-

1978 2189 2472 2262 pu_m,enongentos
2512 2191 2555 2243 ⁹.
2603 2189 2707 2256 Qui
2747 2193 3106 2256 monachum,
3154 2189 3565 2262 quadringentis

1979 2259 2265 2316 culuabilis
2289 2259 2575 2316 iudicetur.

2121 2329 2180 2402 2.
2205 2330 2278 2384 De
2297 2331 2538 2402 dampnis
2570 2332 2625 2384 in
2649 2330 3048 2402 inmunitgtibus
3069 2331 3242 2402 factis.
3270 2331 3326 2386 Si
3351 2331 3472 2400 quis
3507 2331 3562 2384 in

1980 2399 2302 2522 inimunitate
2322 2399 2609 2522 dampnum
2632 2401 2847 2471 aliquod
2870 2399 3077 2466 fecerit,
3099 2399 3382 2458 sexcentos
3408 2402 3448 2432 ⁸ο
3470 2417 3561 2457 so-

2002 2487 2034 2522 ιι
2057 2485 2118 2522 OS
2147 2486 2387 2522 00110003
2421 2511 2434 2522 .

2002 2479 2118 2524 lllOS
2147 2479 2411 2526 οοιιυοηιη
2421 2511 2434 2524 .

2051 2541 2175 2612 265.
2238 2541 2316 2596 De
2365 2541 2569 2612 furibus
2626 2541 2770 2612 infra
2806 2543 3142 2612 emunitatem
3179 2543 3390 2597 retentis
3429 2541 3555 2612 quid

1981 2611 2239 2679 agendum
2265 2610 2446 2667 sit.'Si
2469 2621 2650 2667 autem
2674 2610 2836 2667 homo
2859 2610 3061 2666 furtum
3090 2621 3183 2666 aut
3210 2610 3561 2668 homicidium

1981 2679 2192 2752 fecerit,
2217 2682 2300 2736 vel
2323 2683 2602 2752 quodlibet
2636 2683 2842 2738 crimen
2879 2681 3012 2737 foris
3037 2683 3385 2738 committens
3422 2681 3564 2736 infra

1983 2751 2380 2822 immunitatem
2425 2752 2651 2822 fugerit,
2701 2753 2918 2806 mandet
2961 2767 3144 2808 comes
3184 2753 3268 2808 vel
3311 2752 3566 2822 episcopo

1982 2821 2066 2875 vel
2095 2821 2275 2876 abbati
2312 2822 2396 2877 vel
2420 2821 2756 2886 viCedomno,
2781 2821 2864 2876 vel
2897 2821 2972 2875 illi
2999 2823 3091 2890 qui
3119 2823 3292 2878 locum
3325 2821 3562 2890 episcopi

1981 2890 2066 2944 vel
2091 2891 2301 2947 abbatis
2333 2894 2586 2956 tenuerit,
2616 2901 2674 2946 ut
2699 2893 2887 2946 reddat
2912 2891 2962 2946 ei
2991 2908 3162 2946 reum.
3229 2892 3285 2946 Si
3322 2890 3409 2945 ille
3433 2907 3564 2946 con-

1983 2961 2266 3016 tradixerit
2303 2969 2357 3018 et
2391 2963 2615 3017 reddere
2650 2962 2908 3024 noluerit,
2946 2976 3044 3030 pro
3077 2963 3252 3030 prima
3288 2960 3565 3016 contradi-

1983 3031 2164 3087 ctione
2186 3033 2492 3102 quindecim
2517 3033 2718 3088 solidos
2737 3040 3024 3100 conponat.
3058 3031 3114 3085 Si
3138 3047 3236 3087 nec
3258 3032 3324 3086 ad
3347 3033 3566 3102 tertiam

1983 3100 2294 3158 consentire
2327 3103 2580 3168 voluerit,
2629 3101 2886 3172 quicquid
2930 3117 3055 3157 reus
3097 3101 3311 3172 dampni
3355 3100 3564 3164 fecerit,

1984 3181 2159 3243 totum
2201 3173 2290 3227 ille
2313 3215 2326 3237 ,
2371 3173 2463 3243 qui
2494 3189 2617 3227 eum
2652 3171 2797 3226 infra
2841 3173 3190 3227 emunitatem
3225 3171 3426 3226 retinet
3467 3187 3569 3226 nec

1982 3241 2208 3298 reddere
2248 3241 2406 3308 vult;
2430 3243 2640 3298 solvere
2681 3251 2926 3310 cogatur.
2983 3243 3050 3297 Et
3094 3243 3210 3312 ipse
3247 3257 3430 3312 comes
3470 3256 3566 3312 ve-

1981 3312 2135 3368 niens
2160 3313 2200 3344 “
2226 3313 2497 3368 licentiam
2534 3315 2729 3369 habeat
2774 3314 2948 3382 ipsum
2989 3310 3260 3367 hominem
3312 3310 3448 3366 infra
3486 3311 3570 3365 in-

1981 3383 2303 3438 munitatem
2344 3384 2655 3453 quaerendi.
2691 3381 2999 3451 ubicunque
3034 3399 3157 3437 eum
3192 3381 3435 3438 invenire
3463 3396 3563 3451 po-

1983 3453 2173 3524 tuerit.
2193 3453 2250 3508 Si
2279 3464 2461 3510 autem
2490 3455 2544 3507 in
2568 3454 2741 3524 prima
2769 3453 3118 3524 inquisitione
3139 3453 3322 3508 comiti
3352 3468 3570 3524 respon-

1981 3539 2101 3594 sum
2151 3522 2332 3588 fuerit,
2386 3525 2531 3594 quod
2569 3522 2706 3579 'reus
2748 3523 2888 3578 infra
2935 3524 3310 3594 inmunitatem
3350 3523 3568 3594 quidem

1982 3593 2189 3657 fuisset,
2218 3593 2312 3650 sed
2335 3593 2457 3665 fuga
2487 3595 2670 3664 lapsus
2693 3594 2872 3656 fuerit,
2907 3593 3090 3665 statim
3119 3594 3272 3665 iuret
3285 3593 3430 3663 quod
3453 3593 3570 3662 ipse

1982 3678 2106 3733 eum
2127 3665 2195 3719 ad
2227 3662 2488 3720 iustitiam
2526 3662 2812 3720 cuiuslibet
2833 3663 3217 3718 disfaciendam
3249 3662 3432 3733 fugere
3461 3678 3569 3715 non

1983 3732 2230 3800 fecisset;
2265 3745 2321 3791 et
2351 3737 2424 3790 sit
2453 3735 2504 3790 ei
2540 3736 2595 3788 in
2629 3736 2732 3790 hoc
2761 3733 3116 3788 satisfactum.
3164 3733 3220 3787 Si
3265 3732 3445 3788 autem
3483 3733 3569 3785 in-

1984 3805 2147 3858 tranti
2193 3805 2248 3858 in
2279 3807 2452 3874 ipsam
2493 3806 2871 3874 inmunitatem
2913 3805 3099 3857 comiti
3141 3803 3364 3874 collecta
3405 3817 3569 3854 manu

1983 3875 2238 3942 quislibet
2279 3872 2532 3930 resistere
2573 3873 2890 3938 tentaverit,
2931 3888 3113 3942 comes
3155 3874 3256 3926 hoc
3286 3872 3351 3925 ad
3387 3885 3568 3942 regem

1983 3941 2067 3998 vel
2113 3943 2513 4014 adiprincipem
2557 3943 2782 4014 deferat,
2827 3953 2884 4014 ut
2922 3941 3135 4014 ibidem‘
3171 3942 3455 4014 iudicetur.
3502 3941 3570 3993 Et

1984 4013 2125 4068 sicut
2154 4009 2262 4076 ille,
2287 4009 2454 4082 quiin
2487 4013 2808 4066 inmunitate
2830 4013 3086 4082 damnum
3109 4009 3255 4082 fecit,
3282 4018 3569 4063 sexcentos

1985 4083 2186 4140 solidos
2202 4080 2505 4152 conponere
2530 4083 2704 4144 debet,
2734 4083 2806 4136 ita
2829 4081 2919 4150 qui
2945 4080 3130 4152 comiti
3156 4080 3380 4152 collecta
3407 4094 3567 4152 manu

1985 4154 2242 4209 resistere
2270 4148 2586 4224 praesumit,
2603 4148 2870 4207 sexcentis
2900 4149 3086 4204 solidis
3116 4149 3402 4220 culpabilis
3427 4148 3570 4203 iudi-

1987 4232 2162 4280 cetur.

2057 4293 2182 4347 264.
2224 4293 2301 4346 De
2336 4292 2463 4346 locis
2501 4293 2571 4347 ad
2608 4290 2840 4345 claustra
2882 4291 3252 4345 canonicorum
3301 4287 3565 4358 facienda.

1989 4365 2064 4418 De
2090 4363 2224 4418 locis
2240 4363 2430 4417 dandis
2457 4364 2522 4418 ad
2553 4363 2786 4417 claustra
2813 4361 3195 4415 canonicorum
3228 4358 3492 4422 facienda,
3523 4359 3569 4411 si

1989 4433 2057 4488 de
2085 4434 2326 4488 eiusdem
2353 4433 2612 4488 ecclesiae
2632 4432 2794 4486 rebus
2817 4430 2993 4494 fuerit,
3031 4438 3214 4484 nostra
3251 4428 3572 4484 liberalitate

1990 4505 2315 4559 concedatur
2335 4503 2428 4558 ibi.
2458 4503 2515 4557 Si
2537 4503 2602 4558 de
2623 4501 2842 4556 alterius
2863 4502 2945 4555 vel
2967 4500 3242 4562 ecclesiae,
3269 4498 3351 4552 vel
3373 4497 3572 4553 libero-

1990 4590 2109 4628 rum
2135 4573 2428 4636 hominum,
2455 4579 2835 4628 commutetur.
2863 4572 2919 4625 Si
2941 4581 3119 4625 autem
3145 4571 3210 4626 de
3234 4570 3362 4624 ﬁsco
3387 4578 3574 4623 nostro

1991 4643 2172 4708 fuerit,
2202 4651 2386 4698 nostra
2413 4642 2733 4698 liberalitate
2757 4641 3106 4696 concedatur.

2065 4713 2189 4768 265.
2229 4713 2308 4784 De
2340 4714 2596 4784 emptione
2623 4723 2853 4781 tempore
2877 4713 3059 4766 messis
3079 4727 3248 4784 causa
3273 4707 3574 4784 cupiditatis

1991 4794 2040 4838 et
2063 4784 2229 4855 turpis
2265 4777 2786 4855 lucriﬁQuicumquie
2818 4792 3058 4855 tempore
3089 4780 3282 4855 messis
3317 4777 3400 4830 vel
3432 4785 3569 4855 tem-

1992 4868 2123 4923 pore
2150 4851 2466 4907 vindemiae
2507 4867 2611 4906 non
2651 4852 2994 4914 necessitate,
3041 4851 3132 4923 sed
3170 4859 3388 4923 propter
3417 4851 3571 4923 cupi-.-

1991 4913 2213 4977 ditatem
2257 4931 2514 4990 conparat
2542 4923 2583 4952 ι’
2607 4936 2874 4974 annonam
2916 4913 3009 4974 aut
3050 4913 3382 4990 v'inu_in_,'vel
3425 4913 3572 4966 verbi

2001 4993 2173 5064 gratia
2201 4990 2268 5045 de
2302 4987 2511 5046 duobus
2543 4991 2779 5064 denariis
2809 4998 3066 5064 conparat
3109 4987 3344 5064 modium
3375 4997 3570 5064 unum,

1999 5051 2054 5118 ἔι
2091 5069 2331 5116 reservat
2358 5077 2529 5131 usque
2564 5063 2690 5116 dum
2723 5051 3045 5131 venundare
3065 5056 3234 5131 possit
3266 5061 3452 5107 contra
3483 5051 3577 5131 de-

2001 5133 2183 5186 narios
2214 5121 2458 5213 quatuor"
2489 5139 2582 5213 aut
2621 5145 2714 5184 sex
2759 5145 2850 5213 seu
2891 5121 3138 5213 amplius,
3181 5125 3282 5179 hoc
3311 5121 3576 5213 turpem-

2001 5217 2152 5256 crum
2197 5199 2442 5256 dicimus.
2499 5201 2556 5254 Si
2608 5215 2738 5254 vero
2780 5199 2880 5252 hoc
2919 5204 3140 5265 propter
3196 5199 3572 5265 necessitatem

2001 5280 2289 5340 conparat,
2325 5278 2384 5324 ut
2417 5271 2518 5326 sibi
2560 5271 2756 5324 habeat
2787 5277 2840 5322 et
2877 5261 2998 5320 aliis
3022 5261 3266 5328 'tribuat,
3301 5261 3574 5330 negotium

2001 5342 2104 5396 dici
2115 5356 2249 5394 mus.

2071 5411 2194 5464 266.
2234 5409 2313 5463 De
2336 5409 2620 5464 stabilitate
2651 5409 3005 5480 episcoporum
3030 5403 3104 5458 vel
3137 5399 3465 5456 clericorum.
3501 5400 3578 5456 Nc

1535 5523 1928 5581 VARIANTES
1956 5501 2356 5580 LECTIDNES.

403 5650 417 5679 ¹
445 5646 806 5703 discutiendas
831 5643 952 5698 Bal.
1026 5643 1046 5672 ²
1074 5643 1120 5698 si
1145 5654 1327 5697 comes
1361 5638 1442 5692 Ill.
1471 5637 1554 5690 ll.

318 5736 535 5774 corraso
557 5716 622 5772 G.
718 5715 740 5747 ⁸
763 5713 976 5770 DCCCC
1001 5714 1056 5767 in
1078 5712 1189 5766 loco
1219 5726 1337 5764 raso
1361 5707 1425 5762 G.

325 5791 370 5820 “
396 5789 573 5846 veniat
604 5787 671 5843 ϐ.
696 5803 758 5840 ex
785 5795 999 5838 correct.
1079 5784 1119 5814 “
1144 5788 1395 5850 conparet
1419 5777 1483 5832 G.

1631 5635 1652 5668 ³
1675 5636 1766 5705 qui
1793 5634 1858 5690 G.
1933 5634 1954 5665 "
1979 5634 2238 5703 palatium
2255 5632 2321 5705 (ἶ.

1524 5706 1544 5736 ’
1572 5722 1620 5760 e.
1654 5699 1719 5762 de
1741 5706 1854 5760 uita
1881 5699 2147 5775 conponat
2177 5705 2230 5756 in
2257 5703 2368 5757 loco
2396 5719 2514 5756 raso
2545 5699 2610 5755 (ἶ.

2400 5632 2421 5664 ⁵
2441 5631 2714 5685 minuetur
2739 5627 2804 5683 G.
2881 5627 2902 5656 "
2927 5623 3150 5680 deestG.
3223 5627 3244 5657 ⁷
3271 5624 3357 5681 DC
3388 5627 3441 5679 in
3466 5626 3577 5680 loc!

2717 5701 2756 5731 ¹⁰
2799 5696 3011 5753 DCCCC
3045 5697 3099 5750 in
3125 5695 3236 5752 loco
3265 5713 3477 5751 corraso
3500 5697 3539 5749 (ἱ
3566 5739 3578 5750 .
