  <div class='ocr_page' id='page_1' title='image "/cluster/home/n/w/nwhite01/storage/ocr_20150623/97/hvd.32044054759667/377.png"; bbox 0 0 4002 6146; ppageno 0'>
   <div class='ocr_carea' id='block_1_1' title="bbox 495 307 598 367">
    <p class='ocr_par' dir='ltr' id='par_1_1' title="bbox 495 307 598 367">
     <span class='ocr_line' id='line_1_1' title="bbox 495 307 598 367; baseline 0.01 -3"><span class='ocrx_word' id='word_1_1' title='bbox 495 307 598 367; x_wconf 74' lang='grc'><strong>750</strong></span> 
     </span>
    </p>
   </div>
   <div class='ocr_carea' id='block_1_2' title="bbox 1453 307 2808 365">
    <p class='ocr_par' dir='ltr' id='par_1_2' title="bbox 1453 307 2808 365">
     <span class='ocr_line' id='line_1_2' title="bbox 1453 307 2808 365; baseline -0.003 -1"><span class='ocrx_word' id='word_1_2' title='bbox 1453 309 1699 365; x_wconf 69' lang='lat' dir='ltr'><strong>CAROLI</strong></span> <span class='ocrx_word' id='word_1_3' title='bbox 1742 307 1954 363; x_wconf 69' lang='lat' dir='ltr'><strong>MAGNI</strong></span> <span class='ocrx_word' id='word_1_4' title='bbox 1996 310 2145 364; x_wconf 78' lang='lat' dir='ltr'><strong>OPP.</strong></span> <span class='ocrx_word' id='word_1_5' title='bbox 2190 309 2366 364; x_wconf 73' lang='lat' dir='ltr'><strong>PARS</strong></span> <span class='ocrx_word' id='word_1_6' title='bbox 2404 309 2441 364; x_wconf 91' lang='grc'>1.</span> <span class='ocrx_word' id='word_1_7' title='bbox 2484 309 2728 364; x_wconf 82' lang='lat' dir='ltr'><strong>SECTIO</strong></span> <span class='ocrx_word' id='word_1_8' title='bbox 2767 308 2808 362; x_wconf 89' lang='grc' dir='ltr'>ῐ.</span> 
     </span>
    </p>
   </div>
   <div class='ocr_carea' id='block_1_3' title="bbox 3663 298 3769 357">
    <p class='ocr_par' dir='ltr' id='par_1_3' title="bbox 3663 298 3769 357">
     <span class='ocr_line' id='line_1_3' title="bbox 3663 298 3769 357; baseline 0.009 -1"><span class='ocrx_word' id='word_1_9' title='bbox 3663 298 3769 357; x_wconf 62' lang='grc'>740</span> 
     </span>
    </p>
   </div>
   <div class='ocr_carea' id='block_1_4' title="bbox 491 413 3769 493">
    <p class='ocr_par' dir='ltr' id='par_1_4' title="bbox 491 413 3769 493">
     <span class='ocr_line' id='line_1_4' title="bbox 491 413 3769 493; baseline -0.001 -18"><span class='ocrx_word' id='word_1_10' title='bbox 491 420 862 493; x_wconf 83' lang='lat' dir='ltr'><strong>paciﬁcatione</strong></span> <span class='ocrx_word' id='word_1_11' title='bbox 888 419 1139 493; x_wconf 75' lang='lat' dir='ltr'><strong>intereas</strong></span> <span class='ocrx_word' id='word_1_12' title='bbox 1162 417 1447 493; x_wconf 74' lang='lat' dir='ltr'><strong>convenire</strong></span> <span class='ocrx_word' id='word_1_13' title='bbox 1476 435 1580 472; x_wconf 88' lang='lat' dir='ltr'><strong>non</strong></span> <span class='ocrx_word' id='word_1_14' title='bbox 1606 419 1814 493; x_wconf 68' lang='lat' dir='ltr'><strong>possint</strong></span> <span class='ocrx_word' id='word_1_15' title='bbox 1843 420 1879 482; x_wconf 83' lang='lat'><strong>&#39;,</strong></span> <span class='ocrx_word' id='word_1_16' title='bbox 1915 421 2074 493; x_wconf 75' lang='lat' dir='ltr'><strong>advo-</strong></span> <span class='ocrx_word' id='word_1_17' title='bbox 2103 424 2146 479; x_wconf 79' lang='grc' dir='ltr'><strong>Α</strong></span> <span class='ocrx_word' id='word_1_18' title='bbox 2177 436 2352 493; x_wconf 79' lang='lat' dir='ltr'><strong>conus</strong></span> <span class='ocrx_word' id='word_1_19' title='bbox 2375 428 2552 493; x_wconf 82' lang='lat' dir='ltr'><strong>autem</strong></span> <span class='ocrx_word' id='word_1_20' title='bbox 2592 419 2809 473; x_wconf 75' lang='lat' dir='ltr'><strong>cardine</strong></span> <span class='ocrx_word' id='word_1_21' title='bbox 2846 417 3188 493; x_wconf 73' lang='lat' dir='ltr'><strong>constitutus</strong></span> <span class='ocrx_word' id='word_1_22' title='bbox 3209 413 3259 468; x_wconf 90' lang='lat' dir='ltr'><strong>in</strong></span> <span class='ocrx_word' id='word_1_23' title='bbox 3298 413 3633 493; x_wconf 64' lang='lat' dir='ltr'><strong>urbelioma</strong></span> <span class='ocrx_word' id='word_1_24' title='bbox 3668 413 3769 473; x_wconf 91' lang='lat' dir='ltr'><strong>nisi</strong></span> 
     </span>
    </p>
   </div>
   <div class='ocr_carea' id='block_1_5' title="bbox 492 489 2075 558">
    <p class='ocr_par' dir='ltr' id='par_1_5' title="bbox 492 489 2075 558">
     <span class='ocr_line' id='line_1_5' title="bbox 492 489 2075 558; baseline -0.002 -11"><span class='ocrx_word' id='word_1_25' title='bbox 492 489 601 547; x_wconf 81' lang='lat' dir='ltr'><strong>cati</strong></span> <span class='ocrx_word' id='word_1_26' title='bbox 626 506 812 545; x_wconf 90' lang='lat' dir='ltr'><strong>eorum</strong></span> <span class='ocrx_word' id='word_1_27' title='bbox 839 491 890 544; x_wconf 92' lang='lat' dir='ltr'><strong>in</strong></span> <span class='ocrx_word' id='word_1_28' title='bbox 921 489 1078 544; x_wconf 92' lang='lat' dir='ltr'><strong>mallo</strong></span> <span class='ocrx_word' id='word_1_29' title='bbox 1109 489 1321 558; x_wconf 90' lang='lat' dir='ltr'><strong>publico</strong></span> <span class='ocrx_word' id='word_1_30' title='bbox 1359 489 1426 541; x_wconf 88' lang='lat' dir='ltr'><strong>ad</strong></span> <span class='ocrx_word' id='word_1_31' title='bbox 1455 489 1816 556; x_wconf 81' lang='lat' dir='ltr'><strong>praesentiam</strong></span> <span class='ocrx_word' id='word_1_32' title='bbox 1861 491 2075 544; x_wconf 86' lang='lat' dir='ltr'><strong>comitis</strong></span> 
     </span>
    </p>
   </div>
   <div class='ocr_carea' id='block_1_6' title="bbox 491 559 2078 628">
    <p class='ocr_par' dir='ltr' id='par_1_6' title="bbox 491 559 2078 628">
     <span class='ocr_line' id='line_1_6' title="bbox 491 559 2078 628; baseline -0.001 -14"><span class='ocrx_word' id='word_1_33' title='bbox 491 562 730 624; x_wconf 88' lang='lat' dir='ltr'><strong>veniant,</strong></span> <span class='ocrx_word' id='word_1_34' title='bbox 759 569 814 614; x_wconf 89' lang='lat' dir='ltr'><strong>et</strong></span> <span class='ocrx_word' id='word_1_35' title='bbox 838 561 910 615; x_wconf 92' lang='lat' dir='ltr'><strong>ibi</strong></span> <span class='ocrx_word' id='word_1_36' title='bbox 957 559 1226 628; x_wconf 80' lang='lat' dir='ltr'><strong>legitimus</strong></span> <span class='ocrx_word' id='word_1_37' title='bbox 1258 559 1519 612; x_wconf 73' lang='lat' dir='ltr'><strong>terminus</strong></span> <span class='ocrx_word' id='word_1_38' title='bbox 1549 575 1735 612; x_wconf 91' lang='lat' dir='ltr'><strong>eorum</strong></span> <span class='ocrx_word' id='word_1_39' title='bbox 1775 560 2078 613; x_wconf 87' lang='lat' dir='ltr'><strong>contentio-</strong></span> 
     </span>
    </p>
   </div>
   <div class='ocr_carea' id='block_1_7' title="bbox 492 629 2074 700">
    <p class='ocr_par' dir='ltr' id='par_1_7' title="bbox 492 629 2074 700">
     <span class='ocr_line' id='line_1_7' title="bbox 492 629 2074 700; baseline -0.002 -14"><span class='ocrx_word' id='word_1_40' title='bbox 492 633 652 686; x_wconf 83' lang='lat' dir='ltr'><strong>nibus</strong></span> <span class='ocrx_word' id='word_1_41' title='bbox 675 632 976 700; x_wconf 77' lang='lat' dir='ltr'><strong>inponatur.</strong></span> <span class='ocrx_word' id='word_1_42' title='bbox 1017 630 1207 684; x_wconf 78' lang='lat' dir='ltr'><strong>Testes</strong></span> <span class='ocrx_word' id='word_1_43' title='bbox 1236 645 1366 684; x_wconf 87' lang='lat' dir='ltr'><strong>vero</strong></span> <span class='ocrx_word' id='word_1_44' title='bbox 1395 629 1461 700; x_wconf 86' lang='lat' dir='ltr'><strong>de</strong></span> <span class='ocrx_word' id='word_1_45' title='bbox 1496 629 1734 700; x_wconf 87' lang='lat' dir='ltr'><strong>qualibet</strong></span> <span class='ocrx_word' id='word_1_46' title='bbox 1763 645 1926 700; x_wconf 87' lang='lat' dir='ltr'><strong>causa</strong></span> <span class='ocrx_word' id='word_1_47' title='bbox 1967 645 2074 683; x_wconf 91' lang='lat' dir='ltr'><strong>non</strong></span> 
     </span>
    </p>
   </div>
   <div class='ocr_carea' id='block_1_8' title="bbox 493 699 2076 769">
    <p class='ocr_par' dir='ltr' id='par_1_8' title="bbox 493 699 2076 769">
     <span class='ocr_line' id='line_1_8' title="bbox 493 699 2076 769; baseline -0.001 -14"><span class='ocrx_word' id='word_1_48' title='bbox 493 702 709 756; x_wconf 87' lang='lat' dir='ltr'><strong>aliunde</strong></span> <span class='ocrx_word' id='word_1_49' title='bbox 735 699 1084 768; x_wconf 83' lang='lat' dir='ltr'><strong>quaerantur,</strong></span> <span class='ocrx_word' id='word_1_50' title='bbox 1132 700 1235 754; x_wconf 89' lang='lat' dir='ltr'><strong>nisi</strong></span> <span class='ocrx_word' id='word_1_51' title='bbox 1279 700 1343 754; x_wconf 90' lang='lat' dir='ltr'><strong>de</strong></span> <span class='ocrx_word' id='word_1_52' title='bbox 1389 699 1505 768; x_wconf 91' lang='lat' dir='ltr'><strong>ipso</strong></span> <span class='ocrx_word' id='word_1_53' title='bbox 1535 699 1816 764; x_wconf 85' lang='lat' dir='ltr'><strong>comitatu,</strong></span> <span class='ocrx_word' id='word_1_54' title='bbox 1865 699 1919 753; x_wconf 92' lang='lat' dir='ltr'><strong>in</strong></span> <span class='ocrx_word' id='word_1_55' title='bbox 1968 715 2076 769; x_wconf 86' lang='lat' dir='ltr'><strong>quo</strong></span> 
     </span>
    </p>
   </div>
   <div class='ocr_carea' id='block_1_9' title="bbox 494 769 2075 838">
    <p class='ocr_par' dir='ltr' id='par_1_9' title="bbox 494 769 2075 838">
     <span class='ocr_line' id='line_1_9' title="bbox 494 769 2075 838; baseline -0.001 -13"><span class='ocrx_word' id='word_1_56' title='bbox 494 789 601 834; x_wconf 89' lang='lat' dir='ltr'><strong>res,</strong></span> <span class='ocrx_word' id='word_1_57' title='bbox 635 771 774 824; x_wconf 87' lang='lat' dir='ltr'><strong>unde</strong></span> <span class='ocrx_word' id='word_1_58' title='bbox 811 784 973 824; x_wconf 80' lang='lat' dir='ltr'><strong>causa</strong></span> <span class='ocrx_word' id='word_1_59' title='bbox 999 771 1197 837; x_wconf 82' lang='lat' dir='ltr'><strong>agitur,</strong></span> <span class='ocrx_word' id='word_1_60' title='bbox 1246 774 1454 838; x_wconf 77' lang='lat' dir='ltr'><strong>positae</strong></span> <span class='ocrx_word' id='word_1_61' title='bbox 1489 779 1642 833; x_wconf 89' lang='lat' dir='ltr'><strong>sunt;</strong></span> <span class='ocrx_word' id='word_1_62' title='bbox 1679 769 1805 838; x_wconf 84' lang='lat' dir='ltr'><strong>quia</strong></span> <span class='ocrx_word' id='word_1_63' title='bbox 1843 785 1952 824; x_wconf 88' lang='lat' dir='ltr'><strong>non</strong></span> <span class='ocrx_word' id='word_1_64' title='bbox 1991 780 2075 824; x_wconf 85' lang='lat' dir='ltr'><strong>est</strong></span> 
     </span>
    </p>
   </div>
   <div class='ocr_carea' id='block_1_10' title="bbox 491 839 2077 908">
    <p class='ocr_par' dir='ltr' id='par_1_10' title="bbox 491 839 2077 908">
     <span class='ocr_line' id='line_1_10' title="bbox 491 839 2077 908; baseline 0 -12"><span class='ocrx_word' id='word_1_65' title='bbox 491 841 770 903; x_wconf 78' lang='lat' dir='ltr'><strong>credibile,</strong></span> <span class='ocrx_word' id='word_1_66' title='bbox 799 850 858 893; x_wconf 93' lang='lat' dir='ltr'><strong>ut</strong></span> <span class='ocrx_word' id='word_1_67' title='bbox 883 841 966 893; x_wconf 85' lang='lat' dir='ltr'><strong>vel</strong></span> <span class='ocrx_word' id='word_1_68' title='bbox 989 841 1053 895; x_wconf 92' lang='lat' dir='ltr'><strong>de</strong></span> <span class='ocrx_word' id='word_1_69' title='bbox 1087 849 1226 894; x_wconf 90' lang='lat' dir='ltr'><strong>statu</strong></span> <span class='ocrx_word' id='word_1_70' title='bbox 1270 841 1504 895; x_wconf 88' lang='lat' dir='ltr'><strong>hominis</strong></span> <span class='ocrx_word' id='word_1_71' title='bbox 1532 840 1614 893; x_wconf 85' lang='lat' dir='ltr'><strong>vel</strong></span> <span class='ocrx_word' id='word_1_72' title='bbox 1636 841 1701 893; x_wconf 87' lang='lat' dir='ltr'><strong>de</strong></span> <span class='ocrx_word' id='word_1_73' title='bbox 1737 839 2077 908; x_wconf 84' lang='lat' dir='ltr'><strong>possessione</strong></span> 
     </span>
    </p>
   </div>
   <div class='ocr_carea' id='block_1_11' title="bbox 491 910 2078 979">
    <p class='ocr_par' dir='ltr' id='par_1_11' title="bbox 491 910 2078 979">
     <span class='ocr_line' id='line_1_11' title="bbox 491 910 2078 979; baseline -0.001 -13"><span class='ocrx_word' id='word_1_74' title='bbox 491 911 778 966; x_wconf 86' lang='lat' dir='ltr'><strong>cuiuslibet</strong></span> <span class='ocrx_word' id='word_1_75' title='bbox 819 925 916 979; x_wconf 88' lang='lat' dir='ltr'><strong>per</strong></span> <span class='ocrx_word' id='word_1_76' title='bbox 945 912 1078 964; x_wconf 90' lang='lat' dir='ltr'><strong>alios</strong></span> <span class='ocrx_word' id='word_1_77' title='bbox 1105 911 1297 965; x_wconf 92' lang='lat' dir='ltr'><strong>melius</strong></span> <span class='ocrx_word' id='word_1_78' title='bbox 1323 912 1401 965; x_wconf 85' lang='lat' dir='ltr'><strong>rei</strong></span> <span class='ocrx_word' id='word_1_79' title='bbox 1450 911 1649 964; x_wconf 88' lang='lat' dir='ltr'><strong>veritas</strong></span> <span class='ocrx_word' id='word_1_80' title='bbox 1689 910 1940 979; x_wconf 81' lang='lat' dir='ltr'><strong>cognosci</strong></span> <span class='ocrx_word' id='word_1_81' title='bbox 1984 926 2078 964; x_wconf 85' lang='lat' dir='ltr'><strong>va-</strong></span> 
     </span>
    </p>
   </div>
   <div class='ocr_carea' id='block_1_12' title="bbox 492 980 2076 1051">
    <p class='ocr_par' dir='ltr' id='par_1_12' title="bbox 492 980 2076 1051">
     <span class='ocr_line' id='line_1_12' title="bbox 492 980 2076 1051; baseline 0 -17"><span class='ocrx_word' id='word_1_82' title='bbox 492 983 620 1043; x_wconf 90' lang='lat' dir='ltr'><strong>leat,</strong></span> <span class='ocrx_word' id='word_1_83' title='bbox 648 997 806 1050; x_wconf 90' lang='lat' dir='ltr'><strong>quam</strong></span> <span class='ocrx_word' id='word_1_84' title='bbox 833 996 930 1049; x_wconf 87' lang='lat' dir='ltr'><strong>per</strong></span> <span class='ocrx_word' id='word_1_85' title='bbox 955 982 1090 1044; x_wconf 90' lang='lat' dir='ltr'><strong>illos,</strong></span> <span class='ocrx_word' id='word_1_86' title='bbox 1129 981 1221 1051; x_wconf 86' lang='lat' dir='ltr'><strong>qui</strong></span> <span class='ocrx_word' id='word_1_87' title='bbox 1256 981 1543 1036; x_wconf 89' lang='lat' dir='ltr'><strong>viciniores</strong></span> <span class='ocrx_word' id='word_1_88' title='bbox 1589 989 1734 1034; x_wconf 91' lang='lat' dir='ltr'><strong>sunt.</strong></span> <span class='ocrx_word' id='word_1_89' title='bbox 1790 980 1847 1034; x_wconf 87' lang='lat' dir='ltr'><strong>Si</strong></span> <span class='ocrx_word' id='word_1_90' title='bbox 1895 988 2076 1034; x_wconf 90' lang='lat' dir='ltr'><strong>tamen</strong></span> 
     </span>
    </p>
   </div>
   <div class='ocr_carea' id='block_1_13' title="bbox 491 1051 2079 1120">
    <p class='ocr_par' dir='ltr' id='par_1_13' title="bbox 491 1051 2079 1120">
     <span class='ocr_line' id='line_1_13' title="bbox 491 1051 2079 1120; baseline -0.003 -12"><span class='ocrx_word' id='word_1_91' title='bbox 491 1052 785 1115; x_wconf 74' lang='lat' dir='ltr'><strong>contentio,</strong></span> <span class='ocrx_word' id='word_1_92' title='bbox 819 1067 956 1120; x_wconf 91' lang='lat' dir='ltr'><strong>quae</strong></span> <span class='ocrx_word' id='word_1_93' title='bbox 979 1053 1119 1106; x_wconf 92' lang='lat' dir='ltr'><strong>inter</strong></span> <span class='ocrx_word' id='word_1_94' title='bbox 1145 1067 1236 1106; x_wconf 87' lang='lat' dir='ltr'><strong>eos</strong></span> <span class='ocrx_word' id='word_1_95' title='bbox 1265 1059 1456 1106; x_wconf 81' lang='lat' dir='ltr'><strong>exorta</strong></span> <span class='ocrx_word' id='word_1_96' title='bbox 1482 1060 1584 1117; x_wconf 89' lang='lat' dir='ltr'><strong>est,</strong></span> <span class='ocrx_word' id='word_1_97' title='bbox 1619 1051 1672 1105; x_wconf 87' lang='lat' dir='ltr'><strong>in</strong></span> <span class='ocrx_word' id='word_1_98' title='bbox 1695 1051 1931 1104; x_wconf 89' lang='lat' dir='ltr'><strong>conlinio</strong></span> <span class='ocrx_word' id='word_1_99' title='bbox 1951 1051 2079 1104; x_wconf 86' lang='lat' dir='ltr'><strong>duo-</strong></span> 
     </span>
    </p>
   </div>
   <div class='ocr_carea' id='block_1_14' title="bbox 493 1121 2078 1186">
    <p class='ocr_par' dir='ltr' id='par_1_14' title="bbox 493 1121 2078 1186">
     <span class='ocr_line' id='line_1_14' title="bbox 493 1121 2078 1186; baseline -0.001 -10"><span class='ocrx_word' id='word_1_100' title='bbox 493 1138 614 1176; x_wconf 90' lang='lat' dir='ltr'><strong>rum</strong></span> <span class='ocrx_word' id='word_1_101' title='bbox 661 1122 1015 1176; x_wconf 89' lang='lat' dir='ltr'><strong>comitatuum</strong></span> <span class='ocrx_word' id='word_1_102' title='bbox 1067 1121 1247 1186; x_wconf 83' lang='lat' dir='ltr'><strong>fuerit,</strong></span> <span class='ocrx_word' id='word_1_103' title='bbox 1301 1123 1458 1176; x_wconf 90' lang='lat' dir='ltr'><strong>liceat</strong></span> <span class='ocrx_word' id='word_1_104' title='bbox 1495 1123 1575 1176; x_wconf 89' lang='lat' dir='ltr'><strong>eis</strong></span> <span class='ocrx_word' id='word_1_105' title='bbox 1624 1123 1691 1176; x_wconf 89' lang='lat' dir='ltr'><strong>de</strong></span> <span class='ocrx_word' id='word_1_106' title='bbox 1736 1121 1910 1175; x_wconf 88' lang='lat' dir='ltr'><strong>vicina</strong></span> <span class='ocrx_word' id='word_1_107' title='bbox 1951 1136 2078 1175; x_wconf 88' lang='lat' dir='ltr'><strong>ceu-</strong></span> 
     </span>
    </p>
   </div>
   <div class='ocr_carea' id='block_1_15' title="bbox 491 1191 2078 1316">
    <p class='ocr_par' dir='ltr' id='par_1_15' title="bbox 491 1191 2078 1316">
     <span class='ocr_line' id='line_1_15' title="bbox 491 1191 2078 1316; baseline 0 -70"><span class='ocrx_word' id='word_1_108' title='bbox 491 1200 618 1316; x_wconf 53' lang='lat' dir='ltr'><strong>:eqii</strong></span> <span class='ocrx_word' id='word_1_109' title='bbox 663 1191 957 1248; x_wconf 82' lang='lat' dir='ltr'><strong>adiacentis</strong></span> <span class='ocrx_word' id='word_1_110' title='bbox 995 1193 1280 1248; x_wconf 78' lang='lat' dir='ltr'><strong>comitatus</strong></span> <span class='ocrx_word' id='word_1_111' title='bbox 1337 1194 1404 1246; x_wconf 90' lang='lat' dir='ltr'><strong>ad</strong></span> <span class='ocrx_word' id='word_1_112' title='bbox 1439 1208 1659 1247; x_wconf 82' lang='lat' dir='ltr'><strong>causam</strong></span> <span class='ocrx_word' id='word_1_113' title='bbox 1706 1206 1859 1246; x_wconf 89' lang='lat' dir='ltr'><strong>suam</strong></span> <span class='ocrx_word' id='word_1_114' title='bbox 1912 1199 2078 1246; x_wconf 86' lang='lat' dir='ltr'><strong>testes</strong></span> 
     </span>
     <span class='ocr_line' id='line_1_16' title="bbox 513 1278 720 1316; baseline 0 0"><span class='ocrx_word' id='word_1_115' title='bbox 513 1278 566 1316; x_wconf 64' lang='grc' dir='ltr'><strong>ιιι</strong></span> <span class='ocrx_word' id='word_1_116' title='bbox 608 1279 720 1316; x_wconf 90' lang='lat' dir='ltr'><strong>ere.</strong></span> 
     </span>
    </p>
   </div>
   <div class='ocr_carea' id='block_1_16' title="bbox 513 1278 720 1316">
    <p class='ocr_par' dir='ltr' id='par_1_16' title="bbox 513 1278 720 1316">
     <span class='ocr_line' id='line_1_17' title="bbox 513 1278 720 1316; baseline 0 0"><span class='ocrx_word' id='word_1_117' title='bbox 513 1278 720 1316; x_wconf 63' lang='lat' dir='ltr'><strong>labere.</strong></span> 
     </span>
    </p>
   </div>
   <div class='ocr_carea' id='block_1_17' title="bbox 563 1331 2078 1402">
    <p class='ocr_par' dir='ltr' id='par_1_17' title="bbox 563 1331 2078 1402">
     <span class='ocr_line' id='line_1_18' title="bbox 563 1331 2078 1402; baseline 0 -16"><span class='ocrx_word' id='word_1_118' title='bbox 563 1333 688 1386; x_wconf 67' lang='lat'><strong>207.</strong></span> <span class='ocrx_word' id='word_1_119' title='bbox 728 1331 806 1386; x_wconf 84' lang='lat' dir='ltr'><strong>De</strong></span> <span class='ocrx_word' id='word_1_120' title='bbox 847 1341 988 1386; x_wconf 88' lang='lat' dir='ltr'><strong>terra</strong></span> <span class='ocrx_word' id='word_1_121' title='bbox 1027 1333 1325 1387; x_wconf 85' lang='lat' dir='ltr'><strong>tributaria.</strong></span> <span class='ocrx_word' id='word_1_122' title='bbox 1377 1331 1714 1402; x_wconf 86' lang='lat' dir='ltr'><strong>Quicumque</strong></span> <span class='ocrx_word' id='word_1_123' title='bbox 1743 1342 1943 1386; x_wconf 86' lang='lat' dir='ltr'><strong>terram</strong></span> <span class='ocrx_word' id='word_1_124' title='bbox 1979 1332 2078 1386; x_wconf 91' lang='lat' dir='ltr'><strong>tri-</strong></span> 
     </span>
    </p>
   </div>
   <div class='ocr_carea' id='block_1_18' title="bbox 494 1403 2078 1472">
    <p class='ocr_par' dir='ltr' id='par_1_18' title="bbox 494 1403 2078 1472">
     <span class='ocr_line' id='line_1_19' title="bbox 494 1403 2078 1472; baseline -0.001 -15"><span class='ocrx_word' id='word_1_125' title='bbox 494 1404 783 1467; x_wconf 89' lang='lat' dir='ltr'><strong>butariam,</strong></span> <span class='ocrx_word' id='word_1_126' title='bbox 814 1403 954 1458; x_wconf 90' lang='lat' dir='ltr'><strong>unde</strong></span> <span class='ocrx_word' id='word_1_127' title='bbox 996 1405 1256 1458; x_wconf 89' lang='lat' dir='ltr'><strong>tributum</strong></span> <span class='ocrx_word' id='word_1_128' title='bbox 1299 1403 1366 1457; x_wconf 89' lang='lat' dir='ltr'><strong>ad</strong></span> <span class='ocrx_word' id='word_1_129' title='bbox 1409 1412 1616 1472; x_wconf 89' lang='lat' dir='ltr'><strong>partem</strong></span> <span class='ocrx_word' id='word_1_130' title='bbox 1649 1413 1890 1458; x_wconf 88' lang='lat' dir='ltr'><strong>nostram</strong></span> <span class='ocrx_word' id='word_1_131' title='bbox 1929 1403 2078 1457; x_wconf 76' lang='lat' dir='ltr'><strong>exire</strong></span> 
     </span>
    </p>
   </div>
   <div class='ocr_carea' id='block_1_19' title="bbox 495 1473 2079 1538">
    <p class='ocr_par' dir='ltr' id='par_1_19' title="bbox 495 1473 2079 1538">
     <span class='ocr_line' id='line_1_20' title="bbox 495 1473 2079 1538; baseline 0 -10"><span class='ocrx_word' id='word_1_132' title='bbox 495 1473 722 1538; x_wconf 87' lang='lat' dir='ltr'><strong>solebat,</strong></span> <span class='ocrx_word' id='word_1_133' title='bbox 754 1473 837 1526; x_wconf 89' lang='lat' dir='ltr'><strong>vel</strong></span> <span class='ocrx_word' id='word_1_134' title='bbox 865 1473 932 1527; x_wconf 86' lang='lat' dir='ltr'><strong>ad</strong></span> <span class='ocrx_word' id='word_1_135' title='bbox 961 1473 1245 1529; x_wconf 83' lang='lat' dir='ltr'><strong>ecclesiam</strong></span> <span class='ocrx_word' id='word_1_136' title='bbox 1277 1474 1360 1528; x_wconf 85' lang='lat' dir='ltr'><strong>vel</strong></span> <span class='ocrx_word' id='word_1_137' title='bbox 1401 1474 1622 1528; x_wconf 84' lang='lat' dir='ltr'><strong>cuilibet</strong></span> <span class='ocrx_word' id='word_1_138' title='bbox 1652 1474 1808 1528; x_wconf 85' lang='lat' dir='ltr'><strong>alteri</strong></span> <span class='ocrx_word' id='word_1_139' title='bbox 1843 1473 2079 1528; x_wconf 88' lang='lat' dir='ltr'><strong>tradide-</strong></span> 
     </span>
    </p>
   </div>
   <div class='ocr_carea' id='block_1_20' title="bbox 494 1542 2077 1614">
    <p class='ocr_par' dir='ltr' id='par_1_20' title="bbox 494 1542 2077 1614">
     <span class='ocr_line' id='line_1_21' title="bbox 494 1542 2077 1614; baseline -0.001 -16"><span class='ocrx_word' id='word_1_140' title='bbox 494 1545 586 1607; x_wconf 83' lang='lat' dir='ltr'><strong>rit,</strong></span> <span class='ocrx_word' id='word_1_141' title='bbox 621 1545 666 1598; x_wconf 91' lang='lat' dir='ltr'><strong>is</strong></span> <span class='ocrx_word' id='word_1_142' title='bbox 695 1544 786 1613; x_wconf 87' lang='lat' dir='ltr'><strong>qui</strong></span> <span class='ocrx_word' id='word_1_143' title='bbox 809 1559 927 1598; x_wconf 84' lang='lat' dir='ltr'><strong>eam</strong></span> <span class='ocrx_word' id='word_1_144' title='bbox 959 1543 1274 1614; x_wconf 86' lang='lat' dir='ltr'><strong>susceperit,</strong></span> <span class='ocrx_word' id='word_1_145' title='bbox 1305 1546 1564 1600; x_wconf 89' lang='lat' dir='ltr'><strong>tributum</strong></span> <span class='ocrx_word' id='word_1_146' title='bbox 1587 1545 1729 1614; x_wconf 88' lang='lat' dir='ltr'><strong>quod</strong></span> <span class='ocrx_word' id='word_1_147' title='bbox 1757 1544 1880 1598; x_wconf 90' lang='lat' dir='ltr'><strong>inde</strong></span> <span class='ocrx_word' id='word_1_148' title='bbox 1901 1542 2077 1614; x_wconf 42' lang='lat' dir='ltr'><strong>solve:</strong></span> 
     </span>
    </p>
   </div>
   <div class='ocr_carea' id='block_1_21' title="bbox 495 1613 2076 1685">
    <p class='ocr_par' dir='ltr' id='par_1_21' title="bbox 495 1613 2076 1685">
     <span class='ocr_line' id='line_1_22' title="bbox 495 1613 2076 1685; baseline 0.001 -18"><span class='ocrx_word' id='word_1_149' title='bbox 495 1614 658 1685; x_wconf 81' lang='lat' dir='ltr'><strong>batur</strong></span> <span class='ocrx_word' id='word_1_150' title='bbox 679 1615 824 1685; x_wconf 89' lang='lat' dir='ltr'><strong>omni</strong></span> <span class='ocrx_word' id='word_1_151' title='bbox 853 1615 1009 1669; x_wconf 91' lang='lat' dir='ltr'><strong>modo</strong></span> <span class='ocrx_word' id='word_1_152' title='bbox 1033 1616 1098 1668; x_wconf 89' lang='lat' dir='ltr'><strong>ad</strong></span> <span class='ocrx_word' id='word_1_153' title='bbox 1119 1613 1330 1684; x_wconf 86' lang='lat' dir='ltr'><strong>partem</strong></span> <span class='ocrx_word' id='word_1_154' title='bbox 1361 1613 1618 1669; x_wconf 81' lang='lat' dir='ltr'><strong>nostram</strong></span> <span class='ocrx_word' id='word_1_155' title='bbox 1636 1615 1935 1685; x_wconf 86' lang='lat' dir='ltr'><strong>persolvat;</strong></span> <span class='ocrx_word' id='word_1_156' title='bbox 1971 1613 2076 1668; x_wconf 89' lang='lat' dir='ltr'><strong>nisi</strong></span> 
     </span>
    </p>
   </div>
   <div class='ocr_carea' id='block_1_22' title="bbox 495 1682 2072 1754">
    <p class='ocr_par' dir='ltr' id='par_1_22' title="bbox 495 1682 2072 1754">
     <span class='ocr_line' id='line_1_23' title="bbox 495 1682 2072 1754; baseline 0 -18"><span class='ocrx_word' id='word_1_157' title='bbox 495 1682 636 1738; x_wconf 79' lang='lat' dir='ltr'><strong>forte</strong></span> <span class='ocrx_word' id='word_1_158' title='bbox 682 1684 842 1737; x_wconf 86' lang='lat' dir='ltr'><strong>talem</strong></span> <span class='ocrx_word' id='word_1_159' title='bbox 891 1682 1198 1738; x_wconf 82' lang='lat' dir='ltr'><strong>ﬁrmitatem</strong></span> <span class='ocrx_word' id='word_1_160' title='bbox 1239 1686 1304 1740; x_wconf 93' lang='lat' dir='ltr'><strong>de</strong></span> <span class='ocrx_word' id='word_1_161' title='bbox 1350 1693 1504 1754; x_wconf 85' lang='lat' dir='ltr'><strong>parte</strong></span> <span class='ocrx_word' id='word_1_162' title='bbox 1541 1682 1810 1740; x_wconf 84' lang='lat' dir='ltr'><strong>dominica</strong></span> <span class='ocrx_word' id='word_1_163' title='bbox 1859 1685 2072 1747; x_wconf 86' lang='lat' dir='ltr'><strong>habeat,</strong></span> 
     </span>
    </p>
   </div>
   <div class='ocr_carea' id='block_1_23' title="bbox 2183 485 3771 559">
    <p class='ocr_par' dir='ltr' id='par_1_23' title="bbox 2183 485 3771 559">
     <span class='ocr_line' id='line_1_24' title="bbox 2183 485 3771 559; baseline -0.003 -14"><span class='ocrx_word' id='word_1_164' title='bbox 2183 493 2235 545; x_wconf 93' lang='lat' dir='ltr'><strong>in</strong></span> <span class='ocrx_word' id='word_1_165' title='bbox 2289 491 2508 559; x_wconf 75' lang='lat' dir='ltr'><strong>triginta</strong></span> <span class='ocrx_word' id='word_1_166' title='bbox 2549 505 2644 544; x_wconf 79' lang='lat' dir='ltr'><strong>sex</strong></span> <span class='ocrx_word' id='word_1_167' title='bbox 2689 505 2792 544; x_wconf 92' lang='lat' dir='ltr'><strong>non</strong></span> <span class='ocrx_word' id='word_1_168' title='bbox 2835 488 3301 543; x_wconf 89' lang='lat' dir='ltr'><strong>condcmnabitur.</strong></span> <span class='ocrx_word' id='word_1_169' title='bbox 3367 485 3771 559; x_wconf 82' lang='lat' dir='ltr'><strong>Subdiaconus,</strong></span> 
     </span>
    </p>
   </div>
   <div class='ocr_carea' id='block_1_24' title="bbox 2180 556 3769 624">
    <p class='ocr_par' dir='ltr' id='par_1_24' title="bbox 2180 556 3769 624">
     <span class='ocr_line' id='line_1_25' title="bbox 2180 556 3769 624; baseline -0.004 -9"><span class='ocrx_word' id='word_1_170' title='bbox 2180 556 2424 622; x_wconf 80' lang='lat' dir='ltr'><strong>acolitus,</strong></span> <span class='ocrx_word' id='word_1_171' title='bbox 2459 561 2747 624; x_wconf 77' lang='lat' dir='ltr'><strong>exorcista,</strong></span> <span class='ocrx_word' id='word_1_172' title='bbox 2789 560 2976 620; x_wconf 87' lang='lat' dir='ltr'><strong>lector,</strong></span> <span class='ocrx_word' id='word_1_173' title='bbox 3021 559 3145 622; x_wconf 89' lang='lat' dir='ltr'><strong>nisi,</strong></span> <span class='ocrx_word' id='word_1_174' title='bbox 3182 559 3322 611; x_wconf 88' lang='lat' dir='ltr'><strong>sicut</strong></span> <span class='ocrx_word' id='word_1_175' title='bbox 3360 556 3625 624; x_wconf 90' lang='lat' dir='ltr'><strong>scriptum</strong></span> <span class='ocrx_word' id='word_1_176' title='bbox 3666 567 3769 622; x_wconf 75' lang='lat' dir='ltr'><strong>est,</strong></span> 
     </span>
    </p>
   </div>
   <div class='ocr_carea' id='block_1_25' title="bbox 2179 627 3776 701">
    <p class='ocr_par' dir='ltr' id='par_1_25' title="bbox 2179 627 3776 701">
     <span class='ocr_line' id='line_1_26' title="bbox 2179 627 3776 701; baseline -0.003 -15"><span class='ocrx_word' id='word_1_177' title='bbox 2179 632 2234 686; x_wconf 90' lang='lat' dir='ltr'><strong>in</strong></span> <span class='ocrx_word' id='word_1_178' title='bbox 2288 641 2491 701; x_wconf 87' lang='lat' dir='ltr'><strong>septem</strong></span> <span class='ocrx_word' id='word_1_179' title='bbox 2537 630 2860 684; x_wconf 87' lang='lat' dir='ltr'><strong>testimoniis</strong></span> <span class='ocrx_word' id='word_1_180' title='bbox 2901 627 3040 701; x_wconf 84' lang='lat' dir='ltr'><strong>ﬁlios</strong></span> <span class='ocrx_word' id='word_1_181' title='bbox 3085 629 3445 701; x_wconf 69' lang='lat' dir='ltr'><strong>habenteset</strong></span> <span class='ocrx_word' id='word_1_182' title='bbox 3481 639 3776 701; x_wconf 76' lang='lat' dir='ltr'><strong>uxoreset</strong></span> 
     </span>
    </p>
   </div>
   <div class='ocr_carea' id='block_1_26' title="bbox 2177 697 3772 770">
    <p class='ocr_par' dir='ltr' id='par_1_26' title="bbox 2177 697 3772 770">
     <span class='ocr_line' id='line_1_27' title="bbox 2177 697 3772 770; baseline -0.003 -14"><span class='ocrx_word' id='word_1_183' title='bbox 2177 697 2398 757; x_wconf 80' lang='lat' dir='ltr'><strong>omnino</strong></span> <span class='ocrx_word' id='word_1_184' title='bbox 2449 702 2725 756; x_wconf 87' lang='lat' dir='ltr'><strong>Christum</strong></span> <span class='ocrx_word' id='word_1_185' title='bbox 2759 699 3151 770; x_wconf 87' lang='lat' dir='ltr'><strong>praedicantes.</strong></span> <span class='ocrx_word' id='word_1_186' title='bbox 3201 697 3294 752; x_wconf 91' lang='lat' dir='ltr'><strong>Sic</strong></span> <span class='ocrx_word' id='word_1_187' title='bbox 3339 698 3500 752; x_wconf 87' lang='lat' dir='ltr'><strong>datur</strong></span> <span class='ocrx_word' id='word_1_188' title='bbox 3543 698 3772 768; x_wconf 76' lang='lat' dir='ltr'><strong>mystica</strong></span> 
     </span>
    </p>
   </div>
   <div class='ocr_carea' id='block_1_27' title="bbox 2179 773 2399 827">
    <p class='ocr_par' dir='ltr' id='par_1_27' title="bbox 2179 773 2399 827">
     <span class='ocr_line' id='line_1_28' title="bbox 2179 773 2399 827; baseline -0.005 -1"><span class='ocrx_word' id='word_1_189' title='bbox 2179 773 2399 827; x_wconf 88' lang='lat' dir='ltr'><strong>veritas.</strong></span> 
     </span>
    </p>
   </div>
   <div class='ocr_carea' id='block_1_28' title="bbox 2247 836 3775 911">
    <p class='ocr_par' dir='ltr' id='par_1_28' title="bbox 2247 836 3775 911">
     <span class='ocr_line' id='line_1_29' title="bbox 2247 836 3775 911; baseline -0.005 -13"><span class='ocrx_word' id='word_1_190' title='bbox 2247 845 2372 898; x_wconf 91' lang='grc'>505.</span> <span class='ocrx_word' id='word_1_191' title='bbox 2401 842 2484 896; x_wconf 72' lang='lat' dir='ltr'><strong>Ea:</strong></span> <span class='ocrx_word' id='word_1_192' title='bbox 2505 839 2748 911; x_wconf 85' lang='lat' dir='ltr'><strong>capitulis</strong></span> <span class='ocrx_word' id='word_1_193' title='bbox 2764 839 2942 893; x_wconf 83' lang='lat' dir='ltr'><strong>damni</strong></span> <span class='ocrx_word' id='word_1_194' title='bbox 2963 837 3162 901; x_wconf 84' lang='lat' dir='ltr'><strong>Karoli,</strong></span> <span class='ocrx_word' id='word_1_195' title='bbox 3177 836 3406 910; x_wconf 81' lang='lat' dir='ltr'><strong>qualiter</strong></span> <span class='ocrx_word' id='word_1_196' title='bbox 3421 852 3487 891; x_wconf 72' lang='lat' dir='ltr'><strong>ex</strong></span> <span class='ocrx_word' id='word_1_197' title='bbox 3499 837 3666 911; x_wconf 68' lang='lat' dir='ltr'><strong>factis</strong></span> <span class='ocrx_word' id='word_1_198' title='bbox 3680 847 3775 891; x_wconf 85' lang='lat' dir='ltr'><strong>aut</strong></span> 
     </span>
    </p>
   </div>
   <div class='ocr_carea' id='block_1_29' title="bbox 2178 908 3778 981">
    <p class='ocr_par' dir='ltr' id='par_1_29' title="bbox 2178 908 3778 981">
     <span class='ocr_line' id='line_1_30' title="bbox 2178 908 3778 981; baseline -0.003 -15"><span class='ocrx_word' id='word_1_199' title='bbox 2178 913 2374 966; x_wconf 86' lang='lat' dir='ltr'><strong>mansis</strong></span> <span class='ocrx_word' id='word_1_200' title='bbox 2421 911 2496 966; x_wconf 88' lang='lat' dir='ltr'><strong>vel</strong></span> <span class='ocrx_word' id='word_1_201' title='bbox 2534 908 2734 981; x_wconf 78' lang='lat' dir='ltr'><strong>quartis</strong></span> <span class='ocrx_word' id='word_1_202' title='bbox 2775 911 2795 940; x_wconf 84' lang='grc'>³</span> <span class='ocrx_word' id='word_1_203' title='bbox 2832 925 3116 980; x_wconf 85' lang='lat' dir='ltr'><strong>manopera</strong></span> <span class='ocrx_word' id='word_1_204' title='bbox 3163 908 3222 981; x_wconf 58' lang='lat' dir='ltr'><strong>et</strong></span> <span class='ocrx_word' id='word_1_205' title='bbox 3258 915 3543 981; x_wconf 76' lang='lat' dir='ltr'><strong>censusoc</strong></span> <span class='ocrx_word' id='word_1_206' title='bbox 3575 908 3778 981; x_wconf 77' lang='lat' dir='ltr'><strong>tributa</strong></span> 
     </span>
    </p>
   </div>
   <div class='ocr_carea' id='block_1_30' title="bbox 2179 977 3778 1053">
    <p class='ocr_par' dir='ltr' id='par_1_30' title="bbox 2179 977 3778 1053">
     <span class='ocr_line' id='line_1_31' title="bbox 2179 977 3778 1053; baseline -0.003 -17"><span class='ocrx_word' id='word_1_207' title='bbox 2179 995 2332 1053; x_wconf 85' lang='lat' dir='ltr'><strong>atque</strong></span> <span class='ocrx_word' id='word_1_208' title='bbox 2359 977 2556 1052; x_wconf 80' lang='lat' dir='ltr'><strong>reliqua</strong></span> <span class='ocrx_word' id='word_1_209' title='bbox 2583 981 2795 1053; x_wconf 72' lang='lat' dir='ltr'><strong>servitia</strong></span> <span class='ocrx_word' id='word_1_210' title='bbox 2828 977 3125 1053; x_wconf 55' lang='lat' dir='ltr'><strong>erigantur.</strong></span> <span class='ocrx_word' id='word_1_211' title='bbox 3163 978 3268 1053; x_wconf 73' lang='lat' dir='ltr'><strong>Pro</strong></span> <span class='ocrx_word' id='word_1_212' title='bbox 3304 977 3778 1053; x_wconf 75' lang='lat' dir='ltr'><strong>nimia_re_clama-</strong></span> 
     </span>
    </p>
   </div>
   <div class='ocr_carea' id='block_1_31' title="bbox 2179 1048 3780 1122">
    <p class='ocr_par' dir='ltr' id='par_1_31' title="bbox 2179 1048 3780 1122">
     <span class='ocr_line' id='line_1_32' title="bbox 2179 1048 3780 1122; baseline -0.002 -17"><span class='ocrx_word' id='word_1_213' title='bbox 2179 1048 2344 1116; x_wconf 80' lang='lat' dir='ltr'><strong>tione,</strong></span> <span class='ocrx_word' id='word_1_214' title='bbox 2371 1048 2509 1122; x_wconf 85' lang='lat' dir='ltr'><strong>quae</strong></span> <span class='ocrx_word' id='word_1_215' title='bbox 2541 1051 2607 1105; x_wconf 91' lang='lat' dir='ltr'><strong>ad</strong></span> <span class='ocrx_word' id='word_1_216' title='bbox 2640 1066 2739 1122; x_wconf 83' lang='lat' dir='ltr'><strong>nos</strong></span> <span class='ocrx_word' id='word_1_217' title='bbox 2765 1048 2926 1103; x_wconf 79' lang='lat' dir='ltr'><strong>venit</strong></span> <span class='ocrx_word' id='word_1_218' title='bbox 2945 1049 3010 1104; x_wconf 89' lang='lat' dir='ltr'><strong>de</strong></span> <span class='ocrx_word' id='word_1_219' title='bbox 3033 1049 3340 1122; x_wconf 79' lang='lat' dir='ltr'><strong>hominibus</strong></span> <span class='ocrx_word' id='word_1_220' title='bbox 3381 1048 3780 1122; x_wconf 70' lang='lat' dir='ltr'><strong>ecclesiasticis</strong></span> 
     </span>
    </p>
   </div>
   <div class='ocr_carea' id='block_1_32' title="bbox 2179 1117 3777 1190">
    <p class='ocr_par' dir='ltr' id='par_1_32' title="bbox 2179 1117 3777 1190">
     <span class='ocr_line' id='line_1_33' title="bbox 2179 1117 3777 1190; baseline -0.004 -12"><span class='ocrx_word' id='word_1_221' title='bbox 2179 1137 2275 1178; x_wconf 89' lang='lat' dir='ltr'><strong>seu</strong></span> <span class='ocrx_word' id='word_1_222' title='bbox 2317 1117 2588 1184; x_wconf 78' lang='lat' dir='ltr'><strong>ﬁscalinis,</strong></span> <span class='ocrx_word' id='word_1_223' title='bbox 2639 1121 2730 1190; x_wconf 91' lang='lat' dir='ltr'><strong>qui</strong></span> <span class='ocrx_word' id='word_1_224' title='bbox 2777 1136 2883 1190; x_wconf 88' lang='lat' dir='ltr'><strong>non</strong></span> <span class='ocrx_word' id='word_1_225' title='bbox 2929 1129 3086 1174; x_wconf 89' lang='lat' dir='ltr'><strong>erant</strong></span> <span class='ocrx_word' id='word_1_226' title='bbox 3130 1118 3418 1184; x_wconf 88' lang='lat' dir='ltr'><strong>adiumati,</strong></span> <span class='ocrx_word' id='word_1_227' title='bbox 3442 1117 3678 1190; x_wconf 88' lang='lat' dir='ltr'><strong>quando</strong></span> <span class='ocrx_word' id='word_1_228' title='bbox 3721 1120 3777 1172; x_wconf 90' lang='lat' dir='ltr'><strong>in</strong></span> 
     </span>
    </p>
   </div>
   <div class='ocr_carea' id='block_1_33' title="bbox 2179 1189 3776 1260">
    <p class='ocr_par' dir='ltr' id='par_1_33' title="bbox 2179 1189 3776 1260">
     <span class='ocr_line' id='line_1_34' title="bbox 2179 1189 3776 1260; baseline -0.004 -12"><span class='ocrx_word' id='word_1_229' title='bbox 2179 1193 2576 1248; x_wconf 86' lang='lat' dir='ltr'><strong>Cenomannico</strong></span> <span class='ocrx_word' id='word_1_230' title='bbox 2599 1189 2739 1260; x_wconf 81' lang='lat' dir='ltr'><strong>pago</strong></span> <span class='ocrx_word' id='word_1_231' title='bbox 2765 1189 2985 1255; x_wconf 81' lang='lat' dir='ltr'><strong>fuimus,</strong></span> <span class='ocrx_word' id='word_1_232' title='bbox 3016 1191 3192 1244; x_wconf 82' lang='lat' dir='ltr'><strong>visum</strong></span> <span class='ocrx_word' id='word_1_233' title='bbox 3219 1197 3302 1244; x_wconf 89' lang='lat' dir='ltr'><strong>est</strong></span> <span class='ocrx_word' id='word_1_234' title='bbox 3328 1189 3484 1244; x_wconf 89' lang='lat' dir='ltr'><strong>nobis</strong></span> <span class='ocrx_word' id='word_1_235' title='bbox 3509 1203 3614 1242; x_wconf 81' lang='lat' dir='ltr'><strong>una</strong></span> <span class='ocrx_word' id='word_1_236' title='bbox 3647 1203 3776 1242; x_wconf 88' lang='lat' dir='ltr'><strong>cum</strong></span> 
     </span>
    </p>
   </div>
   <div class='ocr_carea' id='block_1_34' title="bbox 2179 1261 3776 1328">
    <p class='ocr_par' dir='ltr' id='par_1_34' title="bbox 2179 1261 3776 1328">
     <span class='ocr_line' id='line_1_35' title="bbox 2179 1261 3776 1328; baseline -0.004 -9"><span class='ocrx_word' id='word_1_237' title='bbox 2179 1265 2429 1319; x_wconf 87' lang='lat' dir='ltr'><strong>consultu</strong></span> <span class='ocrx_word' id='word_1_238' title='bbox 2464 1262 2702 1318; x_wconf 89' lang='lat' dir='ltr'><strong>ﬁdelium</strong></span> <span class='ocrx_word' id='word_1_239' title='bbox 2740 1270 3048 1317; x_wconf 89' lang='lat' dir='ltr'><strong>nostrorum</strong></span> <span class='ocrx_word' id='word_1_240' title='bbox 3081 1268 3338 1325; x_wconf 84' lang='lat' dir='ltr'><strong>statuere,</strong></span> <span class='ocrx_word' id='word_1_241' title='bbox 3365 1269 3426 1312; x_wconf 91' lang='lat' dir='ltr'><strong>ut</strong></span> <span class='ocrx_word' id='word_1_242' title='bbox 3458 1261 3776 1328; x_wconf 86' lang='lat' dir='ltr'><strong>quicunque</strong></span> 
     </span>
    </p>
   </div>
   <div class='ocr_carea' id='block_1_35' title="bbox 2179 1329 3778 1405">
    <p class='ocr_par' dir='ltr' id='par_1_35' title="bbox 2179 1329 3778 1405">
     <span class='ocr_line' id='line_1_36' title="bbox 2179 1329 3778 1405; baseline -0.004 -16"><span class='ocrx_word' id='word_1_243' title='bbox 2179 1335 2246 1389; x_wconf 91' lang='lat' dir='ltr'><strong>de</strong></span> <span class='ocrx_word' id='word_1_244' title='bbox 2272 1333 2560 1405; x_wconf 83' lang='lat' dir='ltr'><strong>praedictis</strong></span> <span class='ocrx_word' id='word_1_245' title='bbox 2590 1332 2898 1405; x_wconf 81' lang='lat' dir='ltr'><strong>hominibus</strong></span> <span class='ocrx_word' id='word_1_246' title='bbox 2920 1339 3167 1405; x_wconf 84' lang='lat' dir='ltr'><strong>quartam</strong></span> <span class='ocrx_word' id='word_1_247' title='bbox 3205 1329 3333 1384; x_wconf 76' lang='lat' dir='ltr'><strong>facti</strong></span> <span class='ocrx_word' id='word_1_248' title='bbox 3381 1337 3527 1405; x_wconf 81' lang='lat' dir='ltr'><strong>tenet</strong></span> <span class='ocrx_word' id='word_1_249' title='bbox 3560 1329 3603 1394; x_wconf 75' lang='grc'><strong>⁵,</strong></span> <span class='ocrx_word' id='word_1_250' title='bbox 3644 1345 3778 1385; x_wconf 90' lang='lat' dir='ltr'><strong>cum</strong></span> 
     </span>
    </p>
   </div>
   <div class='ocr_carea' id='block_1_36' title="bbox 2178 1399 3778 1470">
    <p class='ocr_par' dir='ltr' id='par_1_36' title="bbox 2178 1399 3778 1470">
     <span class='ocr_line' id='line_1_37' title="bbox 2178 1399 3778 1470; baseline -0.003 -11"><span class='ocrx_word' id='word_1_251' title='bbox 2178 1399 2292 1459; x_wconf 77' lang='lat' dir='ltr'><strong>suis</strong></span> <span class='ocrx_word' id='word_1_252' title='bbox 2317 1403 2642 1459; x_wconf 89' lang='lat' dir='ltr'><strong>animalibus</strong></span> <span class='ocrx_word' id='word_1_253' title='bbox 2670 1403 2869 1456; x_wconf 88' lang='lat' dir='ltr'><strong>seniori</strong></span> <span class='ocrx_word' id='word_1_254' title='bbox 2895 1399 2993 1456; x_wconf 80' lang='lat' dir='ltr'><strong>suo</strong></span> <span class='ocrx_word' id='word_1_255' title='bbox 3023 1402 3256 1470; x_wconf 88' lang='lat' dir='ltr'><strong>pleniter</strong></span> <span class='ocrx_word' id='word_1_256' title='bbox 3280 1416 3446 1454; x_wconf 89' lang='lat' dir='ltr'><strong>unum</strong></span> <span class='ocrx_word' id='word_1_257' title='bbox 3471 1399 3613 1453; x_wconf 88' lang='lat' dir='ltr'><strong>diem</strong></span> <span class='ocrx_word' id='word_1_258' title='bbox 3646 1415 3778 1454; x_wconf 88' lang='lat' dir='ltr'><strong>cum</strong></span> 
     </span>
    </p>
   </div>
   <div class='ocr_carea' id='block_1_37' title="bbox 2179 1470 3779 1542">
    <p class='ocr_par' dir='ltr' id='par_1_37' title="bbox 2179 1470 3779 1542">
     <span class='ocr_line' id='line_1_38' title="bbox 2179 1470 3779 1542; baseline -0.002 -13"><span class='ocrx_word' id='word_1_259' title='bbox 2179 1491 2279 1530; x_wconf 91' lang='lat' dir='ltr'><strong>suo</strong></span> <span class='ocrx_word' id='word_1_260' title='bbox 2303 1484 2486 1530; x_wconf 88' lang='lat' dir='ltr'><strong>aratro</strong></span> <span class='ocrx_word' id='word_1_261' title='bbox 2511 1474 2565 1527; x_wconf 90' lang='lat' dir='ltr'><strong>in</strong></span> <span class='ocrx_word' id='word_1_262' title='bbox 2591 1487 2781 1542; x_wconf 88' lang='lat' dir='ltr'><strong>campo</strong></span> <span class='ocrx_word' id='word_1_263' title='bbox 2811 1473 3080 1527; x_wconf 90' lang='lat' dir='ltr'><strong>dominico</strong></span> <span class='ocrx_word' id='word_1_264' title='bbox 3118 1478 3236 1526; x_wconf 87' lang='lat' dir='ltr'><strong>aret</strong></span> <span class='ocrx_word' id='word_1_265' title='bbox 3265 1479 3322 1542; x_wconf 85' lang='lat' dir='ltr'><strong>et</strong></span> <span class='ocrx_word' id='word_1_266' title='bbox 3348 1479 3536 1540; x_wconf 91' lang='lat' dir='ltr'><strong>postea</strong></span> <span class='ocrx_word' id='word_1_267' title='bbox 3567 1470 3779 1542; x_wconf 88' lang='lat' dir='ltr'><strong>nullum</strong></span> 
     </span>
    </p>
   </div>
   <div class='ocr_carea' id='block_1_38' title="bbox 2179 1541 3780 1612">
    <p class='ocr_par' dir='ltr' id='par_1_38' title="bbox 2179 1541 3780 1612">
     <span class='ocr_line' id='line_1_39' title="bbox 2179 1541 3780 1612; baseline -0.004 -12"><span class='ocrx_word' id='word_1_268' title='bbox 2179 1546 2456 1600; x_wconf 85' lang='lat' dir='ltr'><strong>servitium</strong></span> <span class='ocrx_word' id='word_1_269' title='bbox 2503 1543 2553 1598; x_wconf 89' lang='lat' dir='ltr'><strong>ei</strong></span> <span class='ocrx_word' id='word_1_270' title='bbox 2596 1541 2826 1598; x_wconf 86' lang='lat' dir='ltr'><strong>annuale</strong></span> <span class='ocrx_word' id='word_1_271' title='bbox 2872 1543 2927 1596; x_wconf 91' lang='lat' dir='ltr'><strong>in</strong></span> <span class='ocrx_word' id='word_1_272' title='bbox 2973 1543 3087 1612; x_wconf 79' lang='lat' dir='ltr'><strong>ipsa</strong></span> <span class='ocrx_word' id='word_1_273' title='bbox 3141 1541 3473 1612; x_wconf 88' lang='lat' dir='ltr'><strong>hebdomada</strong></span> <span class='ocrx_word' id='word_1_274' title='bbox 3502 1555 3532 1594; x_wconf 88' lang='lat' dir='ltr'><strong>a</strong></span> <span class='ocrx_word' id='word_1_275' title='bbox 3561 1541 3780 1612; x_wconf 85' lang='lat' dir='ltr'><strong>seniore</strong></span> 
     </span>
    </p>
   </div>
   <div class='ocr_carea' id='block_1_39' title="bbox 2178 1611 3781 1685">
    <p class='ocr_par' dir='ltr' id='par_1_39' title="bbox 2178 1611 3781 1685">
     <span class='ocr_line' id='line_1_40' title="bbox 2178 1611 3781 1685; baseline -0.004 -15"><span class='ocrx_word' id='word_1_276' title='bbox 2178 1631 2278 1672; x_wconf 91' lang='lat' dir='ltr'><strong>suo</strong></span> <span class='ocrx_word' id='word_1_277' title='bbox 2303 1615 2628 1685; x_wconf 88' lang='lat' dir='ltr'><strong>requiratur.</strong></span> <span class='ocrx_word' id='word_1_278' title='bbox 2667 1613 2735 1667; x_wconf 86' lang='lat' dir='ltr'><strong>Et</strong></span> <span class='ocrx_word' id='word_1_279' title='bbox 2759 1613 2851 1682; x_wconf 91' lang='lat' dir='ltr'><strong>qui</strong></span> <span class='ocrx_word' id='word_1_280' title='bbox 2891 1611 3040 1668; x_wconf 79' lang='lat' dir='ltr'><strong>tanta</strong></span> <span class='ocrx_word' id='word_1_281' title='bbox 3067 1611 3459 1685; x_wconf 69' lang='lat' dir='ltr'><strong>animaljauon</strong></span> <span class='ocrx_word' id='word_1_282' title='bbox 3488 1611 3678 1685; x_wconf 79' lang='lat' dir='ltr'><strong>habet,</strong></span> <span class='ocrx_word' id='word_1_283' title='bbox 3722 1620 3781 1664; x_wconf 87' lang='lat' dir='ltr'><strong>ut</strong></span> 
     </span>
    </p>
   </div>
   <div class='ocr_carea' id='block_1_40' title="bbox 2179 1680 3780 1753">
    <p class='ocr_par' dir='ltr' id='par_1_40' title="bbox 2179 1680 3780 1753">
     <span class='ocr_line' id='line_1_41' title="bbox 2179 1680 3780 1753; baseline -0.004 -13"><span class='ocrx_word' id='word_1_284' title='bbox 2179 1686 2234 1740; x_wconf 88' lang='lat' dir='ltr'><strong>in</strong></span> <span class='ocrx_word' id='word_1_285' title='bbox 2261 1680 2486 1742; x_wconf 50' lang='lat' dir='ltr'><strong>uno—die</strong></span> <span class='ocrx_word' id='word_1_286' title='bbox 2523 1685 2626 1740; x_wconf 88' lang='lat' dir='ltr'><strong>hoc</strong></span> <span class='ocrx_word' id='word_1_287' title='bbox 2655 1680 2871 1753; x_wconf 78' lang='lat' dir='ltr'><strong>explere</strong></span> <span class='ocrx_word' id='word_1_288' title='bbox 2909 1684 3116 1749; x_wconf 87' lang='lat' dir='ltr'><strong>valeat,</strong></span> <span class='ocrx_word' id='word_1_289' title='bbox 3159 1680 3402 1753; x_wconf 85' lang='lat' dir='ltr'><strong>perﬁciat</strong></span> <span class='ocrx_word' id='word_1_290' title='bbox 3438 1680 3780 1753; x_wconf 82' lang='lat' dir='ltr'><strong>praedictum</strong></span> 
     </span>
    </p>
   </div>
   <div class='ocr_carea' id='block_1_41' title="bbox 495 1751 3781 1836">
    <p class='ocr_par' dir='ltr' id='par_1_41' title="bbox 495 1751 3781 1836">
     <span class='ocr_line' id='line_1_42' title="bbox 495 1751 3781 1836; baseline -0.001 -28"><span class='ocrx_word' id='word_1_291' title='bbox 495 1769 593 1836; x_wconf 80' lang='lat' dir='ltr'><strong>per</strong></span> <span class='ocrx_word' id='word_1_292' title='bbox 631 1769 794 1836; x_wconf 79' lang='lat' dir='ltr'><strong>quam</strong></span> <span class='ocrx_word' id='word_1_293' title='bbox 835 1753 1008 1823; x_wconf 86' lang='lat' dir='ltr'><strong>ipsum</strong></span> <span class='ocrx_word' id='word_1_294' title='bbox 1059 1755 1317 1808; x_wconf 87' lang='lat' dir='ltr'><strong>tributum</strong></span> <span class='ocrx_word' id='word_1_295' title='bbox 1350 1751 1458 1810; x_wconf 79' lang='lat' dir='ltr'><strong>sibi</strong></span> <span class='ocrx_word' id='word_1_296' title='bbox 1499 1756 1854 1824; x_wconf 87' lang='lat' dir='ltr'><strong>perdonatum</strong></span> <span class='ocrx_word' id='word_1_297' title='bbox 1906 1755 2076 1825; x_wconf 89' lang='lat' dir='ltr'><strong>possit</strong></span> <span class='ocrx_word' id='word_1_298' title='bbox 2113 1775 2158 1836; x_wconf 72' lang='grc' dir='ltr'><strong>Β</strong></span> <span class='ocrx_word' id='word_1_299' title='bbox 2185 1772 2323 1826; x_wconf 90' lang='lat' dir='ltr'><strong>opus</strong></span> <span class='ocrx_word' id='word_1_300' title='bbox 2350 1757 2404 1810; x_wconf 90' lang='lat' dir='ltr'><strong>in</strong></span> <span class='ocrx_word' id='word_1_301' title='bbox 2423 1755 2630 1812; x_wconf 90' lang='lat' dir='ltr'><strong>duobus</strong></span> <span class='ocrx_word' id='word_1_302' title='bbox 2650 1751 3048 1836; x_wconf 77' lang='lat' dir='ltr'><strong>diebu§.thui</strong></span> <span class='ocrx_word' id='word_1_303' title='bbox 3072 1751 3405 1836; x_wconf 77' lang='lat' dir='ltr'><strong>solummodo</strong></span> <span class='ocrx_word' id='word_1_304' title='bbox 3427 1751 3781 1836; x_wconf 52' lang='lat' dir='ltr'><strong>ita&#39;invalida,</strong></span> 
     </span>
    </p>
   </div>
   <div class='ocr_carea' id='block_1_42' title="bbox 498 1825 804 1879">
    <p class='ocr_par' dir='ltr' id='par_1_42' title="bbox 498 1825 804 1879">
     <span class='ocr_line' id='line_1_43' title="bbox 498 1825 804 1879; baseline -0.01 0"><span class='ocrx_word' id='word_1_305' title='bbox 498 1825 804 1879; x_wconf 87' lang='lat' dir='ltr'><strong>ostendere.</strong></span> 
     </span>
    </p>
   </div>
   <div class='ocr_carea' id='block_1_43' title="bbox 569 1893 2084 1966">
    <p class='ocr_par' dir='ltr' id='par_1_43' title="bbox 569 1893 2084 1966">
     <span class='ocr_line' id='line_1_44' title="bbox 569 1893 2084 1966; baseline 0 -18"><span class='ocrx_word' id='word_1_306' title='bbox 569 1893 814 1966; x_wconf 12' lang='lat' dir='ltr'><strong>298.7De</strong></span> <span class='ocrx_word' id='word_1_307' title='bbox 851 1904 991 1948; x_wconf 85' lang='lat' dir='ltr'><strong>terra</strong></span> <span class='ocrx_word' id='word_1_308' title='bbox 1038 1893 1253 1949; x_wconf 85' lang='lat' dir='ltr'><strong>censali.</strong></span> <span class='ocrx_word' id='word_1_309' title='bbox 1306 1895 1364 1950; x_wconf 92' lang='lat' dir='ltr'><strong>Si</strong></span> <span class='ocrx_word' id='word_1_310' title='bbox 1415 1895 1537 1966; x_wconf 89' lang='lat' dir='ltr'><strong>quis</strong></span> <span class='ocrx_word' id='word_1_311' title='bbox 1583 1904 1785 1966; x_wconf 89' lang='lat' dir='ltr'><strong>terram</strong></span> <span class='ocrx_word' id='word_1_312' title='bbox 1828 1893 2084 1950; x_wconf 86' lang='lat' dir='ltr'><strong>censilem</strong></span> 
     </span>
    </p>
   </div>
   <div class='ocr_carea' id='block_1_44' title="bbox 500 1965 2086 2035">
    <p class='ocr_par' dir='ltr' id='par_1_44' title="bbox 500 1965 2086 2035">
     <span class='ocr_line' id='line_1_45' title="bbox 500 1965 2086 2035; baseline 0 -17"><span class='ocrx_word' id='word_1_313' title='bbox 500 1965 769 2028; x_wconf 82' lang='lat' dir='ltr'><strong>habuerit,</strong></span> <span class='ocrx_word' id='word_1_314' title='bbox 802 1979 962 2034; x_wconf 87' lang='lat' dir='ltr'><strong>quam</strong></span> <span class='ocrx_word' id='word_1_315' title='bbox 1011 1974 1383 2033; x_wconf 73' lang='lat' dir='ltr'><strong>antecessores</strong></span> <span class='ocrx_word' id='word_1_316' title='bbox 1405 1965 1488 2020; x_wconf 84' lang='lat' dir='ltr'><strong>sui</strong></span> <span class='ocrx_word' id='word_1_317' title='bbox 1517 1966 1598 2020; x_wconf 88' lang='lat' dir='ltr'><strong>vel</strong></span> <span class='ocrx_word' id='word_1_318' title='bbox 1627 1967 1692 2020; x_wconf 89' lang='lat' dir='ltr'><strong>ad</strong></span> <span class='ocrx_word' id='word_1_319' title='bbox 1721 1965 1956 2035; x_wconf 88' lang='lat' dir='ltr'><strong>aliquam</strong></span> <span class='ocrx_word' id='word_1_320' title='bbox 1997 1980 2086 2019; x_wconf 89' lang='lat' dir='ltr'><strong>ec-</strong></span> 
     </span>
    </p>
   </div>
   <div class='ocr_carea' id='block_1_45' title="bbox 500 2035 2085 2097">
    <p class='ocr_par' dir='ltr' id='par_1_45' title="bbox 500 2035 2085 2097">
     <span class='ocr_line' id='line_1_46' title="bbox 500 2035 2085 2097; baseline 0.001 -8"><span class='ocrx_word' id='word_1_321' title='bbox 500 2035 721 2090; x_wconf 89' lang='lat' dir='ltr'><strong>clesiam</strong></span> <span class='ocrx_word' id='word_1_322' title='bbox 759 2035 840 2088; x_wconf 88' lang='lat' dir='ltr'><strong>vel</strong></span> <span class='ocrx_word' id='word_1_323' title='bbox 871 2035 938 2089; x_wconf 91' lang='lat' dir='ltr'><strong>ad</strong></span> <span class='ocrx_word' id='word_1_324' title='bbox 977 2036 1155 2090; x_wconf 87' lang='lat' dir='ltr'><strong>villam</strong></span> <span class='ocrx_word' id='word_1_325' title='bbox 1196 2043 1434 2091; x_wconf 76' lang='lat' dir='ltr'><strong>nostram</strong></span> <span class='ocrx_word' id='word_1_326' title='bbox 1469 2037 1750 2097; x_wconf 90' lang='lat' dir='ltr'><strong>dederunt,</strong></span> <span class='ocrx_word' id='word_1_327' title='bbox 1784 2035 2085 2090; x_wconf 86' lang='lat' dir='ltr'><strong>nullatenus</strong></span> 
     </span>
    </p>
   </div>
   <div class='ocr_carea' id='block_1_46' title="bbox 499 2105 2084 2177">
    <p class='ocr_par' dir='ltr' id='par_1_46' title="bbox 499 2105 2084 2177">
     <span class='ocr_line' id='line_1_47' title="bbox 499 2105 2084 2177; baseline 0.001 -18"><span class='ocrx_word' id='word_1_328' title='bbox 499 2119 620 2177; x_wconf 85' lang='lat' dir='ltr'><strong>eam</strong></span> <span class='ocrx_word' id='word_1_329' title='bbox 659 2105 952 2177; x_wconf 88' lang='lat' dir='ltr'><strong>secundum</strong></span> <span class='ocrx_word' id='word_1_330' title='bbox 985 2105 1158 2177; x_wconf 83' lang='lat' dir='ltr'><strong>legem</strong></span> <span class='ocrx_word' id='word_1_331' title='bbox 1190 2114 1372 2162; x_wconf 81' lang='lat' dir='ltr'><strong>tenere</strong></span> <span class='ocrx_word' id='word_1_332' title='bbox 1397 2116 1590 2177; x_wconf 87' lang='lat' dir='ltr'><strong>potest,</strong></span> <span class='ocrx_word' id='word_1_333' title='bbox 1629 2107 1732 2160; x_wconf 63' lang='lat' dir='ltr'><strong>nisi</strong></span> <span class='ocrx_word' id='word_1_334' title='bbox 1774 2105 2084 2177; x_wconf 24' lang='lat' dir='ltr'><strong>illenvolue-</strong></span> 
     </span>
    </p>
   </div>
   <div class='ocr_carea' id='block_1_47' title="bbox 501 2175 2085 2244">
    <p class='ocr_par' dir='ltr' id='par_1_47' title="bbox 501 2175 2085 2244">
     <span class='ocr_line' id='line_1_48' title="bbox 501 2175 2085 2244; baseline 0 -14"><span class='ocrx_word' id='word_1_335' title='bbox 501 2176 592 2240; x_wconf 90' lang='lat' dir='ltr'><strong>rit,</strong></span> <span class='ocrx_word' id='word_1_336' title='bbox 625 2177 694 2230; x_wconf 92' lang='lat' dir='ltr'><strong>ad</strong></span> <span class='ocrx_word' id='word_1_337' title='bbox 719 2176 874 2230; x_wconf 90' lang='lat' dir='ltr'><strong>cuius</strong></span> <span class='ocrx_word' id='word_1_338' title='bbox 905 2175 1224 2244; x_wconf 80' lang='lat' dir='ltr'><strong>potestatem</strong></span> <span class='ocrx_word' id='word_1_339' title='bbox 1252 2178 1335 2231; x_wconf 87' lang='lat' dir='ltr'><strong>vel</strong></span> <span class='ocrx_word' id='word_1_340' title='bbox 1365 2175 1452 2232; x_wconf 91' lang='lat' dir='ltr'><strong>illa</strong></span> <span class='ocrx_word' id='word_1_341' title='bbox 1487 2177 1716 2234; x_wconf 88' lang='lat' dir='ltr'><strong>ecclesia</strong></span> <span class='ocrx_word' id='word_1_342' title='bbox 1740 2176 1826 2231; x_wconf 88' lang='lat' dir='ltr'><strong>vel</strong></span> <span class='ocrx_word' id='word_1_343' title='bbox 1849 2175 1940 2230; x_wconf 91' lang='lat' dir='ltr'><strong>illa</strong></span> <span class='ocrx_word' id='word_1_344' title='bbox 1962 2177 2085 2230; x_wconf 84' lang='lat' dir='ltr'><strong>villa</strong></span> 
     </span>
    </p>
   </div>
   <div class='ocr_carea' id='block_1_48' title="bbox 501 2247 2085 2318">
    <p class='ocr_par' dir='ltr' id='par_1_48' title="bbox 501 2247 2085 2318">
     <span class='ocr_line' id='line_1_49' title="bbox 501 2247 2085 2318; baseline 0 -18"><span class='ocrx_word' id='word_1_345' title='bbox 501 2247 768 2318; x_wconf 75' lang='lat' dir='ltr'><strong>pertinet;</strong></span> <span class='ocrx_word' id='word_1_346' title='bbox 806 2247 910 2302; x_wconf 90' lang='lat' dir='ltr'><strong>nisi</strong></span> <span class='ocrx_word' id='word_1_347' title='bbox 933 2247 1072 2318; x_wconf 70' lang='lat' dir='ltr'><strong>forte</strong></span> <span class='ocrx_word' id='word_1_348' title='bbox 1099 2248 1238 2301; x_wconf 87' lang='lat' dir='ltr'><strong>ﬁlius</strong></span> <span class='ocrx_word' id='word_1_349' title='bbox 1272 2259 1365 2302; x_wconf 91' lang='lat' dir='ltr'><strong>aut</strong></span> <span class='ocrx_word' id='word_1_350' title='bbox 1392 2264 1558 2318; x_wconf 88' lang='lat' dir='ltr'><strong>nepos</strong></span> <span class='ocrx_word' id='word_1_351' title='bbox 1593 2248 1711 2302; x_wconf 93' lang='lat' dir='ltr'><strong>eius</strong></span> <span class='ocrx_word' id='word_1_352' title='bbox 1736 2247 1822 2310; x_wconf 91' lang='lat' dir='ltr'><strong>sit,</strong></span> <span class='ocrx_word' id='word_1_353' title='bbox 1853 2247 1944 2316; x_wconf 89' lang='lat' dir='ltr'><strong>qui</strong></span> <span class='ocrx_word' id='word_1_354' title='bbox 1967 2261 2085 2318; x_wconf 90' lang='lat' dir='ltr'><strong>eam</strong></span> 
     </span>
    </p>
   </div>
   <div class='ocr_carea' id='block_1_49' title="bbox 501 2317 2087 2386">
    <p class='ocr_par' dir='ltr' id='par_1_49' title="bbox 501 2317 2087 2386">
     <span class='ocr_line' id='line_1_50' title="bbox 501 2317 2087 2386; baseline 0.001 -16"><span class='ocrx_word' id='word_1_355' title='bbox 501 2317 744 2379; x_wconf 88' lang='lat' dir='ltr'><strong>tradidit,</strong></span> <span class='ocrx_word' id='word_1_356' title='bbox 771 2327 863 2372; x_wconf 89' lang='lat' dir='ltr'><strong>aut</strong></span> <span class='ocrx_word' id='word_1_357' title='bbox 899 2317 947 2372; x_wconf 91' lang='lat' dir='ltr'><strong>ei</strong></span> <span class='ocrx_word' id='word_1_358' title='bbox 993 2319 1180 2373; x_wconf 85' lang='lat' dir='ltr'><strong>eadem</strong></span> <span class='ocrx_word' id='word_1_359' title='bbox 1223 2329 1367 2373; x_wconf 87' lang='lat' dir='ltr'><strong>terra</strong></span> <span class='ocrx_word' id='word_1_360' title='bbox 1405 2317 1473 2374; x_wconf 86' lang='lat' dir='ltr'><strong>ad</strong></span> <span class='ocrx_word' id='word_1_361' title='bbox 1518 2318 1809 2373; x_wconf 88' lang='lat' dir='ltr'><strong>tenendum</strong></span> <span class='ocrx_word' id='word_1_362' title='bbox 1850 2317 2087 2386; x_wconf 79' lang='lat' dir='ltr'><strong>placita‘</strong></span> 
     </span>
    </p>
   </div>
   <div class='ocr_carea' id='block_1_50' title="bbox 503 2387 2085 2454">
    <p class='ocr_par' dir='ltr' id='par_1_50' title="bbox 503 2387 2085 2454">
     <span class='ocr_line' id='line_1_51' title="bbox 503 2387 2085 2454; baseline 0.001 -14"><span class='ocrx_word' id='word_1_363' title='bbox 503 2387 595 2441; x_wconf 87' lang='lat' dir='ltr'><strong>sit.</strong></span> <span class='ocrx_word' id='word_1_364' title='bbox 632 2387 738 2441; x_wconf 89' lang='lat' dir='ltr'><strong>Sed</strong></span> <span class='ocrx_word' id='word_1_365' title='bbox 782 2389 836 2442; x_wconf 91' lang='lat' dir='ltr'><strong>in</strong></span> <span class='ocrx_word' id='word_1_366' title='bbox 877 2388 978 2444; x_wconf 91' lang='lat' dir='ltr'><strong>hac</strong></span> <span class='ocrx_word' id='word_1_367' title='bbox 1009 2404 1068 2443; x_wconf 89' lang='lat' dir='ltr'><strong>re</strong></span> <span class='ocrx_word' id='word_1_368' title='bbox 1107 2389 1554 2444; x_wconf 89' lang='lat' dir='ltr'><strong>considerandum</strong></span> <span class='ocrx_word' id='word_1_369' title='bbox 1593 2397 1698 2454; x_wconf 90' lang='lat' dir='ltr'><strong>est,</strong></span> <span class='ocrx_word' id='word_1_370' title='bbox 1755 2397 1937 2442; x_wconf 91' lang='lat' dir='ltr'><strong>utrum</strong></span> <span class='ocrx_word' id='word_1_371' title='bbox 1975 2387 2085 2452; x_wconf 90' lang='lat' dir='ltr'><strong>ille,</strong></span> 
     </span>
    </p>
   </div>
   <div class='ocr_carea' id='block_1_51' title="bbox 501 2457 2092 2528">
    <p class='ocr_par' dir='ltr' id='par_1_51' title="bbox 501 2457 2092 2528">
     <span class='ocr_line' id='line_1_52' title="bbox 501 2457 2092 2528; baseline 0.001 -17"><span class='ocrx_word' id='word_1_372' title='bbox 501 2457 596 2528; x_wconf 83' lang='lat' dir='ltr'><strong>qui</strong></span> <span class='ocrx_word' id='word_1_373' title='bbox 627 2458 767 2528; x_wconf 85' lang='lat' dir='ltr'><strong>hanc</strong></span> <span class='ocrx_word' id='word_1_374' title='bbox 799 2466 961 2522; x_wconf 86' lang='lat' dir='ltr'><strong>tenet,</strong></span> <span class='ocrx_word' id='word_1_375' title='bbox 997 2459 1144 2514; x_wconf 86' lang='lat' dir='ltr'><strong>dives</strong></span> <span class='ocrx_word' id='word_1_376' title='bbox 1174 2475 1240 2512; x_wconf 89' lang='lat' dir='ltr'><strong>an</strong></span> <span class='ocrx_word' id='word_1_377' title='bbox 1276 2475 1479 2528; x_wconf 88' lang='lat' dir='ltr'><strong>pauper</strong></span> <span class='ocrx_word' id='word_1_378' title='bbox 1516 2461 1605 2521; x_wconf 91' lang='lat' dir='ltr'><strong>sit,</strong></span> <span class='ocrx_word' id='word_1_379' title='bbox 1648 2468 1698 2512; x_wconf 90' lang='lat' dir='ltr'><strong>et</strong></span> <span class='ocrx_word' id='word_1_380' title='bbox 1728 2469 1907 2512; x_wconf 87' lang='lat' dir='ltr'><strong>utrum</strong></span> <span class='ocrx_word' id='word_1_381' title='bbox 1945 2457 2092 2512; x_wconf 90' lang='lat' dir='ltr'><strong>aliud</strong></span> 
     </span>
    </p>
   </div>
   <div class='ocr_carea' id='block_1_52' title="bbox 503 2526 2091 2599">
    <p class='ocr_par' dir='ltr' id='par_1_52' title="bbox 503 2526 2091 2599">
     <span class='ocr_line' id='line_1_53' title="bbox 503 2526 2091 2599; baseline 0 -18"><span class='ocrx_word' id='word_1_382' title='bbox 503 2526 824 2599; x_wconf 85' lang='lat' dir='ltr'><strong>beneﬁcium</strong></span> <span class='ocrx_word' id='word_1_383' title='bbox 847 2529 1040 2582; x_wconf 86' lang='lat' dir='ltr'><strong>habeat</strong></span> <span class='ocrx_word' id='word_1_384' title='bbox 1065 2530 1148 2582; x_wconf 88' lang='lat' dir='ltr'><strong>vel</strong></span> <span class='ocrx_word' id='word_1_385' title='bbox 1181 2526 1342 2583; x_wconf 79' lang='lat' dir='ltr'><strong>etiam</strong></span> <span class='ocrx_word' id='word_1_386' title='bbox 1368 2526 1667 2599; x_wconf 82' lang='lat' dir='ltr'><strong>proprium.</strong></span> <span class='ocrx_word' id='word_1_387' title='bbox 1693 2529 1759 2582; x_wconf 87' lang='lat' dir='ltr'><strong>Et</strong></span> <span class='ocrx_word' id='word_1_388' title='bbox 1781 2529 1870 2598; x_wconf 92' lang='lat' dir='ltr'><strong>qui</strong></span> <span class='ocrx_word' id='word_1_389' title='bbox 1896 2529 2091 2599; x_wconf 83' lang='lat' dir='ltr'><strong>horum</strong></span> 
     </span>
    </p>
   </div>
   <div class='ocr_carea' id='block_1_53' title="bbox 504 2598 2090 2670">
    <p class='ocr_par' dir='ltr' id='par_1_53' title="bbox 504 2598 2090 2670">
     <span class='ocr_line' id='line_1_54' title="bbox 504 2598 2090 2670; baseline 0.001 -20"><span class='ocrx_word' id='word_1_390' title='bbox 504 2606 755 2652; x_wconf 89' lang='lat' dir='ltr'><strong>neutrum</strong></span> <span class='ocrx_word' id='word_1_391' title='bbox 802 2598 982 2662; x_wconf 87' lang='lat' dir='ltr'><strong>habet,</strong></span> <span class='ocrx_word' id='word_1_392' title='bbox 1023 2615 1148 2670; x_wconf 77' lang='lat' dir='ltr'><strong>erga</strong></span> <span class='ocrx_word' id='word_1_393' title='bbox 1198 2598 1804 2670; x_wconf 9' lang='lat' dir='ltr'><strong>huncr’tnisericorditer</strong></span> <span class='ocrx_word' id='word_1_394' title='bbox 1828 2598 2090 2670; x_wconf 85' lang='lat' dir='ltr'><strong>agendum</strong></span> 
     </span>
    </p>
   </div>
   <div class='ocr_carea' id='block_1_54' title="bbox 503 2669 2094 2750">
    <p class='ocr_par' dir='ltr' id='par_1_54' title="bbox 503 2669 2094 2750">
     <span class='ocr_line' id='line_1_55' title="bbox 503 2669 2094 2750; baseline 0.001 -28"><span class='ocrx_word' id='word_1_395' title='bbox 503 2676 609 2750; x_wconf 81' lang='lat' dir='ltr'><strong>est,</strong></span> <span class='ocrx_word' id='word_1_396' title='bbox 655 2682 722 2750; x_wconf 77' lang='lat' dir='ltr'><strong>ne</strong></span> <span class='ocrx_word' id='word_1_397' title='bbox 762 2683 826 2721; x_wconf 83' lang='lat' dir='ltr'><strong>ex</strong></span> <span class='ocrx_word' id='word_1_398' title='bbox 862 2677 976 2721; x_wconf 90' lang='lat' dir='ltr'><strong>toto</strong></span> <span class='ocrx_word' id='word_1_399' title='bbox 1011 2669 1323 2750; x_wconf 77' lang='lat' dir='ltr'><strong>expol_iatus_</strong></span> <span class='ocrx_word' id='word_1_400' title='bbox 1353 2669 1407 2723; x_wconf 91' lang='lat' dir='ltr'><strong>in</strong></span> <span class='ocrx_word' id='word_1_401' title='bbox 1437 2677 1732 2750; x_wconf 73' lang='lat' dir='ltr'><strong>egestatem</strong></span> <span class='ocrx_word' id='word_1_402' title='bbox 1761 2669 1999 2750; x_wconf 62' lang='lat' dir='ltr'><strong>incidat;</strong></span> <span class='ocrx_word' id='word_1_403' title='bbox 2033 2676 2094 2723; x_wconf 91' lang='lat' dir='ltr'><strong>ut</strong></span> 
     </span>
    </p>
   </div>
   <div class='ocr_carea' id='block_1_55' title="bbox 505 2737 2095 2810">
    <p class='ocr_par' dir='ltr' id='par_1_55' title="bbox 505 2737 2095 2810">
     <span class='ocr_line' id='line_1_56' title="bbox 505 2737 2095 2810; baseline 0.001 -19"><span class='ocrx_word' id='word_1_404' title='bbox 505 2746 601 2810; x_wconf 84' lang='lat' dir='ltr'><strong>aut</strong></span> <span class='ocrx_word' id='word_1_405' title='bbox 641 2737 799 2792; x_wconf 85' lang='lat' dir='ltr'><strong>talem</strong></span> <span class='ocrx_word' id='word_1_406' title='bbox 827 2753 1046 2810; x_wconf 87' lang='lat' dir='ltr'><strong>censum</strong></span> <span class='ocrx_word' id='word_1_407' title='bbox 1083 2737 1210 2794; x_wconf 88' lang='lat' dir='ltr'><strong>inde</strong></span> <span class='ocrx_word' id='word_1_408' title='bbox 1246 2739 1439 2804; x_wconf 86' lang='lat' dir='ltr'><strong>solvat,</strong></span> <span class='ocrx_word' id='word_1_409' title='bbox 1468 2737 1644 2810; x_wconf 80' lang='lat' dir='ltr'><strong>qualis</strong></span> <span class='ocrx_word' id='word_1_410' title='bbox 1669 2739 1720 2794; x_wconf 88' lang='lat' dir='ltr'><strong>ei</strong></span> <span class='ocrx_word' id='word_1_411' title='bbox 1765 2739 1935 2810; x_wconf 81' lang='lat' dir='ltr'><strong>fuerit</strong></span> <span class='ocrx_word' id='word_1_412' title='bbox 1964 2753 2095 2793; x_wconf 90' lang='lat' dir='ltr'><strong>con-</strong></span> 
     </span>
    </p>
   </div>
   <div class='ocr_carea' id='block_1_56' title="bbox 504 2807 2093 2880">
    <p class='ocr_par' dir='ltr' id='par_1_56' title="bbox 504 2807 2093 2880">
     <span class='ocr_line' id='line_1_57' title="bbox 504 2807 2093 2880; baseline 0.001 -18"><span class='ocrx_word' id='word_1_413' title='bbox 504 2808 743 2880; x_wconf 82' lang='lat' dir='ltr'><strong>stitutus,</strong></span> <span class='ocrx_word' id='word_1_414' title='bbox 777 2808 858 2863; x_wconf 83' lang='lat' dir='ltr'><strong>vel</strong></span> <span class='ocrx_word' id='word_1_415' title='bbox 906 2810 1208 2878; x_wconf 87' lang='lat' dir='ltr'><strong>portionem</strong></span> <span class='ocrx_word' id='word_1_416' title='bbox 1253 2807 1502 2880; x_wconf 48' lang='lat' dir='ltr'><strong>aliquam‘</strong></span> <span class='ocrx_word' id='word_1_417' title='bbox 1531 2811 1654 2866; x_wconf 90' lang='lat' dir='ltr'><strong>inde</strong></span> <span class='ocrx_word' id='word_1_418' title='bbox 1686 2810 1738 2864; x_wconf 92' lang='lat' dir='ltr'><strong>in</strong></span> <span class='ocrx_word' id='word_1_419' title='bbox 1767 2807 2093 2865; x_wconf 83' lang='lat' dir='ltr'><strong>beneﬁcium</strong></span> 
     </span>
    </p>
   </div>
   <div class='ocr_carea' id='block_1_57' title="bbox 505 2879 1550 2950">
    <p class='ocr_par' dir='ltr' id='par_1_57' title="bbox 505 2879 1550 2950">
     <span class='ocr_line' id='line_1_58' title="bbox 505 2879 1550 2950; baseline 0.002 -18"><span class='ocrx_word' id='word_1_420' title='bbox 505 2879 926 2950; x_wconf 38' lang='lat' dir='ltr'><strong>accipiatlunde</strong></span> <span class='ocrx_word' id='word_1_421' title='bbox 948 2895 1006 2934; x_wconf 84' lang='lat' dir='ltr'><strong>se</strong></span> <span class='ocrx_word' id='word_1_422' title='bbox 1031 2879 1550 2935; x_wconf 17' lang='lat' dir='ltr'><strong>sustentareivaleat.</strong></span> 
     </span>
    </p>
   </div>
   <div class='ocr_carea' id='block_1_58' title="bbox 575 2949 2090 3022">
    <p class='ocr_par' dir='ltr' id='par_1_58' title="bbox 575 2949 2090 3022">
     <span class='ocr_line' id='line_1_59' title="bbox 575 2949 2090 3022; baseline 0.001 -19"><span class='ocrx_word' id='word_1_423' title='bbox 575 2949 700 3022; x_wconf 72' lang='lat'><strong>299.</strong></span> <span class='ocrx_word' id='word_1_424' title='bbox 745 2949 822 3002; x_wconf 87' lang='lat' dir='ltr'><strong>De</strong></span> <span class='ocrx_word' id='word_1_425' title='bbox 861 2950 1216 3022; x_wconf 80' lang='lat' dir='ltr'><strong>observatione</strong></span> <span class='ocrx_word' id='word_1_426' title='bbox 1251 2961 1642 3022; x_wconf 83' lang='lat' dir='ltr'><strong>praeceptorum</strong></span> <span class='ocrx_word' id='word_1_427' title='bbox 1687 2951 2090 3007; x_wconf 74' lang='lat' dir='ltr'><strong>demittit-orum.</strong></span> 
     </span>
    </p>
   </div>
   <div class='ocr_carea' id='block_1_59' title="bbox 506 3019 2096 3092">
    <p class='ocr_par' dir='ltr' id='par_1_59' title="bbox 506 3019 2096 3092">
     <span class='ocr_line' id='line_1_60' title="bbox 506 3019 2096 3092; baseline 0.003 -18"><span class='ocrx_word' id='word_1_428' title='bbox 506 3019 582 3092; x_wconf 85' lang='lat' dir='ltr'><strong>De</strong></span> <span class='ocrx_word' id='word_1_429' title='bbox 621 3020 1002 3076; x_wconf 77' lang='lat' dir='ltr'><strong>observatione</strong></span> <span class='ocrx_word' id='word_1_430' title='bbox 1033 3019 1445 3092; x_wconf 80' lang='lat' dir='ltr'><strong>praeceptorum</strong></span> <span class='ocrx_word' id='word_1_431' title='bbox 1482 3037 1792 3076; x_wconf 83' lang='lat' dir='ltr'><strong>llOSll‘Ol&#39;llltl</strong></span> <span class='ocrx_word' id='word_1_432' title='bbox 1831 3030 1887 3075; x_wconf 86' lang='lat' dir='ltr'><strong>et</strong></span> <span class='ocrx_word' id='word_1_433' title='bbox 1919 3023 2096 3078; x_wconf 84' lang='lat' dir='ltr'><strong>imnu—</strong></span> 
     </span>
    </p>
   </div>
   <div class='ocr_carea' id='block_1_60' title="bbox 506 3090 2090 3163">
    <p class='ocr_par' dir='ltr' id='par_1_60' title="bbox 506 3090 2090 3163">
     <span class='ocr_line' id='line_1_61' title="bbox 506 3090 2090 3163; baseline 0.002 -19"><span class='ocrx_word' id='word_1_434' title='bbox 506 3090 757 3156; x_wconf 88' lang='lat' dir='ltr'><strong>nitatum,</strong></span> <span class='ocrx_word' id='word_1_435' title='bbox 797 3100 874 3163; x_wconf 15' lang='lat' dir='ltr'><strong>fut</strong></span> <span class='ocrx_word' id='word_1_436' title='bbox 930 3092 1003 3146; x_wconf 90' lang='lat' dir='ltr'><strong>ita</strong></span> <span class='ocrx_word' id='word_1_437' title='bbox 1057 3090 1412 3148; x_wconf 79' lang='lat' dir='ltr'><strong>observentur</strong></span> <span class='ocrx_word' id='word_1_438' title='bbox 1445 3091 1826 3163; x_wconf 87' lang='lat' dir='ltr'><strong>praecipimus,</strong></span> <span class='ocrx_word' id='word_1_439' title='bbox 1873 3092 2016 3147; x_wconf 92' lang='lat' dir='ltr'><strong>sicut</strong></span> <span class='ocrx_word' id='word_1_440' title='bbox 2059 3108 2090 3147; x_wconf 88' lang='lat' dir='ltr'><strong>a</strong></span> 
     </span>
    </p>
   </div>
   <div class='ocr_carea' id='block_1_61' title="bbox 507 3162 2087 3218">
    <p class='ocr_par' dir='ltr' id='par_1_61' title="bbox 507 3162 2087 3218">
     <span class='ocr_line' id='line_1_62' title="bbox 507 3162 2087 3218; baseline -0.001 -2"><span class='ocrx_word' id='word_1_441' title='bbox 507 3163 664 3216; x_wconf 79' lang='lat' dir='ltr'><strong>nobis</strong></span> <span class='ocrx_word' id='word_1_442' title='bbox 682 3171 738 3215; x_wconf 90' lang='lat' dir='ltr'><strong>et</strong></span> <span class='ocrx_word' id='word_1_443' title='bbox 763 3162 832 3216; x_wconf 90' lang='lat' dir='ltr'><strong>ab</strong></span> <span class='ocrx_word' id='word_1_444' title='bbox 870 3163 1306 3218; x_wconf 87' lang='lat' dir='ltr'><strong>antecessoribus</strong></span> <span class='ocrx_word' id='word_1_445' title='bbox 1342 3163 1544 3217; x_wconf 88' lang='lat' dir='ltr'><strong>nostris</strong></span> <span class='ocrx_word' id='word_1_446' title='bbox 1585 3163 1939 3218; x_wconf 90' lang='lat' dir='ltr'><strong>constitutum</strong></span> <span class='ocrx_word' id='word_1_447' title='bbox 1983 3173 2087 3218; x_wconf 86' lang='lat' dir='ltr'><strong>est.</strong></span> 
     </span>
    </p>
   </div>
   <div class='ocr_carea' id='block_1_62' title="bbox 573 3231 2090 3304">
    <p class='ocr_par' dir='ltr' id='par_1_62' title="bbox 573 3231 2090 3304">
     <span class='ocr_line' id='line_1_63' title="bbox 573 3231 2090 3304; baseline 0 -18"><span class='ocrx_word' id='word_1_448' title='bbox 573 3231 700 3286; x_wconf 82' lang='lat'><strong>500.</strong></span> <span class='ocrx_word' id='word_1_449' title='bbox 733 3231 820 3304; x_wconf 88' lang='lat' dir='ltr'><strong>_De</strong></span> <span class='ocrx_word' id='word_1_450' title='bbox 853 3249 934 3304; x_wconf 80' lang='lat' dir='ltr'><strong>eo,</strong></span> <span class='ocrx_word' id='word_1_451' title='bbox 969 3235 1058 3304; x_wconf 83' lang='lat' dir='ltr'><strong>qui</strong></span> <span class='ocrx_word' id='word_1_452' title='bbox 1093 3235 1358 3304; x_wconf 82' lang='lat' dir='ltr'><strong>propriam</strong></span> <span class='ocrx_word' id='word_1_453' title='bbox 1399 3233 1720 3304; x_wconf 78' lang='lat' dir='ltr'><strong>derelinquit</strong></span> <span class='ocrx_word' id='word_1_454' title='bbox 1754 3249 1972 3287; x_wconf 68' lang='lat' dir='ltr'><strong>uxorem</strong></span> <span class='ocrx_word' id='word_1_455' title='bbox 2014 3233 2090 3288; x_wconf 84' lang='lat' dir='ltr'><strong>vel</strong></span> 
     </span>
    </p>
   </div>
   <div class='ocr_carea' id='block_1_63' title="bbox 501 3300 2094 3373">
    <p class='ocr_par' dir='ltr' id='par_1_63' title="bbox 501 3300 2094 3373">
     <span class='ocr_line' id='line_1_64' title="bbox 501 3300 2094 3373; baseline 0.003 -19"><span class='ocrx_word' id='word_1_456' title='bbox 501 3302 616 3373; x_wconf 76' lang='lat' dir='ltr'><strong>sine</strong></span> <span class='ocrx_word' id='word_1_457' title='bbox 655 3300 811 3372; x_wconf 84' lang='lat' dir='ltr'><strong>culpa</strong></span> <span class='ocrx_word' id='word_1_458' title='bbox 847 3300 1112 3372; x_wconf 71' lang='lat' dir='ltr'><strong>interﬁcit,</strong></span> <span class='ocrx_word' id='word_1_459' title='bbox 1148 3300 1198 3358; x_wconf 82' lang='lat' dir='ltr'><strong>et</strong></span> <span class='ocrx_word' id='word_1_460' title='bbox 1233 3303 1393 3358; x_wconf 83' lang='lat' dir='ltr'><strong>alium</strong></span> <span class='ocrx_word' id='word_1_461' title='bbox 1430 3300 1944 3373; x_wconf 48' lang='lat' dir='ltr'><strong>ducitJQuicunque</strong></span> <span class='ocrx_word' id='word_1_462' title='bbox 1968 3319 2094 3373; x_wconf 89' lang='lat' dir='ltr'><strong>pro-</strong></span> 
     </span>
    </p>
   </div>
   <div class='ocr_carea' id='block_1_64' title="bbox 503 3371 2093 3443">
    <p class='ocr_par' dir='ltr' id='par_1_64' title="bbox 503 3371 2093 3443">
     <span class='ocr_line' id='line_1_65' title="bbox 503 3371 2093 3443; baseline 0.002 -18"><span class='ocrx_word' id='word_1_463' title='bbox 503 3371 620 3441; x_wconf 90' lang='lat' dir='ltr'><strong>pria</strong></span> <span class='ocrx_word' id='word_1_464' title='bbox 661 3371 830 3427; x_wconf 73' lang='lat' dir='ltr'><strong>luxere</strong></span> <span class='ocrx_word' id='word_1_465' title='bbox 863 3373 1116 3428; x_wconf 89' lang='lat' dir='ltr'><strong>derelicta</strong></span> <span class='ocrx_word' id='word_1_466' title='bbox 1153 3375 1234 3430; x_wconf 86' lang='lat' dir='ltr'><strong>vel</strong></span> <span class='ocrx_word' id='word_1_467' title='bbox 1273 3375 1390 3428; x_wconf 89' lang='lat' dir='ltr'><strong>sine</strong></span> <span class='ocrx_word' id='word_1_468' title='bbox 1431 3375 1586 3443; x_wconf 88' lang='lat' dir='ltr'><strong>culpa</strong></span> <span class='ocrx_word' id='word_1_469' title='bbox 1616 3371 1897 3429; x_wconf 79' lang='lat' dir='ltr'><strong>interfecta</strong></span> <span class='ocrx_word' id='word_1_470' title='bbox 1931 3371 2093 3428; x_wconf 85' lang='lat' dir='ltr'><strong>aliam</strong></span> 
     </span>
    </p>
   </div>
   <div class='ocr_carea' id='block_1_65' title="bbox 505 3443 2086 3515">
    <p class='ocr_par' dir='ltr' id='par_1_65' title="bbox 505 3443 2086 3515">
     <span class='ocr_line' id='line_1_66' title="bbox 505 3443 2086 3515; baseline 0.001 -19"><span class='ocrx_word' id='word_1_471' title='bbox 505 3443 742 3515; x_wconf 68' lang='lat' dir='ltr'><strong>duxerit,</strong></span> <span class='ocrx_word' id='word_1_472' title='bbox 772 3444 939 3498; x_wconf 87' lang='lat' dir='ltr'><strong>armis</strong></span> <span class='ocrx_word' id='word_1_473' title='bbox 963 3446 1222 3513; x_wconf 81' lang='lat' dir='ltr'><strong>depositis</strong></span> <span class='ocrx_word' id='word_1_474' title='bbox 1247 3445 1516 3515; x_wconf 89' lang='lat' dir='ltr'><strong>publicam</strong></span> <span class='ocrx_word' id='word_1_475' title='bbox 1541 3455 1661 3514; x_wconf 84' lang='lat' dir='ltr'><strong>agat</strong></span> <span class='ocrx_word' id='word_1_476' title='bbox 1682 3445 2086 3514; x_wconf 81' lang='lat' dir='ltr'><strong>paenitentiam.</strong></span> 
     </span>
    </p>
   </div>
   <div class='ocr_carea' id='block_1_66' title="bbox 508 3512 2090 3578">
    <p class='ocr_par' dir='ltr' id='par_1_66' title="bbox 508 3512 2090 3578">
     <span class='ocr_line' id='line_1_67' title="bbox 508 3512 2090 3578; baseline 0.001 -12"><span class='ocrx_word' id='word_1_477' title='bbox 508 3512 578 3566; x_wconf 87' lang='lat' dir='ltr'><strong>Et</strong></span> <span class='ocrx_word' id='word_1_478' title='bbox 615 3513 660 3566; x_wconf 90' lang='lat' dir='ltr'><strong>si</strong></span> <span class='ocrx_word' id='word_1_479' title='bbox 702 3521 994 3567; x_wconf 77' lang='lat' dir='ltr'><strong>contumax</strong></span> <span class='ocrx_word' id='word_1_480' title='bbox 1035 3512 1214 3578; x_wconf 73' lang='lat' dir='ltr'><strong>fuerit,</strong></span> <span class='ocrx_word' id='word_1_481' title='bbox 1248 3512 1768 3578; x_wconf 68' lang='lat' dir='ltr'><strong>comprachendatur</strong></span> <span class='ocrx_word' id='word_1_482' title='bbox 1813 3531 1842 3568; x_wconf 94' lang='lat' dir='ltr'><strong>a</strong></span> <span class='ocrx_word' id='word_1_483' title='bbox 1873 3516 2090 3578; x_wconf 88' lang='lat' dir='ltr'><strong>comite,</strong></span> 
     </span>
    </p>
   </div>
   <div class='ocr_carea' id='block_1_67' title="bbox 507 3582 2094 3648">
    <p class='ocr_par' dir='ltr' id='par_1_67' title="bbox 507 3582 2094 3648">
     <span class='ocr_line' id='line_1_68' title="bbox 507 3582 2094 3648; baseline 0.003 -11"><span class='ocrx_word' id='word_1_484' title='bbox 507 3590 562 3637; x_wconf 88' lang='lat' dir='ltr'><strong>et</strong></span> <span class='ocrx_word' id='word_1_485' title='bbox 591 3582 732 3637; x_wconf 78' lang='lat' dir='ltr'><strong>ferro</strong></span> <span class='ocrx_word' id='word_1_486' title='bbox 755 3583 875 3637; x_wconf 83' lang='lat' dir='ltr'><strong>vine</strong></span> <span class='ocrx_word' id='word_1_487' title='bbox 898 3593 1022 3638; x_wconf 91' lang='lat' dir='ltr'><strong>atur</strong></span> <span class='ocrx_word' id='word_1_488' title='bbox 1041 3596 1096 3638; x_wconf 90' lang='lat' dir='ltr'><strong>et</strong></span> <span class='ocrx_word' id='word_1_489' title='bbox 1117 3587 1170 3640; x_wconf 91' lang='lat' dir='ltr'><strong>iu</strong></span> <span class='ocrx_word' id='word_1_490' title='bbox 1200 3582 1499 3640; x_wconf 91' lang='lat' dir='ltr'><strong>custodiam</strong></span> <span class='ocrx_word' id='word_1_491' title='bbox 1522 3585 1784 3648; x_wconf 79' lang='lat' dir='ltr'><strong>mittatur,</strong></span> <span class='ocrx_word' id='word_1_492' title='bbox 1810 3584 1984 3640; x_wconf 90' lang='lat' dir='ltr'><strong>donec</strong></span> <span class='ocrx_word' id='word_1_493' title='bbox 2006 3601 2094 3641; x_wconf 89' lang='lat' dir='ltr'><strong>res</strong></span> 
     </span>
    </p>
   </div>
   <div class='ocr_carea' id='block_1_68' title="bbox 508 3651 1452 3710">
    <p class='ocr_par' dir='ltr' id='par_1_68' title="bbox 508 3651 1452 3710">
     <span class='ocr_line' id='line_1_69' title="bbox 508 3651 1452 3710; baseline 0.003 -5"><span class='ocrx_word' id='word_1_494' title='bbox 508 3651 576 3706; x_wconf 88' lang='lat' dir='ltr'><strong>ad</strong></span> <span class='ocrx_word' id='word_1_495' title='bbox 606 3660 844 3707; x_wconf 89' lang='lat' dir='ltr'><strong>nostram</strong></span> <span class='ocrx_word' id='word_1_496' title='bbox 869 3655 1114 3708; x_wconf 87' lang='lat' dir='ltr'><strong>notitiam</strong></span> <span class='ocrx_word' id='word_1_497' title='bbox 1139 3651 1452 3710; x_wconf 80' lang='lat' dir='ltr'><strong>deducatur.</strong></span> 
     </span>
    </p>
   </div>
   <div class='ocr_carea' id='block_1_69' title="bbox 581 3723 2096 3796">
    <p class='ocr_par' dir='ltr' id='par_1_69' title="bbox 581 3723 2096 3796">
     <span class='ocr_line' id='line_1_70' title="bbox 581 3723 2096 3796; baseline 0.002 -19"><span class='ocrx_word' id='word_1_498' title='bbox 581 3723 704 3777; x_wconf 84' lang='grc'>501.</span> <span class='ocrx_word' id='word_1_499' title='bbox 745 3723 822 3796; x_wconf 74' lang='lat' dir='ltr'><strong>De</strong></span> <span class='ocrx_word' id='word_1_500' title='bbox 853 3723 1029 3778; x_wconf 87' lang='lat' dir='ltr'><strong>liberis</strong></span> <span class='ocrx_word' id='word_1_501' title='bbox 1060 3726 1388 3796; x_wconf 72' lang='lat' dir='ltr'><strong>hominibus,</strong></span> <span class='ocrx_word' id='word_1_502' title='bbox 1425 3725 1514 3796; x_wconf 84' lang='lat' dir='ltr'><strong>qui</strong></span> <span class='ocrx_word' id='word_1_503' title='bbox 1544 3725 1813 3796; x_wconf 85' lang='lat' dir='ltr'><strong>proprium</strong></span> <span class='ocrx_word' id='word_1_504' title='bbox 1851 3741 1956 3780; x_wconf 87' lang='lat' dir='ltr'><strong>non</strong></span> <span class='ocrx_word' id='word_1_505' title='bbox 2000 3727 2096 3780; x_wconf 84' lang='lat' dir='ltr'><strong>Im-</strong></span> 
     </span>
    </p>
   </div>
   <div class='ocr_carea' id='block_1_70' title="bbox 509 3792 2093 3860">
    <p class='ocr_par' dir='ltr' id='par_1_70' title="bbox 509 3792 2093 3860">
     <span class='ocr_line' id='line_1_71' title="bbox 509 3792 2093 3860; baseline 0.002 -14"><span class='ocrx_word' id='word_1_506' title='bbox 509 3792 648 3856; x_wconf 81' lang='lat' dir='ltr'><strong>beut,</strong></span> <span class='ocrx_word' id='word_1_507' title='bbox 675 3793 766 3847; x_wconf 83' lang='lat' dir='ltr'><strong>sed</strong></span> <span class='ocrx_word' id='word_1_508' title='bbox 794 3793 848 3846; x_wconf 87' lang='lat' dir='ltr'><strong>in</strong></span> <span class='ocrx_word' id='word_1_509' title='bbox 885 3803 1026 3848; x_wconf 83' lang='lat' dir='ltr'><strong>terra</strong></span> <span class='ocrx_word' id='word_1_510' title='bbox 1057 3795 1320 3850; x_wconf 86' lang='lat' dir='ltr'><strong>dominica</strong></span> <span class='ocrx_word' id='word_1_511' title='bbox 1356 3792 1598 3860; x_wconf 75' lang='lat' dir='ltr'><strong>resident,</strong></span> <span class='ocrx_word' id='word_1_512' title='bbox 1638 3792 1707 3849; x_wconf 81' lang='lat' dir='ltr'><strong>od</strong></span> <span class='ocrx_word' id='word_1_513' title='bbox 1739 3797 2093 3850; x_wconf 83' lang='lat' dir='ltr'><strong>testimonium</strong></span> 
     </span>
    </p>
   </div>
   <div class='ocr_carea' id='block_1_71' title="bbox 507 3863 2096 3936">
    <p class='ocr_par' dir='ltr' id='par_1_71' title="bbox 507 3863 2096 3936">
     <span class='ocr_line' id='line_1_72' title="bbox 507 3863 2096 3936; baseline 0.003 -20"><span class='ocrx_word' id='word_1_514' title='bbox 507 3879 612 3918; x_wconf 83' lang='lat' dir='ltr'><strong>non</strong></span> <span class='ocrx_word' id='word_1_515' title='bbox 647 3863 986 3936; x_wconf 65' lang='lat' dir='ltr'><strong>recipiendis.</strong></span> <span class='ocrx_word' id='word_1_516' title='bbox 1013 3867 1087 3920; x_wconf 90' lang='lat' dir='ltr'><strong>De</strong></span> <span class='ocrx_word' id='word_1_517' title='bbox 1126 3865 1309 3922; x_wconf 87' lang='lat' dir='ltr'><strong>liberis</strong></span> <span class='ocrx_word' id='word_1_518' title='bbox 1343 3865 1670 3930; x_wconf 90' lang='lat' dir='ltr'><strong>hominibus,</strong></span> <span class='ocrx_word' id='word_1_519' title='bbox 1699 3865 1790 3936; x_wconf 89' lang='lat' dir='ltr'><strong>qui</strong></span> <span class='ocrx_word' id='word_1_520' title='bbox 1818 3867 2096 3936; x_wconf 90' lang='lat' dir='ltr'><strong>proprium</strong></span> 
     </span>
    </p>
   </div>
   <div class='ocr_carea' id='block_1_72' title="bbox 504 3934 2094 4007">
    <p class='ocr_par' dir='ltr' id='par_1_72' title="bbox 504 3934 2094 4007">
     <span class='ocr_line' id='line_1_73' title="bbox 504 3934 2094 4007; baseline 0.004 -21"><span class='ocrx_word' id='word_1_521' title='bbox 504 3949 614 3988; x_wconf 89' lang='lat' dir='ltr'><strong>non</strong></span> <span class='ocrx_word' id='word_1_522' title='bbox 653 3934 870 4007; x_wconf 81' lang='lat' dir='ltr'><strong>habent,</strong></span> <span class='ocrx_word' id='word_1_523' title='bbox 899 3935 992 3989; x_wconf 86' lang='lat' dir='ltr'><strong>sed</strong></span> <span class='ocrx_word' id='word_1_524' title='bbox 1032 3937 1086 4006; x_wconf 78' lang='lat' dir='ltr'><strong>in</strong></span> <span class='ocrx_word' id='word_1_525' title='bbox 1123 3946 1265 3990; x_wconf 88' lang='lat' dir='ltr'><strong>terra</strong></span> <span class='ocrx_word' id='word_1_526' title='bbox 1293 3936 1562 3992; x_wconf 89' lang='lat' dir='ltr'><strong>dominica</strong></span> <span class='ocrx_word' id='word_1_527' title='bbox 1596 3934 1852 4002; x_wconf 82' lang='lat' dir='ltr'><strong>resident,</strong></span> <span class='ocrx_word' id='word_1_528' title='bbox 1885 3934 1944 3990; x_wconf 80' lang='lat' dir='ltr'><strong>ut</strong></span> <span class='ocrx_word' id='word_1_529' title='bbox 1967 3953 2094 4007; x_wconf 86' lang='lat' dir='ltr'><strong>pro-</strong></span> 
     </span>
    </p>
   </div>
   <div class='ocr_carea' id='block_1_73' title="bbox 504 4005 2092 4078">
    <p class='ocr_par' dir='ltr' id='par_1_73' title="bbox 504 4005 2092 4078">
     <span class='ocr_line' id='line_1_74' title="bbox 504 4005 2092 4078; baseline 0.003 -20"><span class='ocrx_word' id='word_1_530' title='bbox 504 4012 632 4078; x_wconf 78' lang='lat' dir='ltr'><strong>pter</strong></span> <span class='ocrx_word' id='word_1_531' title='bbox 671 4019 757 4060; x_wconf 90' lang='lat' dir='ltr'><strong>res</strong></span> <span class='ocrx_word' id='word_1_532' title='bbox 805 4005 1026 4062; x_wconf 87' lang='lat' dir='ltr'><strong>alterius</strong></span> <span class='ocrx_word' id='word_1_533' title='bbox 1065 4005 1142 4062; x_wconf 87' lang='lat' dir='ltr'><strong>ad</strong></span> <span class='ocrx_word' id='word_1_534' title='bbox 1186 4007 1553 4078; x_wconf 88' lang='lat' dir='ltr'><strong>testimonium</strong></span> <span class='ocrx_word' id='word_1_535' title='bbox 1590 4021 1699 4078; x_wconf 85' lang='lat' dir='ltr'><strong>non</strong></span> <span class='ocrx_word' id='word_1_536' title='bbox 1743 4005 2092 4078; x_wconf 80' lang='lat' dir='ltr'><strong>recipiantur.</strong></span> 
     </span>
    </p>
   </div>
   <div class='ocr_carea' id='block_1_74' title="bbox 502 4074 2096 4134">
    <p class='ocr_par' dir='ltr' id='par_1_74' title="bbox 502 4074 2096 4134">
     <span class='ocr_line' id='line_1_75' title="bbox 502 4074 2096 4134; baseline 0.003 -6"><span class='ocrx_word' id='word_1_537' title='bbox 502 4074 888 4131; x_wconf 82' lang='lat' dir='ltr'><strong>Coniuratores</strong></span> <span class='ocrx_word' id='word_1_538' title='bbox 949 4085 1126 4133; x_wconf 91' lang='lat' dir='ltr'><strong>tamen</strong></span> <span class='ocrx_word' id='word_1_539' title='bbox 1187 4079 1418 4134; x_wconf 83' lang='lat' dir='ltr'><strong>aliorum</strong></span> <span class='ocrx_word' id='word_1_540' title='bbox 1469 4077 1747 4133; x_wconf 89' lang='lat' dir='ltr'><strong>hominum</strong></span> <span class='ocrx_word' id='word_1_541' title='bbox 1804 4074 1926 4134; x_wconf 78' lang='lat' dir='ltr'><strong>ideo</strong></span> <span class='ocrx_word' id='word_1_542' title='bbox 1973 4093 2096 4134; x_wconf 89' lang='lat' dir='ltr'><strong>esse</strong></span> 
     </span>
    </p>
   </div>
   <div class='ocr_carea' id='block_1_75' title="bbox 503 4147 2094 4220">
    <p class='ocr_par' dir='ltr' id='par_1_75' title="bbox 503 4147 2094 4220">
     <span class='ocr_line' id='line_1_76' title="bbox 503 4147 2094 4220; baseline 0.003 -22"><span class='ocrx_word' id='word_1_543' title='bbox 503 4155 748 4220; x_wconf 80' lang='lat' dir='ltr'><strong>possunt,</strong></span> <span class='ocrx_word' id='word_1_544' title='bbox 779 4147 904 4216; x_wconf 91' lang='lat' dir='ltr'><strong>quia</strong></span> <span class='ocrx_word' id='word_1_545' title='bbox 932 4147 1087 4220; x_wconf 86' lang='lat' dir='ltr'><strong>liberi</strong></span> <span class='ocrx_word' id='word_1_546' title='bbox 1126 4157 1273 4204; x_wconf 91' lang='lat' dir='ltr'><strong>sunt.</strong></span> <span class='ocrx_word' id='word_1_547' title='bbox 1311 4150 1390 4205; x_wconf 90' lang='lat' dir='ltr'><strong>Illi</strong></span> <span class='ocrx_word' id='word_1_548' title='bbox 1423 4163 1568 4220; x_wconf 85' lang='lat' dir='ltr'><strong>vero,</strong></span> <span class='ocrx_word' id='word_1_549' title='bbox 1607 4149 1700 4220; x_wconf 91' lang='lat' dir='ltr'><strong>qui</strong></span> <span class='ocrx_word' id='word_1_550' title='bbox 1731 4157 1784 4203; x_wconf 90' lang='lat' dir='ltr'><strong>et</strong></span> <span class='ocrx_word' id='word_1_551' title='bbox 1814 4149 2094 4220; x_wconf 90' lang='lat' dir='ltr'><strong>proprium</strong></span> 
     </span>
    </p>
   </div>
   <div class='ocr_carea' id='block_1_76' title="bbox 504 4215 2094 4288">
    <p class='ocr_par' dir='ltr' id='par_1_76' title="bbox 504 4215 2094 4288">
     <span class='ocr_line' id='line_1_77' title="bbox 504 4215 2094 4288; baseline 0.003 -20"><span class='ocrx_word' id='word_1_552' title='bbox 504 4215 702 4270; x_wconf 89' lang='lat' dir='ltr'><strong>habent</strong></span> <span class='ocrx_word' id='word_1_553' title='bbox 727 4226 782 4272; x_wconf 91' lang='lat' dir='ltr'><strong>et</strong></span> <span class='ocrx_word' id='word_1_554' title='bbox 802 4215 984 4273; x_wconf 80' lang='lat' dir='ltr'><strong>tamen</strong></span> <span class='ocrx_word' id='word_1_555' title='bbox 1013 4219 1068 4274; x_wconf 90' lang='lat' dir='ltr'><strong>in</strong></span> <span class='ocrx_word' id='word_1_556' title='bbox 1093 4228 1236 4275; x_wconf 89' lang='lat' dir='ltr'><strong>terra</strong></span> <span class='ocrx_word' id='word_1_557' title='bbox 1263 4219 1529 4277; x_wconf 88' lang='lat' dir='ltr'><strong>dominica</strong></span> <span class='ocrx_word' id='word_1_558' title='bbox 1558 4215 2094 4288; x_wconf 62' lang='lat' dir='ltr'><strong>resident,&#39;propter-</strong></span> 
     </span>
    </p>
   </div>
   <div class='ocr_carea' id='block_1_77' title="bbox 501 4289 2090 4360">
    <p class='ocr_par' dir='ltr' id='par_1_77' title="bbox 501 4289 2090 4360">
     <span class='ocr_line' id='line_1_78' title="bbox 501 4289 2090 4360; baseline 0.002 -20"><span class='ocrx_word' id='word_1_559' title='bbox 501 4299 563 4340; x_wconf 88' lang='lat' dir='ltr'><strong>ea</strong></span> <span class='ocrx_word' id='word_1_560' title='bbox 585 4303 706 4360; x_wconf 90' lang='lat' dir='ltr'><strong>_non</strong></span> <span class='ocrx_word' id='word_1_561' title='bbox 742 4289 1072 4354; x_wconf 87' lang='lat' dir='ltr'><strong>abiciantur,</strong></span> <span class='ocrx_word' id='word_1_562' title='bbox 1102 4292 1229 4360; x_wconf 90' lang='lat' dir='ltr'><strong>quia</strong></span> <span class='ocrx_word' id='word_1_563' title='bbox 1260 4293 1312 4346; x_wconf 95' lang='lat' dir='ltr'><strong>in</strong></span> <span class='ocrx_word' id='word_1_564' title='bbox 1343 4301 1486 4347; x_wconf 83' lang='lat' dir='ltr'><strong>terra</strong></span> <span class='ocrx_word' id='word_1_565' title='bbox 1528 4289 1798 4345; x_wconf 92' lang='lat' dir='ltr'><strong>dominica</strong></span> <span class='ocrx_word' id='word_1_566' title='bbox 1827 4291 2090 4354; x_wconf 82' lang='lat' dir='ltr'><strong>resident;</strong></span> 
     </span>
    </p>
   </div>
   <div class='ocr_carea' id='block_1_78' title="bbox 504 4357 2094 4432">
    <p class='ocr_par' dir='ltr' id='par_1_78' title="bbox 504 4357 2094 4432">
     <span class='ocr_line' id='line_1_79' title="bbox 504 4357 2094 4432; baseline 0.003 -23"><span class='ocrx_word' id='word_1_567' title='bbox 504 4357 598 4410; x_wconf 90' lang='lat' dir='ltr'><strong>sed</strong></span> <span class='ocrx_word' id='word_1_568' title='bbox 641 4360 1008 4432; x_wconf 15' lang='lat' dir='ltr'><strong>propter-illoc</strong></span> <span class='ocrx_word' id='word_1_569' title='bbox 1051 4357 1135 4416; x_wconf 61' lang='lat' dir='ltr'><strong>ad</strong></span> <span class='ocrx_word' id='word_1_570' title='bbox 1162 4362 1530 4418; x_wconf 87' lang='lat' dir='ltr'><strong>testimonium</strong></span> <span class='ocrx_word' id='word_1_571' title='bbox 1574 4362 1922 4432; x_wconf 84' lang='lat' dir='ltr'><strong>recipiantur,</strong></span> <span class='ocrx_word' id='word_1_572' title='bbox 1968 4362 2094 4429; x_wconf 88' lang='lat' dir='ltr'><strong>quia</strong></span> 
     </span>
    </p>
   </div>
   <div class='ocr_carea' id='block_1_79' title="bbox 502 4428 1022 4496">
    <p class='ocr_par' dir='ltr' id='par_1_79' title="bbox 502 4428 1022 4496">
     <span class='ocr_line' id='line_1_80' title="bbox 502 4428 1022 4496; baseline 0.01 -17"><span class='ocrx_word' id='word_1_573' title='bbox 502 4428 778 4496; x_wconf 86' lang='lat' dir='ltr'><strong>proprium</strong></span> <span class='ocrx_word' id='word_1_574' title='bbox 805 4431 1022 4484; x_wconf 85' lang='lat' dir='ltr'><strong>habent.</strong></span> 
     </span>
    </p>
   </div>
   <div class='ocr_carea' id='block_1_80' title="bbox 576 4491 2167 4573">
    <p class='ocr_par' dir='ltr' id='par_1_80' title="bbox 576 4491 2167 4573">
     <span class='ocr_line' id='line_1_81' title="bbox 576 4491 2167 4573; baseline 0.001 -23"><span class='ocrx_word' id='word_1_575' title='bbox 576 4491 701 4550; x_wconf 47' lang='lat'><strong>532.</strong></span> <span class='ocrx_word' id='word_1_576' title='bbox 742 4498 818 4552; x_wconf 89' lang='lat' dir='ltr'><strong>De</strong></span> <span class='ocrx_word' id='word_1_577' title='bbox 841 4501 1156 4573; x_wconf 71' lang='lat' dir='ltr'><strong>presbiteris,</strong></span> <span class='ocrx_word' id='word_1_578' title='bbox 1192 4502 1500 4573; x_wconf 83' lang='lat' dir='ltr'><strong>diaconibus</strong></span> <span class='ocrx_word' id='word_1_579' title='bbox 1531 4501 1818 4573; x_wconf 13' lang='lat' dir='ltr'><strong>etrreliquis</strong></span> <span class='ocrx_word' id='word_1_580' title='bbox 1839 4517 1904 4556; x_wconf 79' lang='lat' dir='ltr'><strong>ea:</strong></span> <span class='ocrx_word' id='word_1_581' title='bbox 1925 4500 2083 4556; x_wconf 82' lang='lat' dir='ltr'><strong>clero.</strong></span> <span class='ocrx_word' id='word_1_582' title='bbox 2116 4491 2167 4551; x_wconf 88' lang='lat' dir='ltr'><strong>D</strong></span> 
     </span>
    </p>
   </div>
   <div class='ocr_carea' id='block_1_81' title="bbox 504 4565 2083 4643">
    <p class='ocr_par' dir='ltr' id='par_1_81' title="bbox 504 4565 2083 4643">
     <span class='ocr_line' id='line_1_82' title="bbox 504 4565 2083 4643; baseline 0.004 -25"><span class='ocrx_word' id='word_1_583' title='bbox 504 4565 742 4643; x_wconf 64' lang='lat' dir='ltr'><strong>Qattones</strong></span> <span class='ocrx_word' id='word_1_584' title='bbox 781 4565 948 4643; x_wconf 77' lang='lat' dir='ltr'><strong>sancti</strong></span> <span class='ocrx_word' id='word_1_585' title='bbox 977 4569 1228 4643; x_wconf 79' lang='lat' dir='ltr'><strong>Sylvestri</strong></span> <span class='ocrx_word' id='word_1_586' title='bbox 1257 4582 1305 4626; x_wconf 86' lang='lat' dir='ltr'><strong>et</strong></span> <span class='ocrx_word' id='word_1_587' title='bbox 1329 4572 1556 4627; x_wconf 82' lang='lat' dir='ltr'><strong>aliorum</strong></span> <span class='ocrx_word' id='word_1_588' title='bbox 1579 4572 1684 4628; x_wconf 70' lang='grc'><strong>284</strong></span> <span class='ocrx_word' id='word_1_589' title='bbox 1705 4565 2083 4643; x_wconf 77' lang='lat' dir='ltr'><strong>episcoporum.</strong></span> 
     </span>
    </p>
   </div>
   <div class='ocr_carea' id='block_1_82' title="bbox 505 4635 2088 4713">
    <p class='ocr_par' dir='ltr' id='par_1_82' title="bbox 505 4635 2088 4713">
     <span class='ocr_line' id='line_1_83' title="bbox 505 4635 2088 4713; baseline 0.004 -23"><span class='ocrx_word' id='word_1_590' title='bbox 505 4635 656 4713; x_wconf 80' lang='lat' dir='ltr'><strong>Fecit</strong></span> <span class='ocrx_word' id='word_1_591' title='bbox 686 4638 783 4693; x_wconf 91' lang='lat' dir='ltr'><strong>hos</strong></span> <span class='ocrx_word' id='word_1_592' title='bbox 803 4641 1002 4713; x_wconf 84' lang='lat' dir='ltr'><strong>gradus</strong></span> <span class='ocrx_word' id='word_1_593' title='bbox 1021 4635 1092 4694; x_wconf 63' lang='lat' dir='ltr'><strong>&#39;in</strong></span> <span class='ocrx_word' id='word_1_594' title='bbox 1116 4643 1322 4711; x_wconf 75' lang='lat' dir='ltr'><strong>gremio</strong></span> <span class='ocrx_word' id='word_1_595' title='bbox 1346 4644 1533 4713; x_wconf 88' lang='lat' dir='ltr'><strong>synodi</strong></span> <span class='ocrx_word' id='word_1_596' title='bbox 1550 4682 1565 4708; x_wconf 96' lang='lat'><strong>,</strong></span> <span class='ocrx_word' id='word_1_597' title='bbox 1595 4653 1654 4697; x_wconf 89' lang='lat' dir='ltr'><strong>ut</strong></span> <span class='ocrx_word' id='word_1_598' title='bbox 1689 4635 1795 4696; x_wconf 84' lang='lat' dir='ltr'><strong>non</strong></span> <span class='ocrx_word' id='word_1_599' title='bbox 1820 4635 2088 4710; x_wconf 73' lang='lat' dir='ltr'><strong>presbiter</strong></span> 
     </span>
    </p>
   </div>
   <div class='ocr_carea' id='block_1_83' title="bbox 505 4706 2086 4782">
    <p class='ocr_par' dir='ltr' id='par_1_83' title="bbox 505 4706 2086 4782">
     <span class='ocr_line' id='line_1_84' title="bbox 505 4706 2086 4782; baseline 0.004 -22"><span class='ocrx_word' id='word_1_600' title='bbox 505 4706 766 4764; x_wconf 84' lang='lat' dir='ltr'><strong>adVersus</strong></span> <span class='ocrx_word' id='word_1_601' title='bbox 803 4706 1143 4779; x_wconf 60' lang='lat' dir='ltr'><strong>episcopum:</strong></span> <span class='ocrx_word' id='word_1_602' title='bbox 1166 4727 1273 4768; x_wconf 91' lang='lat' dir='ltr'><strong>non</strong></span> <span class='ocrx_word' id='word_1_603' title='bbox 1312 4706 1569 4769; x_wconf 78' lang='lat' dir='ltr'><strong>diaconus</strong></span> <span class='ocrx_word' id='word_1_604' title='bbox 1599 4706 1856 4768; x_wconf 77' lang='lat' dir='ltr'><strong>adversus</strong></span> <span class='ocrx_word' id='word_1_605' title='bbox 1883 4713 2086 4782; x_wconf 85' lang='lat' dir='ltr'><strong>presbi-</strong></span> 
     </span>
    </p>
   </div>
   <div class='ocr_carea' id='block_1_84' title="bbox 506 4782 2087 4848">
    <p class='ocr_par' dir='ltr' id='par_1_84' title="bbox 506 4782 2087 4848">
     <span class='ocr_line' id='line_1_85' title="bbox 506 4782 2087 4848; baseline 0.004 -16"><span class='ocrx_word' id='word_1_606' title='bbox 506 4787 710 4848; x_wconf 89' lang='lat' dir='ltr'><strong>terum,</strong></span> <span class='ocrx_word' id='word_1_607' title='bbox 755 4796 862 4834; x_wconf 88' lang='lat' dir='ltr'><strong>non</strong></span> <span class='ocrx_word' id='word_1_608' title='bbox 911 4782 1271 4838; x_wconf 85' lang='lat' dir='ltr'><strong>subdiaconus</strong></span> <span class='ocrx_word' id='word_1_609' title='bbox 1313 4783 1575 4839; x_wconf 87' lang='lat' dir='ltr'><strong>adversus</strong></span> <span class='ocrx_word' id='word_1_610' title='bbox 1617 4783 1934 4848; x_wconf 88' lang='lat' dir='ltr'><strong>diaconum,</strong></span> <span class='ocrx_word' id='word_1_611' title='bbox 1979 4799 2087 4838; x_wconf 92' lang='lat' dir='ltr'><strong>non</strong></span> 
     </span>
    </p>
   </div>
   <div class='ocr_carea' id='block_1_85' title="bbox 505 4847 2084 4921">
    <p class='ocr_par' dir='ltr' id='par_1_85' title="bbox 505 4847 2084 4921">
     <span class='ocr_line' id='line_1_86' title="bbox 505 4847 2084 4921; baseline 0.004 -19"><span class='ocrx_word' id='word_1_612' title='bbox 505 4847 734 4904; x_wconf 88' lang='lat' dir='ltr'><strong>acolitus</strong></span> <span class='ocrx_word' id='word_1_613' title='bbox 771 4850 1028 4921; x_wconf 86' lang='lat' dir='ltr'><strong>adversus</strong></span> <span class='ocrx_word' id='word_1_614' title='bbox 1065 4854 1483 4921; x_wconf 90' lang='lat' dir='ltr'><strong>subdiaconum,</strong></span> <span class='ocrx_word' id='word_1_615' title='bbox 1528 4869 1634 4909; x_wconf 92' lang='lat' dir='ltr'><strong>non</strong></span> <span class='ocrx_word' id='word_1_616' title='bbox 1681 4854 1951 4910; x_wconf 78' lang='lat' dir='ltr'><strong>exorcista</strong></span> <span class='ocrx_word' id='word_1_617' title='bbox 1987 4855 2084 4908; x_wconf 89' lang='lat' dir='ltr'><strong>ad-</strong></span> 
     </span>
    </p>
   </div>
   <div class='ocr_carea' id='block_1_86' title="bbox 506 4920 2080 4990">
    <p class='ocr_par' dir='ltr' id='par_1_86' title="bbox 506 4920 2080 4990">
     <span class='ocr_line' id='line_1_87' title="bbox 506 4920 2080 4990; baseline 0.004 -18"><span class='ocrx_word' id='word_1_618' title='bbox 506 4935 696 4976; x_wconf 90' lang='lat' dir='ltr'><strong>versus</strong></span> <span class='ocrx_word' id='word_1_619' title='bbox 746 4920 1018 4986; x_wconf 85' lang='lat' dir='ltr'><strong>acolitum,</strong></span> <span class='ocrx_word' id='word_1_620' title='bbox 1061 4939 1162 4980; x_wconf 89' lang='lat' dir='ltr'><strong>nec</strong></span> <span class='ocrx_word' id='word_1_621' title='bbox 1211 4925 1379 4979; x_wconf 89' lang='lat' dir='ltr'><strong>lector</strong></span> <span class='ocrx_word' id='word_1_622' title='bbox 1435 4926 1693 4980; x_wconf 86' lang='lat' dir='ltr'><strong>adversus</strong></span> <span class='ocrx_word' id='word_1_623' title='bbox 1735 4925 2080 4990; x_wconf 80' lang='lat' dir='ltr'><strong>exorcistam,</strong></span> 
     </span>
    </p>
   </div>
   <div class='ocr_carea' id='block_1_87' title="bbox 506 4991 2089 5052">
    <p class='ocr_par' dir='ltr' id='par_1_87' title="bbox 506 4991 2089 5052">
     <span class='ocr_line' id='line_1_88' title="bbox 506 4991 2089 5052; baseline 0.003 -9"><span class='ocrx_word' id='word_1_624' title='bbox 506 5007 613 5045; x_wconf 91' lang='lat' dir='ltr'><strong>non</strong></span> <span class='ocrx_word' id='word_1_625' title='bbox 660 4991 918 5047; x_wconf 89' lang='lat' dir='ltr'><strong>ostiarius</strong></span> <span class='ocrx_word' id='word_1_626' title='bbox 960 4994 1219 5050; x_wconf 86' lang='lat' dir='ltr'><strong>adversus</strong></span> <span class='ocrx_word' id='word_1_627' title='bbox 1255 4996 1508 5052; x_wconf 87' lang='lat' dir='ltr'><strong>lectorem</strong></span> <span class='ocrx_word' id='word_1_628' title='bbox 1559 4997 1650 5052; x_wconf 89' lang='lat' dir='ltr'><strong>det</strong></span> <span class='ocrx_word' id='word_1_629' title='bbox 1689 4995 2089 5051; x_wconf 81' lang='lat' dir='ltr'><strong>accusationem</strong></span> 
     </span>
    </p>
   </div>
   <div class='ocr_carea' id='block_1_88' title="bbox 505 5061 2085 5136">
    <p class='ocr_par' dir='ltr' id='par_1_88' title="bbox 505 5061 2085 5136">
     <span class='ocr_line' id='line_1_89' title="bbox 505 5061 2085 5136; baseline 0.004 -22"><span class='ocrx_word' id='word_1_630' title='bbox 505 5061 762 5136; x_wconf 81' lang='lat' dir='ltr'><strong>aliquam.</strong></span> <span class='ocrx_word' id='word_1_631' title='bbox 791 5063 870 5136; x_wconf 74' lang='lat' dir='ltr'><strong>_Et</strong></span> <span class='ocrx_word' id='word_1_632' title='bbox 907 5079 1016 5119; x_wconf 92' lang='lat' dir='ltr'><strong>non</strong></span> <span class='ocrx_word' id='word_1_633' title='bbox 1049 5065 1429 5136; x_wconf 89' lang='lat' dir='ltr'><strong>dampnabitur</strong></span> <span class='ocrx_word' id='word_1_634' title='bbox 1466 5067 1684 5136; x_wconf 87' lang='lat' dir='ltr'><strong>praesul</strong></span> <span class='ocrx_word' id='word_1_635' title='bbox 1723 5067 1840 5122; x_wconf 88' lang='lat' dir='ltr'><strong>sine</strong></span> <span class='ocrx_word' id='word_1_636' title='bbox 1866 5077 2085 5134; x_wconf 82' lang='lat' dir='ltr'><strong>septua-</strong></span> 
     </span>
    </p>
   </div>
   <div class='ocr_carea' id='block_1_89' title="bbox 505 5133 2091 5207">
    <p class='ocr_par' dir='ltr' id='par_1_89' title="bbox 505 5133 2091 5207">
     <span class='ocr_line' id='line_1_90' title="bbox 505 5133 2091 5207; baseline 0.003 -21"><span class='ocrx_word' id='word_1_637' title='bbox 505 5133 652 5201; x_wconf 76' lang='lat' dir='ltr'><strong>ginta</strong></span> <span class='ocrx_word' id='word_1_638' title='bbox 683 5133 891 5207; x_wconf 78' lang='lat' dir='ltr'><strong>duobus</strong></span> <span class='ocrx_word' id='word_1_639' title='bbox 917 5133 1368 5206; x_wconf 52' lang='lat' dir='ltr'><strong>testibusfneque</strong></span> <span class='ocrx_word' id='word_1_640' title='bbox 1387 5133 1603 5207; x_wconf 83' lang='lat' dir='ltr'><strong>praesul</strong></span> <span class='ocrx_word' id='word_1_641' title='bbox 1629 5153 1874 5193; x_wconf 88' lang='lat' dir='ltr'><strong>summus</strong></span> <span class='ocrx_word' id='word_1_642' title='bbox 1901 5133 2091 5205; x_wconf 78' lang='lat' dir='ltr'><strong>aquo-</strong></span> 
     </span>
    </p>
   </div>
   <div class='ocr_carea' id='block_1_90' title="bbox 506 5204 2085 5278">
    <p class='ocr_par' dir='ltr' id='par_1_90' title="bbox 506 5204 2085 5278">
     <span class='ocr_line' id='line_1_91' title="bbox 506 5204 2085 5278; baseline 0.002 -21"><span class='ocrx_word' id='word_1_643' title='bbox 506 5218 668 5278; x_wconf 83' lang='lat' dir='ltr'><strong>quam</strong></span> <span class='ocrx_word' id='word_1_644' title='bbox 715 5204 1052 5278; x_wconf 82' lang='lat' dir='ltr'><strong>iudicabitur,</strong></span> <span class='ocrx_word' id='word_1_645' title='bbox 1100 5204 1354 5276; x_wconf 80' lang='lat' dir='ltr'><strong>quoniam</strong></span> <span class='ocrx_word' id='word_1_646' title='bbox 1389 5204 1668 5278; x_wconf 75' lang='lat' dir='ltr'><strong>scriptum</strong></span> <span class='ocrx_word' id='word_1_647' title='bbox 1710 5217 1829 5264; x_wconf 89' lang='lat' dir='ltr'><strong>est:</strong></span> <span class='ocrx_word' id='word_1_648' title='bbox 1860 5204 1990 5278; x_wconf 82' lang='lat' dir='ltr'><strong>Non</strong></span> <span class='ocrx_word' id='word_1_649' title='bbox 2011 5217 2085 5261; x_wconf 84' lang='lat' dir='ltr'><strong>est</strong></span> 
     </span>
    </p>
   </div>
   <div class='ocr_carea' id='block_1_91' title="bbox 505 5274 2086 5349">
    <p class='ocr_par' dir='ltr' id='par_1_91' title="bbox 505 5274 2086 5349">
     <span class='ocr_line' id='line_1_92' title="bbox 505 5274 2086 5349; baseline 0.004 -23"><span class='ocrx_word' id='word_1_650' title='bbox 505 5274 790 5349; x_wconf 71' lang='lat' dir='ltr'><strong>discipulus</strong></span> <span class='ocrx_word' id='word_1_651' title='bbox 825 5293 980 5347; x_wconf 82' lang='lat' dir='ltr'><strong>super</strong></span> <span class='ocrx_word' id='word_1_652' title='bbox 1013 5274 1345 5349; x_wconf 63' lang='lat' dir='ltr'><strong>magistrum.</strong></span> <span class='ocrx_word' id='word_1_653' title='bbox 1375 5274 1648 5335; x_wconf 86' lang='lat' dir='ltr'><strong>Presbiter</strong></span> <span class='ocrx_word' id='word_1_654' title='bbox 1673 5287 1852 5333; x_wconf 85' lang='lat' dir='ltr'><strong>autem</strong></span> <span class='ocrx_word' id='word_1_655' title='bbox 1887 5277 2086 5349; x_wconf 90' lang='lat' dir='ltr'><strong>nisiiu</strong></span> 
     </span>
    </p>
   </div>
   <div class='ocr_carea' id='block_1_92' title="bbox 507 5346 2086 5423">
    <p class='ocr_par' dir='ltr' id='par_1_92' title="bbox 507 5346 2086 5423">
     <span class='ocr_line' id='line_1_93' title="bbox 507 5346 2086 5423; baseline 0.003 -26"><span class='ocrx_word' id='word_1_656' title='bbox 507 5346 859 5423; x_wconf 76' lang='lat' dir='ltr'><strong>quadraginta</strong></span> <span class='ocrx_word' id='word_1_657' title='bbox 889 5346 1132 5417; x_wconf 81' lang='lat' dir='ltr'><strong>quatuor</strong></span> <span class='ocrx_word' id='word_1_658' title='bbox 1164 5351 1392 5406; x_wconf 87' lang='lat' dir='ltr'><strong>testibus</strong></span> <span class='ocrx_word' id='word_1_659' title='bbox 1423 5365 1532 5407; x_wconf 86' lang='lat' dir='ltr'><strong>non</strong></span> <span class='ocrx_word' id='word_1_660' title='bbox 1551 5349 1927 5407; x_wconf 78' lang='lat' dir='ltr'><strong>damnabitur.</strong></span> <span class='ocrx_word' id='word_1_661' title='bbox 1957 5348 2086 5403; x_wconf 88' lang='lat' dir='ltr'><strong>Dia-</strong></span> 
     </span>
    </p>
   </div>
   <div class='ocr_carea' id='block_1_93' title="bbox 2188 1821 3786 1897">
    <p class='ocr_par' dir='ltr' id='par_1_93' title="bbox 2188 1821 3786 1897">
     <span class='ocr_line' id='line_1_94' title="bbox 2188 1821 3786 1897; baseline -0.005 -15"><span class='ocrx_word' id='word_1_662' title='bbox 2188 1821 2249 1882; x_wconf 77' lang='lat' dir='ltr'><strong>ut</strong></span> <span class='ocrx_word' id='word_1_663' title='bbox 2276 1842 2375 1897; x_wconf 88' lang='lat' dir='ltr'><strong>per</strong></span> <span class='ocrx_word' id='word_1_664' title='bbox 2394 1841 2452 1881; x_wconf 90' lang='lat' dir='ltr'><strong>se</strong></span> <span class='ocrx_word' id='word_1_665' title='bbox 2484 1841 2592 1882; x_wconf 90' lang='lat' dir='ltr'><strong>non</strong></span> <span class='ocrx_word' id='word_1_666' title='bbox 2619 1825 2790 1897; x_wconf 87' lang='lat' dir='ltr'><strong>possit</strong></span> <span class='ocrx_word' id='word_1_667' title='bbox 2813 1825 2847 1897; x_wconf 78' lang='lat'><strong>&#39;_</strong></span> <span class='ocrx_word' id='word_1_668' title='bbox 2863 1821 3041 1897; x_wconf 78' lang='lat' dir='ltr'><strong>arare,</strong></span> <span class='ocrx_word' id='word_1_669' title='bbox 3067 1833 3297 1894; x_wconf 85' lang='lat' dir='ltr'><strong>quatuor</strong></span> <span class='ocrx_word' id='word_1_670' title='bbox 3319 1821 3572 1897; x_wconf 68' lang='lat' dir='ltr'><strong>animalia</strong></span> <span class='ocrx_word' id='word_1_671' title='bbox 3595 1821 3786 1886; x_wconf 86' lang='lat' dir='ltr'><strong>habet,</strong></span> 
     </span>
    </p>
   </div>
   <div class='ocr_carea' id='block_1_94' title="bbox 2190 1892 3785 1962">
    <p class='ocr_par' dir='ltr' id='par_1_94' title="bbox 2190 1892 3785 1962">
     <span class='ocr_line' id='line_1_95' title="bbox 2190 1892 3785 1962; baseline -0.004 -10"><span class='ocrx_word' id='word_1_672' title='bbox 2190 1892 2314 1954; x_wconf 79' lang='lat' dir='ltr'><strong>cum</strong></span> <span class='ocrx_word' id='word_1_673' title='bbox 2345 1897 2456 1962; x_wconf 91' lang='lat' dir='ltr'><strong>eis,</strong></span> <span class='ocrx_word' id='word_1_674' title='bbox 2492 1892 2712 1951; x_wconf 80' lang='lat' dir='ltr'><strong>sociatis</strong></span> <span class='ocrx_word' id='word_1_675' title='bbox 2751 1895 2854 1950; x_wconf 93' lang='lat' dir='ltr'><strong>sibi</strong></span> <span class='ocrx_word' id='word_1_676' title='bbox 2895 1895 3036 1960; x_wconf 89' lang='lat' dir='ltr'><strong>aliis,</strong></span> <span class='ocrx_word' id='word_1_677' title='bbox 3074 1892 3191 1948; x_wconf 79' lang='lat' dir='ltr'><strong>aret</strong></span> <span class='ocrx_word' id='word_1_678' title='bbox 3217 1907 3326 1946; x_wconf 90' lang='lat' dir='ltr'><strong>uno</strong></span> <span class='ocrx_word' id='word_1_679' title='bbox 3364 1892 3450 1946; x_wconf 91' lang='lat' dir='ltr'><strong>die</strong></span> <span class='ocrx_word' id='word_1_680' title='bbox 3491 1893 3546 1945; x_wconf 92' lang='lat' dir='ltr'><strong>in</strong></span> <span class='ocrx_word' id='word_1_681' title='bbox 3587 1907 3785 1962; x_wconf 86' lang='lat' dir='ltr'><strong>campo</strong></span> 
     </span>
    </p>
   </div>
   <div class='ocr_carea' id='block_1_95' title="bbox 2188 1963 3786 2036">
    <p class='ocr_par' dir='ltr' id='par_1_95' title="bbox 2188 1963 3786 2036">
     <span class='ocr_line' id='line_1_96' title="bbox 2188 1963 3786 2036; baseline -0.003 -13"><span class='ocrx_word' id='word_1_682' title='bbox 2188 1968 2438 2032; x_wconf 88' lang='lat' dir='ltr'><strong>senioris,</strong></span> <span class='ocrx_word' id='word_1_683' title='bbox 2464 1975 2521 2022; x_wconf 90' lang='lat' dir='ltr'><strong>et</strong></span> <span class='ocrx_word' id='word_1_684' title='bbox 2546 1982 2712 2021; x_wconf 91' lang='lat' dir='ltr'><strong>unum</strong></span> <span class='ocrx_word' id='word_1_685' title='bbox 2757 1965 2900 2036; x_wconf 88' lang='lat' dir='ltr'><strong>diem</strong></span> <span class='ocrx_word' id='word_1_686' title='bbox 2943 1964 3286 2036; x_wconf 88' lang='lat' dir='ltr'><strong>postmodum</strong></span> <span class='ocrx_word' id='word_1_687' title='bbox 3321 1963 3394 2036; x_wconf 27' lang='lat' dir='ltr'><strong>in‘</strong></span> <span class='ocrx_word' id='word_1_688' title='bbox 3417 1963 3536 2036; x_wconf 81' lang='lat' dir='ltr'><strong>ipsa</strong></span> <span class='ocrx_word' id='word_1_689' title='bbox 3578 1963 3786 2036; x_wconf 74' lang='lat' dir='ltr'><strong>hebdo-</strong></span> 
     </span>
    </p>
   </div>
   <div class='ocr_carea' id='block_1_96' title="bbox 2188 2031 3781 2107">
    <p class='ocr_par' dir='ltr' id='par_1_96' title="bbox 2188 2031 3781 2107">
     <span class='ocr_line' id='line_1_97' title="bbox 2188 2031 3781 2107; baseline -0.004 -15"><span class='ocrx_word' id='word_1_690' title='bbox 2188 2041 2347 2094; x_wconf 90' lang='lat' dir='ltr'><strong>mada</strong></span> <span class='ocrx_word' id='word_1_691' title='bbox 2377 2031 2542 2107; x_wconf 87' lang='lat' dir='ltr'><strong>opera</strong></span> <span class='ocrx_word' id='word_1_692' title='bbox 2579 2052 2833 2090; x_wconf 90' lang='lat' dir='ltr'><strong>manuum</strong></span> <span class='ocrx_word' id='word_1_693' title='bbox 2870 2031 3054 2107; x_wconf 73' lang='lat' dir='ltr'><strong>faciat.</strong></span> <span class='ocrx_word' id='word_1_694' title='bbox 3093 2035 3160 2089; x_wconf 87' lang='lat' dir='ltr'><strong>Et</strong></span> <span class='ocrx_word' id='word_1_695' title='bbox 3197 2033 3288 2104; x_wconf 92' lang='lat' dir='ltr'><strong>qui</strong></span> <span class='ocrx_word' id='word_1_696' title='bbox 3323 2031 3456 2088; x_wconf 90' lang='lat' dir='ltr'><strong>nihil</strong></span> <span class='ocrx_word' id='word_1_697' title='bbox 3483 2032 3680 2107; x_wconf 44' lang='lat' dir='ltr'><strong>exuhis</strong></span> <span class='ocrx_word' id='word_1_698' title='bbox 3704 2031 3781 2086; x_wconf 79' lang='lat' dir='ltr'><strong>fa-</strong></span> 
     </span>
    </p>
   </div>
   <div class='ocr_carea' id='block_1_97' title="bbox 2189 2103 3782 2178">
    <p class='ocr_par' dir='ltr' id='par_1_97' title="bbox 2189 2103 3782 2178">
     <span class='ocr_line' id='line_1_98' title="bbox 2189 2103 3782 2178; baseline -0.004 -14"><span class='ocrx_word' id='word_1_699' title='bbox 2189 2123 2312 2165; x_wconf 90' lang='lat' dir='ltr'><strong>cere</strong></span> <span class='ocrx_word' id='word_1_700' title='bbox 2348 2103 2525 2178; x_wconf 73' lang='lat' dir='ltr'><strong>potest</strong></span> <span class='ocrx_word' id='word_1_701' title='bbox 2555 2121 2728 2177; x_wconf 87' lang='lat' dir='ltr'><strong>neque</strong></span> <span class='ocrx_word' id='word_1_702' title='bbox 2759 2106 3012 2178; x_wconf 83' lang='lat' dir='ltr'><strong>animalia</strong></span> <span class='ocrx_word' id='word_1_703' title='bbox 3049 2103 3239 2166; x_wconf 76' lang='lat' dir='ltr'><strong>habet,</strong></span> <span class='ocrx_word' id='word_1_704' title='bbox 3267 2118 3365 2173; x_wconf 86' lang='lat' dir='ltr'><strong>per</strong></span> <span class='ocrx_word' id='word_1_705' title='bbox 3404 2112 3514 2178; x_wconf 74' lang='lat' dir='ltr'><strong>tres</strong></span> <span class='ocrx_word' id='word_1_706' title='bbox 3539 2103 3660 2157; x_wconf 89' lang='lat' dir='ltr'><strong>dies</strong></span> <span class='ocrx_word' id='word_1_707' title='bbox 3701 2119 3782 2158; x_wconf 86' lang='lat' dir='ltr'><strong>se-</strong></span> 
     </span>
    </p>
   </div>
   <div class='ocr_carea' id='block_1_98' title="bbox 2189 2173 3786 2254">
    <p class='ocr_par' dir='ltr' id='par_1_98' title="bbox 2189 2173 3786 2254">
     <span class='ocr_line' id='line_1_99' title="bbox 2189 2173 3786 2254; baseline -0.005 -20"><span class='ocrx_word' id='word_1_708' title='bbox 2189 2173 2484 2234; x_wconf 51' lang='lat' dir='ltr'><strong>niori—suo</strong></span> <span class='ocrx_word' id='word_1_709' title='bbox 2538 2173 2788 2254; x_wconf 77' lang='lat' dir='ltr'><strong>manibus</strong></span> <span class='ocrx_word' id='word_1_710' title='bbox 2839 2177 2868 2208; x_wconf 65' lang='lat'><strong>°‘</strong></span> <span class='ocrx_word' id='word_1_711' title='bbox 2893 2193 2924 2231; x_wconf 87' lang='lat' dir='ltr'><strong>a</strong></span> <span class='ocrx_word' id='word_1_712' title='bbox 2970 2191 3354 2254; x_wconf 39' lang='lat' dir='ltr'><strong>mane-usque</strong></span> <span class='ocrx_word' id='word_1_713' title='bbox 3391 2173 3459 2228; x_wconf 87' lang='lat' dir='ltr'><strong>ad</strong></span> <span class='ocrx_word' id='word_1_714' title='bbox 3497 2188 3786 2254; x_wconf 76' lang='lat' dir='ltr'><strong>vesperam</strong></span> 
     </span>
    </p>
   </div>
   <div class='ocr_carea' id='block_1_99' title="bbox 2189 2245 3786 2320">
    <p class='ocr_par' dir='ltr' id='par_1_99' title="bbox 2189 2245 3786 2320">
     <span class='ocr_line' id='line_1_100' title="bbox 2189 2245 3786 2320; baseline -0.006 -14"><span class='ocrx_word' id='word_1_715' title='bbox 2189 2257 2460 2320; x_wconf 81' lang='lat' dir='ltr'><strong>Operetnr,</strong></span> <span class='ocrx_word' id='word_1_716' title='bbox 2495 2257 2549 2302; x_wconf 86' lang='lat' dir='ltr'><strong>et</strong></span> <span class='ocrx_word' id='word_1_717' title='bbox 2571 2249 2752 2303; x_wconf 87' lang='lat' dir='ltr'><strong>senior</strong></span> <span class='ocrx_word' id='word_1_718' title='bbox 2788 2263 2920 2303; x_wconf 89' lang='lat' dir='ltr'><strong>suus</strong></span> <span class='ocrx_word' id='word_1_719' title='bbox 2949 2249 3105 2320; x_wconf 87' lang='lat' dir='ltr'><strong>abeo</strong></span> <span class='ocrx_word' id='word_1_720' title='bbox 3140 2247 3159 2276; x_wconf 83' lang='grc'><strong>⁷</strong></span> <span class='ocrx_word' id='word_1_721' title='bbox 3195 2245 3426 2320; x_wconf 79' lang='lat' dir='ltr'><strong>amplius</strong></span> <span class='ocrx_word' id='word_1_722' title='bbox 3453 2260 3562 2298; x_wconf 87' lang='lat' dir='ltr'><strong>non</strong></span> <span class='ocrx_word' id='word_1_723' title='bbox 3601 2245 3786 2320; x_wconf 60' lang='lat' dir='ltr'><strong>tequi-</strong></span> 
     </span>
    </p>
   </div>
   <div class='ocr_carea' id='block_1_100' title="bbox 2191 2313 3787 2388">
    <p class='ocr_par' dir='ltr' id='par_1_100' title="bbox 2191 2313 3787 2388">
     <span class='ocr_line' id='line_1_101' title="bbox 2191 2313 3787 2388; baseline -0.006 -13"><span class='ocrx_word' id='word_1_724' title='bbox 2191 2313 2314 2376; x_wconf 76' lang='lat' dir='ltr'><strong>rat:</strong></span> <span class='ocrx_word' id='word_1_725' title='bbox 2340 2320 2568 2374; x_wconf 88' lang='lat' dir='ltr'><strong>diversis</strong></span> <span class='ocrx_word' id='word_1_726' title='bbox 2604 2332 2836 2388; x_wconf 88' lang='lat' dir='ltr'><strong>namque</strong></span> <span class='ocrx_word' id='word_1_727' title='bbox 2866 2319 3040 2374; x_wconf 91' lang='lat' dir='ltr'><strong>modis</strong></span> <span class='ocrx_word' id='word_1_728' title='bbox 3079 2319 3212 2372; x_wconf 84' lang='lat' dir='ltr'><strong>haec</strong></span> <span class='ocrx_word' id='word_1_729' title='bbox 3239 2313 3563 2388; x_wconf 70' lang='lat' dir='ltr'><strong>agebantur.</strong></span> <span class='ocrx_word' id='word_1_730' title='bbox 3588 2313 3634 2366; x_wconf 73' lang='grc' dir='ltr'><strong>Α</strong></span> <span class='ocrx_word' id='word_1_731' title='bbox 3663 2316 3787 2388; x_wconf 89' lang='lat' dir='ltr'><strong>qui-</strong></span> 
     </span>
    </p>
   </div>
   <div class='ocr_carea' id='block_1_101' title="bbox 2189 2385 3780 2458">
    <p class='ocr_par' dir='ltr' id='par_1_101' title="bbox 2189 2385 3780 2458">
     <span class='ocr_line' id='line_1_102' title="bbox 2189 2385 3780 2458; baseline -0.006 -12"><span class='ocrx_word' id='word_1_732' title='bbox 2189 2391 2416 2458; x_wconf 88' lang='lat' dir='ltr'><strong>busdam</strong></span> <span class='ocrx_word' id='word_1_733' title='bbox 2457 2398 2566 2444; x_wconf 91' lang='lat' dir='ltr'><strong>tota</strong></span> <span class='ocrx_word' id='word_1_734' title='bbox 2602 2385 2937 2457; x_wconf 76' lang='lat' dir='ltr'><strong>hebdomade</strong></span> <span class='ocrx_word' id='word_1_735' title='bbox 2966 2385 3416 2458; x_wconf 11' lang='lat' dir='ltr'><strong>&#39;operabatur,‘a</strong></span> <span class='ocrx_word' id='word_1_736' title='bbox 3453 2385 3780 2458; x_wconf 82' lang='lat' dir='ltr'><strong>quibusdam</strong></span> 
     </span>
    </p>
   </div>
   <div class='ocr_carea' id='block_1_102' title="bbox 2193 2455 3780 2530">
    <p class='ocr_par' dir='ltr' id='par_1_102' title="bbox 2193 2455 3780 2530">
     <span class='ocr_line' id='line_1_103' title="bbox 2193 2455 3780 2530; baseline -0.006 -14"><span class='ocrx_word' id='word_1_737' title='bbox 2193 2457 2432 2524; x_wconf 89' lang='lat' dir='ltr'><strong>dimidia,</strong></span> <span class='ocrx_word' id='word_1_738' title='bbox 2464 2469 2518 2516; x_wconf 90' lang='lat' dir='ltr'><strong>et</strong></span> <span class='ocrx_word' id='word_1_739' title='bbox 2547 2475 2578 2514; x_wconf 91' lang='lat' dir='ltr'><strong>a</strong></span> <span class='ocrx_word' id='word_1_740' title='bbox 2604 2455 2927 2530; x_wconf 84' lang='lat' dir='ltr'><strong>quibusdam</strong></span> <span class='ocrx_word' id='word_1_741' title='bbox 2956 2455 3061 2514; x_wconf 83' lang='lat' dir='ltr'><strong>duo</strong></span> <span class='ocrx_word' id='word_1_742' title='bbox 3089 2459 3233 2530; x_wconf 66' lang='lat' dir='ltr'><strong>dies.</strong></span> <span class='ocrx_word' id='word_1_743' title='bbox 3268 2456 3475 2530; x_wconf 80' lang='lat' dir='ltr'><strong>Idcirco</strong></span> <span class='ocrx_word' id='word_1_744' title='bbox 3499 2455 3638 2530; x_wconf 72' lang='lat' dir='ltr'><strong>haec</strong></span> <span class='ocrx_word' id='word_1_745' title='bbox 3669 2465 3780 2530; x_wconf 81' lang='lat' dir='ltr'><strong>sta-</strong></span> 
     </span>
    </p>
   </div>
   <div class='ocr_carea' id='block_1_103' title="bbox 2192 2525 3787 2605">
    <p class='ocr_par' dir='ltr' id='par_1_103' title="bbox 2192 2525 3787 2605">
     <span class='ocr_line' id='line_1_104' title="bbox 2192 2525 3787 2605; baseline -0.005 -19"><span class='ocrx_word' id='word_1_746' title='bbox 2192 2533 2413 2605; x_wconf 80' lang='lat' dir='ltr'><strong>tuimus,</strong></span> <span class='ocrx_word' id='word_1_747' title='bbox 2453 2541 2513 2586; x_wconf 90' lang='lat' dir='ltr'><strong>ut</strong></span> <span class='ocrx_word' id='word_1_748' title='bbox 2553 2525 2852 2605; x_wconf 72' lang='lat' dir='ltr'><strong>nefamilia</strong></span> <span class='ocrx_word' id='word_1_749' title='bbox 2896 2546 2954 2586; x_wconf 88' lang='lat' dir='ltr'><strong>se</strong></span> <span class='ocrx_word' id='word_1_750' title='bbox 2994 2545 3024 2584; x_wconf 92' lang='lat' dir='ltr'><strong>a</strong></span> <span class='ocrx_word' id='word_1_751' title='bbox 3053 2525 3343 2605; x_wconf 72' lang='lat' dir='ltr'><strong>praedictis</strong></span> <span class='ocrx_word' id='word_1_752' title='bbox 3375 2525 3787 2605; x_wconf 78' lang='lat' dir='ltr'><strong>operibus_sub-</strong></span> 
     </span>
    </p>
   </div>
   <div class='ocr_carea' id='block_1_104' title="bbox 2196 2595 3788 2672">
    <p class='ocr_par' dir='ltr' id='par_1_104' title="bbox 2196 2595 3788 2672">
     <span class='ocr_line' id='line_1_105' title="bbox 2196 2595 3788 2672; baseline -0.006 -16"><span class='ocrx_word' id='word_1_753' title='bbox 2196 2601 2410 2656; x_wconf 90' lang='lat' dir='ltr'><strong>trahere</strong></span> <span class='ocrx_word' id='word_1_754' title='bbox 2449 2603 2650 2672; x_wconf 91' lang='lat' dir='ltr'><strong>possit,</strong></span> <span class='ocrx_word' id='word_1_755' title='bbox 2689 2614 2866 2670; x_wconf 88' lang='lat' dir='ltr'><strong>neque</strong></span> <span class='ocrx_word' id='word_1_756' title='bbox 2919 2616 2949 2654; x_wconf 90' lang='lat' dir='ltr'><strong>a</strong></span> <span class='ocrx_word' id='word_1_757' title='bbox 2985 2595 3288 2672; x_wconf 79' lang='lat' dir='ltr'><strong>senioribus</strong></span> <span class='ocrx_word' id='word_1_758' title='bbox 3326 2595 3573 2672; x_wconf 73' lang='lat' dir='ltr'><strong>amplius</strong></span> <span class='ocrx_word' id='word_1_759' title='bbox 3599 2595 3673 2648; x_wconf 86' lang='lat' dir='ltr'><strong>ab</strong></span> <span class='ocrx_word' id='word_1_760' title='bbox 3707 2596 3788 2648; x_wconf 86' lang='lat' dir='ltr'><strong>eis</strong></span> 
     </span>
    </p>
   </div>
   <div class='ocr_carea' id='block_1_105' title="bbox 2194 2665 3788 2743">
    <p class='ocr_par' dir='ltr' id='par_1_105' title="bbox 2194 2665 3788 2743">
     <span class='ocr_line' id='line_1_106' title="bbox 2194 2665 3788 2743; baseline -0.005 -17"><span class='ocrx_word' id='word_1_761' title='bbox 2194 2665 2520 2743; x_wconf 73' lang='lat' dir='ltr'><strong>requiratur.</strong></span> <span class='ocrx_word' id='word_1_762' title='bbox 2560 2665 2754 2742; x_wconf 17' lang='lat' dir='ltr'><strong>Et’qui</strong></span> <span class='ocrx_word' id='word_1_763' title='bbox 2777 2665 3234 2743; x_wconf 56' lang='lat' dir='ltr'><strong>&#39;minusquartae</strong></span> <span class='ocrx_word' id='word_1_764' title='bbox 3268 2665 3505 2743; x_wconf 65' lang='lat' dir='ltr'><strong>optimae</strong></span> <span class='ocrx_word' id='word_1_765' title='bbox 3537 2665 3606 2743; x_wconf 83' lang='lat' dir='ltr'><strong>_de</strong></span> <span class='ocrx_word' id='word_1_766' title='bbox 3640 2671 3788 2720; x_wconf 86' lang='lat' dir='ltr'><strong>terra</strong></span> 
     </span>
    </p>
   </div>
   <div class='ocr_carea' id='block_1_106' title="bbox 2196 2737 3790 2818">
    <p class='ocr_par' dir='ltr' id='par_1_106' title="bbox 2196 2737 3790 2818">
     <span class='ocr_line' id='line_1_107' title="bbox 2196 2737 3790 2818; baseline -0.005 -20"><span class='ocrx_word' id='word_1_767' title='bbox 2196 2737 2376 2818; x_wconf 78' lang='lat' dir='ltr'><strong>habet,</strong></span> <span class='ocrx_word' id='word_1_768' title='bbox 2403 2737 2699 2818; x_wconf 72' lang='lat' dir='ltr'><strong>secundum</strong></span> <span class='ocrx_word' id='word_1_769' title='bbox 2731 2737 3176 2818; x_wconf 73' lang='lat' dir='ltr'><strong>aestimationem</strong></span> <span class='ocrx_word' id='word_1_770' title='bbox 3202 2753 3354 2818; x_wconf 44' lang='lat' dir='ltr'><strong>suae.</strong></span> <span class='ocrx_word' id='word_1_771' title='bbox 3372 2737 3583 2818; x_wconf 77' lang='lat' dir='ltr'><strong>telluris</strong></span> <span class='ocrx_word' id='word_1_772' title='bbox 3606 2751 3790 2818; x_wconf 69' lang='lat' dir='ltr'><strong>opera</strong></span> 
     </span>
    </p>
   </div>
   <div class='ocr_carea' id='block_1_107' title="bbox 2194 2805 3788 2888">
    <p class='ocr_par' dir='ltr' id='par_1_107' title="bbox 2194 2805 3788 2888">
     <span class='ocr_line' id='line_1_108' title="bbox 2194 2805 3788 2888; baseline -0.006 -20"><span class='ocrx_word' id='word_1_773' title='bbox 2194 2805 2376 2868; x_wconf 75' lang='lat' dir='ltr'><strong>faciat.</strong></span> <span class='ocrx_word' id='word_1_774' title='bbox 2433 2813 2594 2888; x_wconf 64' lang='lat' dir='ltr'><strong>Haec</strong></span> <span class='ocrx_word' id='word_1_775' title='bbox 2621 2813 2695 2888; x_wconf 80' lang='lat' dir='ltr'><strong>ab</strong></span> <span class='ocrx_word' id='word_1_776' title='bbox 2727 2811 2996 2868; x_wconf 82' lang='lat' dir='ltr'><strong>Adalardo</strong></span> <span class='ocrx_word' id='word_1_777' title='bbox 3035 2812 3238 2867; x_wconf 90' lang='lat' dir='ltr'><strong>comite</strong></span> <span class='ocrx_word' id='word_1_778' title='bbox 3260 2807 3460 2888; x_wconf 56' lang='lat' dir='ltr'><strong>palatii</strong></span> <span class='ocrx_word' id='word_1_779' title='bbox 3497 2805 3676 2888; x_wconf 65' lang='lat' dir='ltr'><strong>nostri</strong></span> <span class='ocrx_word' id='word_1_780' title='bbox 3722 2805 3788 2859; x_wconf 82' lang='lat' dir='ltr'><strong>ad</strong></span> 
     </span>
    </p>
   </div>
   <div class='ocr_carea' id='block_1_108' title="bbox 2195 2878 3782 2940">
    <p class='ocr_par' dir='ltr' id='par_1_108' title="bbox 2195 2878 3782 2940">
     <span class='ocr_line' id='line_1_109' title="bbox 2195 2878 3782 2940; baseline -0.007 0"><span class='ocrx_word' id='word_1_781' title='bbox 2195 2899 2383 2940; x_wconf 85' lang='lat' dir='ltr'><strong>eorum</strong></span> <span class='ocrx_word' id='word_1_782' title='bbox 2435 2883 2860 2939; x_wconf 81' lang='lat' dir='ltr'><strong>satisfactionem</strong></span> <span class='ocrx_word' id='word_1_783' title='bbox 2903 2898 3009 2937; x_wconf 91' lang='lat' dir='ltr'><strong>una</strong></span> <span class='ocrx_word' id='word_1_784' title='bbox 3052 2898 3178 2937; x_wconf 90' lang='lat' dir='ltr'><strong>cum</strong></span> <span class='ocrx_word' id='word_1_785' title='bbox 3225 2878 3346 2934; x_wconf 82' lang='lat' dir='ltr'><strong>aliis</strong></span> <span class='ocrx_word' id='word_1_786' title='bbox 3389 2878 3642 2933; x_wconf 83' lang='lat' dir='ltr'><strong>ﬁdelibus</strong></span> <span class='ocrx_word' id='word_1_787' title='bbox 3691 2893 3782 2930; x_wconf 88' lang='lat' dir='ltr'><strong>no-</strong></span> 
     </span>
    </p>
   </div>
   <div class='ocr_carea' id='block_1_109' title="bbox 2195 2947 3790 3026">
    <p class='ocr_par' dir='ltr' id='par_1_109' title="bbox 2195 2947 3790 3026">
     <span class='ocr_line' id='line_1_110' title="bbox 2195 2947 3790 3026; baseline -0.006 -16"><span class='ocrx_word' id='word_1_788' title='bbox 2195 2955 2324 3026; x_wconf 85' lang='lat' dir='ltr'><strong>stris</strong></span> <span class='ocrx_word' id='word_1_789' title='bbox 2381 2955 2620 3026; x_wconf 87' lang='lat' dir='ltr'><strong>praecipi</strong></span> <span class='ocrx_word' id='word_1_790' title='bbox 2681 2955 2798 3009; x_wconf 87' lang='lat' dir='ltr'><strong>vice</strong></span> <span class='ocrx_word' id='word_1_791' title='bbox 2856 2961 3036 3010; x_wconf 90' lang='lat' dir='ltr'><strong>nostra</strong></span> <span class='ocrx_word' id='word_1_792' title='bbox 3098 2960 3153 3006; x_wconf 92' lang='lat' dir='ltr'><strong>et</strong></span> <span class='ocrx_word' id='word_1_793' title='bbox 3201 2950 3418 3020; x_wconf 90' lang='lat' dir='ltr'><strong>publice</strong></span> <span class='ocrx_word' id='word_1_794' title='bbox 3474 2947 3790 3002; x_wconf 88' lang='lat' dir='ltr'><strong>annuntiari</strong></span> 
     </span>
    </p>
   </div>
   <div class='ocr_carea' id='block_1_110' title="bbox 2197 3040 2474 3081">
    <p class='ocr_par' dir='ltr' id='par_1_110' title="bbox 2197 3040 2474 3081">
     <span class='ocr_line' id='line_1_111' title="bbox 2197 3040 2474 3081; baseline -0.007 0"><span class='ocrx_word' id='word_1_795' title='bbox 2197 3040 2474 3081; x_wconf 77' lang='lat' dir='ltr'><strong>IIISSIIIIUS.</strong></span> 
     </span>
    </p>
   </div>
   <div class='ocr_carea' id='block_1_111' title="bbox 2115 3089 3788 3222">
    <p class='ocr_par' dir='ltr' id='par_1_111' title="bbox 2115 3089 3788 3222">
     <span class='ocr_line' id='line_1_112' title="bbox 2115 3089 3788 3195; baseline -0.007 -44"><span class='ocrx_word' id='word_1_796' title='bbox 2115 3133 2162 3195; x_wconf 80' lang='lat' dir='ltr'><strong>c</strong></span> <span class='ocrx_word' id='word_1_797' title='bbox 2267 3095 2392 3177; x_wconf 62' lang='lat'><strong>504:</strong></span> <span class='ocrx_word' id='word_1_798' title='bbox 2435 3093 2505 3150; x_wconf 86' lang='lat' dir='ltr'><strong>Ut</strong></span> <span class='ocrx_word' id='word_1_799' title='bbox 2528 3096 2776 3178; x_wconf 44' lang='lat' dir='ltr'><strong>.episcopi</strong></span> <span class='ocrx_word' id='word_1_800' title='bbox 2826 3097 3046 3150; x_wconf 82' lang='lat' dir='ltr'><strong>incestos</strong></span> <span class='ocrx_word' id='word_1_801' title='bbox 3091 3092 3363 3175; x_wconf 73' lang='lat' dir='ltr'><strong>emendem</strong></span> <span class='ocrx_word' id='word_1_802' title='bbox 3411 3100 3461 3144; x_wconf 88' lang='lat' dir='ltr'><strong>et</strong></span> <span class='ocrx_word' id='word_1_803' title='bbox 3495 3089 3788 3158; x_wconf 77' lang='lat' dir='ltr'><strong>corrigunt.</strong></span> 
     </span>
     <span class='ocr_line' id='line_1_113' title="bbox 2195 3161 3788 3222; baseline -0.007 0"><span class='ocrx_word' id='word_1_804' title='bbox 2195 3165 2268 3222; x_wconf 92' lang='lat' dir='ltr'><strong>Ut</strong></span> <span class='ocrx_word' id='word_1_805' title='bbox 2307 3179 2543 3222; x_wconf 83' lang='lat' dir='ltr'><strong>emscom</strong></span> <span class='ocrx_word' id='word_1_806' title='bbox 2591 3173 2926 3222; x_wconf 89' lang='lat' dir='ltr'><strong>mcestuosos</strong></span> <span class='ocrx_word' id='word_1_807' title='bbox 2963 3166 3210 3219; x_wconf 75' lang='lat' dir='ltr'><strong>homines</strong></span> <span class='ocrx_word' id='word_1_808' title='bbox 3247 3161 3538 3218; x_wconf 88' lang='lat' dir='ltr'><strong>emendent</strong></span> <span class='ocrx_word' id='word_1_809' title='bbox 3577 3168 3637 3213; x_wconf 80' lang='lat' dir='ltr'><strong>et</strong></span> <span class='ocrx_word' id='word_1_810' title='bbox 3683 3175 3788 3213; x_wconf 88' lang='lat' dir='ltr'><strong>ma-</strong></span> 
     </span>
    </p>
   </div>
   <div class='ocr_carea' id='block_1_112' title="bbox 2247 3161 3791 3240">
    <p class='ocr_par' dir='ltr' id='par_1_112' title="bbox 2247 3161 3791 3240">
     <span class='ocr_line' id='line_1_114' title="bbox 2247 3161 3791 3240; baseline -0.006 -20"><span class='ocrx_word' id='word_1_811' title='bbox 2247 3174 2268 3220; x_wconf 92' lang='lat' dir='ltr'><strong>t</strong></span> <span class='ocrx_word' id='word_1_812' title='bbox 2307 3165 2543 3240; x_wconf 77' lang='lat' dir='ltr'><strong>episcopi</strong></span> <span class='ocrx_word' id='word_1_813' title='bbox 2580 3161 2926 3240; x_wconf 54' lang='lat' dir='ltr'><strong>&#39;inces&#39;tuosos</strong></span> <span class='ocrx_word' id='word_1_814' title='bbox 2963 3164 3210 3240; x_wconf 78' lang='lat' dir='ltr'><strong>homines</strong></span> <span class='ocrx_word' id='word_1_815' title='bbox 3247 3161 3547 3240; x_wconf 69' lang='lat' dir='ltr'><strong>emendent</strong></span> <span class='ocrx_word' id='word_1_816' title='bbox 3577 3168 3658 3240; x_wconf 54' lang='lat' dir='ltr'><strong>et.</strong></span> <span class='ocrx_word' id='word_1_817' title='bbox 3682 3175 3791 3240; x_wconf 73' lang='lat' dir='ltr'><strong>ma-</strong></span> 
     </span>
    </p>
   </div>
   <div class='ocr_carea' id='block_1_113' title="bbox 2194 3229 3786 3319">
    <p class='ocr_par' dir='ltr' id='par_1_113' title="bbox 2194 3229 3786 3319">
     <span class='ocr_line' id='line_1_115' title="bbox 2194 3229 3786 3319; baseline -0.004 -29"><span class='ocrx_word' id='word_1_818' title='bbox 2194 3229 2357 3319; x_wconf 39' lang='lat' dir='ltr'><strong>gnnani</strong></span> <span class='ocrx_word' id='word_1_819' title='bbox 2393 3229 2994 3319; x_wconf 55' lang='lat' dir='ltr'><strong>diliéentiamhabeant</strong></span> <span class='ocrx_word' id='word_1_820' title='bbox 3027 3251 3096 3319; x_wconf 58' lang='lat' dir='ltr'><strong>cit</strong></span> <span class='ocrx_word' id='word_1_821' title='bbox 3121 3232 3483 3319; x_wconf 21' lang='grc' dir='ltr'><strong>Διιίεκδεξιξηίπεξ</strong></span> <span class='ocrx_word' id='word_1_822' title='bbox 3514 3229 3786 3319; x_wconf 54' lang='lat' dir='ltr'><strong>deviduis</strong></span> 
     </span>
    </p>
   </div>
   <div class='ocr_carea' id='block_1_114' title="bbox 2193 3301 3790 3431">
    <p class='ocr_par' dir='ltr' id='par_1_114' title="bbox 2193 3301 3790 3431">
     <span class='ocr_line' id='line_1_116' title="bbox 2193 3301 3790 3431; baseline -0.006 -70"><span class='ocrx_word' id='word_1_823' title='bbox 2193 3301 2334 3431; x_wconf 50' lang='lat' dir='ltr'><strong>infra:</strong></span> <span class='ocrx_word' id='word_1_824' title='bbox 2356 3301 2514 3362; x_wconf 75' lang='lat' dir='ltr'><strong>suam</strong></span> <span class='ocrx_word' id='word_1_825' title='bbox 2538 3306 2880 3378; x_wconf 86' lang='lat' dir='ltr'><strong>parrochiam</strong></span> <span class='ocrx_word' id='word_1_826' title='bbox 2903 3312 3227 3376; x_wconf 86' lang='lat' dir='ltr'><strong>potestatem</strong></span> <span class='ocrx_word' id='word_1_827' title='bbox 3255 3302 3490 3357; x_wconf 89' lang='lat' dir='ltr'><strong>habeant</strong></span> <span class='ocrx_word' id='word_1_828' title='bbox 3522 3301 3594 3356; x_wconf 87' lang='lat' dir='ltr'><strong>ad</strong></span> <span class='ocrx_word' id='word_1_829' title='bbox 3622 3301 3790 3354; x_wconf 80' lang='lat' dir='ltr'><strong>corri-</strong></span> 
     </span>
     <span class='ocr_line' id='line_1_117' title="bbox 2193 3392 2451 3431; baseline 0 0"><span class='ocrx_word' id='word_1_830' title='bbox 2193 3392 2294 3431; x_wconf 78' lang='lat' dir='ltr'><strong>aen</strong></span> <span class='ocrx_word' id='word_1_831' title='bbox 2335 3393 2451 3431; x_wconf 91' lang='lat' dir='ltr'><strong>um.</strong></span> 
     </span>
    </p>
   </div>
   <div class='ocr_carea' id='block_1_115' title="bbox 2228 3392 2451 3435">
    <p class='ocr_par' dir='ltr' id='par_1_115' title="bbox 2228 3392 2451 3435">
     <span class='ocr_line' id='line_1_118' title="bbox 2228 3392 2451 3435; baseline 0.013 -3"><span class='ocrx_word' id='word_1_832' title='bbox 2228 3392 2451 3435; x_wconf 89' lang='lat' dir='ltr'><strong>enuum.</strong></span> 
     </span>
    </p>
   </div>
   <div class='ocr_carea' id='block_1_116' title="bbox 2192 3393 3790 3516">
    <p class='ocr_par' dir='ltr' id='par_1_116' title="bbox 2192 3393 3790 3516">
     <span class='ocr_line' id='line_1_119' title="bbox 2192 3393 3790 3516; baseline 0.028 -19"><span class='ocrx_word' id='word_1_833' title='bbox 2192 3393 2498 3503; x_wconf 45' lang='lat' dir='ltr'><strong>“2331mm</strong></span> <span class='ocrx_word' id='word_1_834' title='bbox 2525 3465 2587 3502; x_wconf 89' lang='lat' dir='ltr'><strong>ea</strong></span> <span class='ocrx_word' id='word_1_835' title='bbox 2611 3456 2996 3509; x_wconf 83' lang='lat' dir='ltr'><strong>conserventur,</strong></span> <span class='ocrx_word' id='word_1_836' title='bbox 3027 3461 3163 3516; x_wconf 67' lang='lat' dir='ltr'><strong>Quae</strong></span> <span class='ocrx_word' id='word_1_837' title='bbox 3191 3444 3247 3497; x_wconf 76' lang='grc' dir='ltr'><strong>ίη</strong></span> <span class='ocrx_word' id='word_1_838' title='bbox 3271 3441 3481 3516; x_wconf 53' lang='grc' dir='ltr'><strong>Ρίσξίώ</strong></span> <span class='ocrx_word' id='word_1_839' title='bbox 3501 3451 3550 3496; x_wconf 69' lang='grc'><strong>⁸⁸</strong></span> <span class='ocrx_word' id='word_1_840' title='bbox 3579 3439 3790 3511; x_wconf 50' lang='grc'><strong>⁸³⁸⁸45³</strong></span> 
     </span>
    </p>
   </div>
   <div class='ocr_carea' id='block_1_117' title="bbox 2195 3514 3794 3590">
    <p class='ocr_par' dir='ltr' id='par_1_117' title="bbox 2195 3514 3794 3590">
     <span class='ocr_line' id='line_1_120' title="bbox 2195 3514 3794 3590; baseline -0.004 -19"><span class='ocrx_word' id='word_1_841' title='bbox 2195 3517 2454 3590; x_wconf 76' lang='lat' dir='ltr'><strong>Pippinus</strong></span> <span class='ocrx_word' id='word_1_842' title='bbox 2489 3535 2582 3573; x_wconf 80' lang='lat' dir='ltr'><strong>rea:</strong></span> <span class='ocrx_word' id='word_1_843' title='bbox 2608 3519 2894 3590; x_wconf 75' lang='lat' dir='ltr'><strong>constituit.</strong></span> <span class='ocrx_word' id='word_1_844' title='bbox 2935 3517 3012 3590; x_wconf 79' lang='lat' dir='ltr'><strong>Ea</strong></span> <span class='ocrx_word' id='word_1_845' title='bbox 3041 3514 3187 3590; x_wconf 61' lang='lat' dir='ltr'><strong>vero,</strong></span> <span class='ocrx_word' id='word_1_846' title='bbox 3212 3528 3353 3582; x_wconf 84' lang='lat' dir='ltr'><strong>quae</strong></span> <span class='ocrx_word' id='word_1_847' title='bbox 3376 3514 3559 3590; x_wconf 75' lang='lat' dir='ltr'><strong>bonae</strong></span> <span class='ocrx_word' id='word_1_848' title='bbox 3588 3525 3794 3590; x_wconf 64' lang='lat' dir='ltr'><strong>memo—</strong></span> 
     </span>
    </p>
   </div>
   <div class='ocr_carea' id='block_1_118' title="bbox 2193 3583 3792 3658">
    <p class='ocr_par' dir='ltr' id='par_1_118' title="bbox 2193 3583 3792 3658">
     <span class='ocr_line' id='line_1_121' title="bbox 2193 3583 3792 3658; baseline -0.005 -16"><span class='ocrx_word' id='word_1_849' title='bbox 2193 3583 2309 3643; x_wconf 81' lang='lat' dir='ltr'><strong>riae</strong></span> <span class='ocrx_word' id='word_1_850' title='bbox 2336 3589 2548 3658; x_wconf 85' lang='lat' dir='ltr'><strong>genitor</strong></span> <span class='ocrx_word' id='word_1_851' title='bbox 2575 3597 2759 3644; x_wconf 89' lang='lat' dir='ltr'><strong>noster</strong></span> <span class='ocrx_word' id='word_1_852' title='bbox 2785 3588 2838 3643; x_wconf 88' lang='lat' dir='ltr'><strong>in</strong></span> <span class='ocrx_word' id='word_1_853' title='bbox 2872 3588 2986 3643; x_wconf 89' lang='lat' dir='ltr'><strong>suis</strong></span> <span class='ocrx_word' id='word_1_854' title='bbox 3008 3585 3220 3655; x_wconf 85' lang='lat' dir='ltr'><strong>placitis</strong></span> <span class='ocrx_word' id='word_1_855' title='bbox 3253 3591 3308 3640; x_wconf 88' lang='lat' dir='ltr'><strong>et</strong></span> <span class='ocrx_word' id='word_1_856' title='bbox 3335 3583 3562 3654; x_wconf 79' lang='lat' dir='ltr'><strong>synouis</strong></span> <span class='ocrx_word' id='word_1_857' title='bbox 3589 3583 3792 3637; x_wconf 82' lang='lat' dir='ltr'><strong>consti-</strong></span> 
     </span>
    </p>
   </div>
   <div class='ocr_carea' id='block_1_119' title="bbox 2194 3659 3113 3727">
    <p class='ocr_par' dir='ltr' id='par_1_119' title="bbox 2194 3659 3113 3727">
     <span class='ocr_line' id='line_1_122' title="bbox 2194 3659 3113 3727; baseline -0.004 -15"><span class='ocrx_word' id='word_1_858' title='bbox 2194 3659 2318 3720; x_wconf 91' lang='lat' dir='ltr'><strong>tuit,</strong></span> <span class='ocrx_word' id='word_1_859' title='bbox 2350 3674 2673 3714; x_wconf 86' lang='lat' dir='ltr'><strong>conservare</strong></span> <span class='ocrx_word' id='word_1_860' title='bbox 2695 3660 2715 3689; x_wconf 80' lang='grc'><strong>⁶¹</strong></span> <span class='ocrx_word' id='word_1_861' title='bbox 2737 3659 3113 3727; x_wconf 88' lang='lat' dir='ltr'><strong>praecipimus.</strong></span> 
     </span>
    </p>
   </div>
   <div class='ocr_carea' id='block_1_120' title="bbox 2263 3721 3788 3801">
    <p class='ocr_par' dir='ltr' id='par_1_120' title="bbox 2263 3721 3788 3801">
     <span class='ocr_line' id='line_1_123' title="bbox 2263 3721 3788 3801; baseline -0.02 0"><span class='ocrx_word' id='word_1_862' title='bbox 2263 3727 2511 3801; x_wconf 53' lang='lat'><strong>506108</strong></span> <span class='ocrx_word' id='word_1_863' title='bbox 2547 3745 2627 3801; x_wconf 60' lang='grc' dir='ltr'><strong>βο,</strong></span> <span class='ocrx_word' id='word_1_864' title='bbox 2663 3721 2752 3800; x_wconf 81' lang='lat' dir='ltr'><strong>qui</strong></span> <span class='ocrx_word' id='word_1_865' title='bbox 2791 3747 2824 3783; x_wconf 78' lang='grc' dir='ltr'><em>α</em></span> <span class='ocrx_word' id='word_1_866' title='bbox 2859 3721 3005 3801; x_wconf 69' lang='lat' dir='ltr'><strong>seruo</strong></span> <span class='ocrx_word' id='word_1_867' title='bbox 3042 3725 3218 3801; x_wconf 75' lang='lat' dir='ltr'><strong>alieno</strong></span> <span class='ocrx_word' id='word_1_868' title='bbox 3256 3721 3458 3801; x_wconf 74' lang='lat' dir='ltr'><strong>aliquid</strong></span> <span class='ocrx_word' id='word_1_869' title='bbox 3505 3737 3788 3801; x_wconf 59' lang='lat' dir='ltr'><strong>comperti:</strong></span> 
     </span>
    </p>
   </div>
   <div class='ocr_carea' id='block_1_121' title="bbox 2194 3795 3788 3871">
    <p class='ocr_par' dir='ltr' id='par_1_121' title="bbox 2194 3795 3788 3871">
     <span class='ocr_line' id='line_1_124' title="bbox 2194 3795 3788 3871; baseline -0.007 -17"><span class='ocrx_word' id='word_1_870' title='bbox 2194 3799 2342 3871; x_wconf 71' lang='lat' dir='ltr'><strong>verit.</strong></span> <span class='ocrx_word' id='word_1_871' title='bbox 2383 3799 2442 3854; x_wconf 89' lang='lat' dir='ltr'><strong>Si</strong></span> <span class='ocrx_word' id='word_1_872' title='bbox 2480 3799 2602 3869; x_wconf 92' lang='lat' dir='ltr'><strong>quis</strong></span> <span class='ocrx_word' id='word_1_873' title='bbox 2649 3795 2686 3853; x_wconf 81' lang='lat' dir='ltr'><strong>a</strong></span> <span class='ocrx_word' id='word_1_874' title='bbox 2717 3814 2874 3855; x_wconf 88' lang='lat' dir='ltr'><strong>servo</strong></span> <span class='ocrx_word' id='word_1_875' title='bbox 2919 3799 3096 3871; x_wconf 79' lang='lat' dir='ltr'><strong>alieno</strong></span> <span class='ocrx_word' id='word_1_876' title='bbox 3129 3795 3354 3871; x_wconf 66' lang='lat' dir='ltr'><strong>aliquid</strong></span> <span class='ocrx_word' id='word_1_877' title='bbox 3406 3795 3788 3871; x_wconf 66' lang='lat' dir='ltr'><strong>conparaverit</strong></span> 
     </span>
    </p>
   </div>
   <div class='ocr_carea' id='block_1_122' title="bbox 2193 3860 3792 3946">
    <p class='ocr_par' dir='ltr' id='par_1_122' title="bbox 2193 3860 3792 3946">
     <span class='ocr_line' id='line_1_125' title="bbox 2193 3860 3792 3946; baseline -0.007 -22"><span class='ocrx_word' id='word_1_878' title='bbox 2193 3869 2471 3926; x_wconf 88' lang='lat' dir='ltr'><strong>nesciente</strong></span> <span class='ocrx_word' id='word_1_879' title='bbox 2489 3860 2724 3946; x_wconf 60' lang='lat' dir='ltr'><strong>_&#39;domiuo</strong></span> <span class='ocrx_word' id='word_1_880' title='bbox 2762 3886 2879 3946; x_wconf 79' lang='lat' dir='ltr'><strong>suo,</strong></span> <span class='ocrx_word' id='word_1_881' title='bbox 2916 3869 2963 3924; x_wconf 89' lang='lat' dir='ltr'><strong>si</strong></span> <span class='ocrx_word' id='word_1_882' title='bbox 2999 3860 3260 3946; x_wconf 71' lang='lat' dir='ltr'><strong>dominus</strong></span> <span class='ocrx_word' id='word_1_883' title='bbox 3300 3860 3543 3946; x_wconf 42' lang='lat' dir='ltr'><strong>ﬁrmam:</strong></span> <span class='ocrx_word' id='word_1_884' title='bbox 3556 3860 3792 3946; x_wconf 69' lang='lat' dir='ltr'><strong>noluerit</strong></span> 
     </span>
    </p>
   </div>
   <div class='ocr_carea' id='block_1_123' title="bbox 2193 3939 3792 4014">
    <p class='ocr_par' dir='ltr' id='par_1_123' title="bbox 2193 3939 3792 4014">
     <span class='ocr_line' id='line_1_126' title="bbox 2193 3939 3792 4014; baseline -0.006 -18"><span class='ocrx_word' id='word_1_885' title='bbox 2193 3955 2314 4014; x_wconf 82' lang='lat' dir='ltr'><strong>esse</strong></span> <span class='ocrx_word' id='word_1_886' title='bbox 2339 3941 2666 4014; x_wconf 77' lang='lat' dir='ltr'><strong>emptionem</strong></span> <span class='ocrx_word' id='word_1_887' title='bbox 2685 3940 2916 4014; x_wconf 18' lang='lat' dir='ltr'><strong>,Ared‘dat</strong></span> <span class='ocrx_word' id='word_1_888' title='bbox 2935 3939 3172 4014; x_wconf 76' lang='lat' dir='ltr'><strong>pretium</strong></span> <span class='ocrx_word' id='word_1_889' title='bbox 3197 3939 3466 4014; x_wconf 61' lang='lat' dir='ltr'><strong>emptori,</strong></span> <span class='ocrx_word' id='word_1_890' title='bbox 3487 3941 3552 3988; x_wconf 90' lang='lat' dir='ltr'><strong>ut</strong></span> <span class='ocrx_word' id='word_1_891' title='bbox 3587 3939 3792 4014; x_wconf 62' lang='lat' dir='ltr'><strong>emptio</strong></span> 
     </span>
    </p>
   </div>
   <div class='ocr_carea' id='block_1_124' title="bbox 2193 4003 3794 4078">
    <p class='ocr_par' dir='ltr' id='par_1_124' title="bbox 2193 4003 3794 4078">
     <span class='ocr_line' id='line_1_127' title="bbox 2193 4003 3794 4078; baseline -0.007 -12"><span class='ocrx_word' id='word_1_892' title='bbox 2193 4012 2328 4068; x_wconf 90' lang='lat' dir='ltr'><strong>nihil</strong></span> <span class='ocrx_word' id='word_1_893' title='bbox 2354 4003 2552 4068; x_wconf 80' lang='lat' dir='ltr'><strong>habeat</strong></span> <span class='ocrx_word' id='word_1_894' title='bbox 2585 4003 2876 4066; x_wconf 87' lang='lat' dir='ltr'><strong>ﬁrmitatis.</strong></span> <span class='ocrx_word' id='word_1_895' title='bbox 2928 4003 2987 4068; x_wconf 85' lang='lat' dir='ltr'><strong>Si</strong></span> <span class='ocrx_word' id='word_1_896' title='bbox 3019 4009 3196 4078; x_wconf 90' lang='lat' dir='ltr'><strong>ipsum</strong></span> <span class='ocrx_word' id='word_1_897' title='bbox 3227 4003 3336 4062; x_wconf 78' lang='lat' dir='ltr'><strong>non</strong></span> <span class='ocrx_word' id='word_1_898' title='bbox 3379 4005 3568 4064; x_wconf 76' lang='lat' dir='ltr'><strong>habet.</strong></span> <span class='ocrx_word' id='word_1_899' title='bbox 3613 4003 3794 4057; x_wconf 83' lang='lat' dir='ltr'><strong>simile</strong></span> 
     </span>
    </p>
   </div>
   <div class='ocr_carea' id='block_1_125' title="bbox 2193 4083 2408 4139">
    <p class='ocr_par' dir='ltr' id='par_1_125' title="bbox 2193 4083 2408 4139">
     <span class='ocr_line' id='line_1_128' title="bbox 2193 4083 2408 4139; baseline 0 -2"><span class='ocrx_word' id='word_1_900' title='bbox 2193 4083 2408 4139; x_wconf 83' lang='lat' dir='ltr'><strong>reddat.</strong></span> 
     </span>
    </p>
   </div>
   <div class='ocr_carea' id='block_1_126' title="bbox 2264 4144 3793 4220">
    <p class='ocr_par' dir='ltr' id='par_1_126' title="bbox 2264 4144 3793 4220">
     <span class='ocr_line' id='line_1_129' title="bbox 2264 4144 3793 4220; baseline -0.009 -11"><span class='ocrx_word' id='word_1_901' title='bbox 2264 4155 2389 4209; x_wconf 85' lang='grc'>507.</span> <span class='ocrx_word' id='word_1_902' title='bbox 2431 4151 2500 4207; x_wconf 92' lang='lat' dir='ltr'><strong>Ut</strong></span> <span class='ocrx_word' id='word_1_903' title='bbox 2527 4150 2868 4206; x_wconf 78' lang='lat' dir='ltr'><strong>ecclesiarum</strong></span> <span class='ocrx_word' id='word_1_904' title='bbox 2895 4150 3103 4220; x_wconf 85' lang='lat' dir='ltr'><strong>negotia</strong></span> <span class='ocrx_word' id='word_1_905' title='bbox 3147 4165 3180 4202; x_wconf 91' lang='lat' dir='ltr'><strong>a</strong></span> <span class='ocrx_word' id='word_1_906' title='bbox 3210 4146 3383 4220; x_wconf 71' lang='lat' dir='ltr'><strong>iudice</strong></span> <span class='ocrx_word' id='word_1_907' title='bbox 3417 4144 3673 4220; x_wconf 67' lang='lat' dir='ltr'><strong>continuo</strong></span> <span class='ocrx_word' id='word_1_908' title='bbox 3697 4159 3793 4220; x_wconf 60' lang='lat' dir='ltr'><strong>trst—</strong></span> 
     </span>
    </p>
   </div>
   <div class='ocr_carea' id='block_1_127' title="bbox 2193 4213 3793 4295">
    <p class='ocr_par' dir='ltr' id='par_1_127' title="bbox 2193 4213 3793 4295">
     <span class='ocr_line' id='line_1_130' title="bbox 2193 4213 3793 4295; baseline -0.009 -17"><span class='ocrx_word' id='word_1_909' title='bbox 2193 4223 2429 4295; x_wconf 79' lang='lat' dir='ltr'><strong>diantur.</strong></span> <span class='ocrx_word' id='word_1_910' title='bbox 2471 4221 2701 4295; x_wconf 88' lang='lat' dir='ltr'><strong>Placuit,</strong></span> <span class='ocrx_word' id='word_1_911' title='bbox 2729 4229 2790 4276; x_wconf 92' lang='lat' dir='ltr'><strong>ut</strong></span> <span class='ocrx_word' id='word_1_912' title='bbox 2817 4213 3176 4295; x_wconf 59' lang='lat' dir='ltr'><strong>ecclesiarum</strong></span> <span class='ocrx_word' id='word_1_913' title='bbox 3202 4217 3420 4286; x_wconf 75' lang='lat' dir='ltr'><strong>negotia</strong></span> <span class='ocrx_word' id='word_1_914' title='bbox 3447 4215 3661 4295; x_wconf 61' lang='lat' dir='ltr'><strong>absque</strong></span> <span class='ocrx_word' id='word_1_915' title='bbox 3683 4213 3793 4295; x_wconf 75' lang='lat' dir='ltr'><strong>ulla</strong></span> 
     </span>
    </p>
   </div>
   <div class='ocr_carea' id='block_1_128' title="bbox 2195 4289 3798 4350">
    <p class='ocr_par' dir='ltr' id='par_1_128' title="bbox 2195 4289 3798 4350">
     <span class='ocr_line' id='line_1_131' title="bbox 2195 4289 3798 4350; baseline -0.006 -2"><span class='ocrx_word' id='word_1_916' title='bbox 2195 4294 2448 4350; x_wconf 87' lang='lat' dir='ltr'><strong>dilatione</strong></span> <span class='ocrx_word' id='word_1_917' title='bbox 2482 4293 2742 4349; x_wconf 88' lang='lat' dir='ltr'><strong>continuo</strong></span> <span class='ocrx_word' id='word_1_918' title='bbox 2789 4308 2820 4347; x_wconf 89' lang='lat' dir='ltr'><strong>a</strong></span> <span class='ocrx_word' id='word_1_919' title='bbox 2852 4292 3030 4348; x_wconf 84' lang='lat' dir='ltr'><strong>iudice</strong></span> <span class='ocrx_word' id='word_1_920' title='bbox 3054 4289 3346 4344; x_wconf 80' lang='lat' dir='ltr'><strong>audiantur</strong></span> <span class='ocrx_word' id='word_1_921' title='bbox 3367 4295 3428 4341; x_wconf 82' lang='lat' dir='ltr'><strong>et</strong></span> <span class='ocrx_word' id='word_1_922' title='bbox 3444 4289 3696 4350; x_wconf 67' lang='lat' dir='ltr'><strong>proicite</strong></span> <span class='ocrx_word' id='word_1_923' title='bbox 3721 4289 3798 4337; x_wconf 76' lang='lat' dir='ltr'><strong>in—</strong></span> 
     </span>
    </p>
   </div>
   <div class='ocr_carea' id='block_1_129' title="bbox 2195 4373 2622 4420">
    <p class='ocr_par' dir='ltr' id='par_1_129' title="bbox 2195 4373 2622 4420">
     <span class='ocr_line' id='line_1_132' title="bbox 2195 4373 2622 4420; baseline -0.002 -1"><span class='ocrx_word' id='word_1_924' title='bbox 2195 4373 2622 4420; x_wconf 82' lang='lat' dir='ltr'><strong>cremententur.</strong></span> 
     </span>
    </p>
   </div>
   <div class='ocr_carea' id='block_1_130' title="bbox 2267 4428 3799 4491">
    <p class='ocr_par' dir='ltr' id='par_1_130' title="bbox 2267 4428 3799 4491">
     <span class='ocr_line' id='line_1_133' title="bbox 2267 4428 3799 4491; baseline -0.01 1"><span class='ocrx_word' id='word_1_925' title='bbox 2267 4435 2392 4491; x_wconf 84' lang='grc'>508.</span> <span class='ocrx_word' id='word_1_926' title='bbox 2457 4433 2528 4488; x_wconf 90' lang='lat' dir='ltr'><strong>Ut</strong></span> <span class='ocrx_word' id='word_1_927' title='bbox 2581 4435 2740 4488; x_wconf 71' lang='lat' dir='ltr'><strong>iudex</strong></span> <span class='ocrx_word' id='word_1_928' title='bbox 2787 4433 3124 4487; x_wconf 87' lang='lat' dir='ltr'><strong>criminosum</strong></span> <span class='ocrx_word' id='word_1_929' title='bbox 3173 4428 3464 4483; x_wconf 84' lang='lat' dir='ltr'><strong>discuciens</strong></span> <span class='ocrx_word' id='word_1_930' title='bbox 3511 4441 3620 4478; x_wconf 81' lang='lat' dir='ltr'><strong>non</strong></span> <span class='ocrx_word' id='word_1_931' title='bbox 3673 4433 3799 4478; x_wconf 71' lang='lat' dir='ltr'><strong>ante</strong></span> 
     </span>
    </p>
   </div>
   <div class='ocr_carea' id='block_1_131' title="bbox 2194 4495 3798 4584">
    <p class='ocr_par' dir='ltr' id='par_1_131' title="bbox 2194 4495 3798 4584">
     <span class='ocr_line' id='line_1_134' title="bbox 2194 4495 3798 4584; baseline -0.009 -24"><span class='ocrx_word' id='word_1_932' title='bbox 2194 4507 2500 4584; x_wconf 69' lang='lat' dir='ltr'><strong>sententiam</strong></span> <span class='ocrx_word' id='word_1_933' title='bbox 2541 4505 2772 4576; x_wconf 77' lang='lat' dir='ltr'><strong>proferat</strong></span> <span class='ocrx_word' id='word_1_934' title='bbox 2814 4500 3126 4584; x_wconf 54' lang='lat' dir='ltr'><strong>capitalem,</strong></span> <span class='ocrx_word' id='word_1_935' title='bbox 3170 4515 3328 4584; x_wconf 71' lang='lat' dir='ltr'><strong>quain</strong></span> <span class='ocrx_word' id='word_1_936' title='bbox 3374 4505 3642 4584; x_wconf 47' lang='lat' dir='ltr'><strong>atterens</strong></span> 
     </span>
    </p>
   </div>
   <div class='ocr_carea' id='block_1_132' title="bbox 2193 4575 3796 4644">
    <p class='ocr_par' dir='ltr' id='par_1_132' title="bbox 2193 4575 3796 4644">
     <span class='ocr_line' id='line_1_135' title="bbox 2193 4575 3796 4644; baseline -0.009 -15"><span class='ocrx_word' id='word_1_937' title='bbox 2193 4575 2548 4644; x_wconf 78' lang='lat' dir='ltr'><strong>conﬁteatur,</strong></span> <span class='ocrx_word' id='word_1_938' title='bbox 2583 4585 2674 4629; x_wconf 82' lang='lat' dir='ltr'><strong>aut</strong></span> <span class='ocrx_word' id='word_1_939' title='bbox 2721 4590 2812 4644; x_wconf 83' lang='lat' dir='ltr'><strong>per</strong></span> <span class='ocrx_word' id='word_1_940' title='bbox 2866 4575 3366 4644; x_wconf 76' lang='lat' dir='ltr'><strong>innocentes__testes_</strong></span> <span class='ocrx_word' id='word_1_941' title='bbox 3423 4575 3796 4620; x_wconf 76' lang='lat' dir='ltr'><strong>convincatur.</strong></span> 
     </span>
    </p>
   </div>
   <div class='ocr_carea' id='block_1_133' title="bbox 2194 4638 3801 4716">
    <p class='ocr_par' dir='ltr' id='par_1_133' title="bbox 2194 4638 3801 4716">
     <span class='ocr_line' id='line_1_136' title="bbox 2194 4638 3801 4716; baseline -0.007 -17"><span class='ocrx_word' id='word_1_942' title='bbox 2194 4638 2421 4711; x_wconf 77' lang='lat' dir='ltr'><strong>Placuit,</strong></span> <span class='ocrx_word' id='word_1_943' title='bbox 2462 4638 2529 4700; x_wconf 81' lang='lat' dir='ltr'><strong>ut</strong></span> <span class='ocrx_word' id='word_1_944' title='bbox 2563 4638 2731 4700; x_wconf 56' lang='lat' dir='ltr'><strong>iudex&#39;</strong></span> <span class='ocrx_word' id='word_1_945' title='bbox 2775 4643 3129 4716; x_wconf 67' lang='lat' dir='ltr'><strong>crit‘ninosum</strong></span> <span class='ocrx_word' id='word_1_946' title='bbox 3171 4638 3467 4693; x_wconf 85' lang='lat' dir='ltr'><strong>discutiens</strong></span> <span class='ocrx_word' id='word_1_947' title='bbox 3515 4651 3627 4690; x_wconf 90' lang='lat' dir='ltr'><strong>non</strong></span> <span class='ocrx_word' id='word_1_948' title='bbox 3671 4647 3801 4716; x_wconf 77' lang='lat' dir='ltr'><strong>ante</strong></span> 
     </span>
    </p>
   </div>
   <div class='ocr_carea' id='block_1_134' title="bbox 2193 4712 3802 4786">
    <p class='ocr_par' dir='ltr' id='par_1_134' title="bbox 2193 4712 3802 4786">
     <span class='ocr_line' id='line_1_137' title="bbox 2193 4712 3802 4786; baseline -0.008 -15"><span class='ocrx_word' id='word_1_949' title='bbox 2193 4718 2518 4772; x_wconf 88' lang='lat' dir='ltr'><strong>sententiam</strong></span> <span class='ocrx_word' id='word_1_950' title='bbox 2549 4715 2794 4786; x_wconf 82' lang='lat' dir='ltr'><strong>proferat</strong></span> <span class='ocrx_word' id='word_1_951' title='bbox 2825 4712 3133 4782; x_wconf 84' lang='lat' dir='ltr'><strong>capitalem,</strong></span> <span class='ocrx_word' id='word_1_952' title='bbox 3171 4725 3336 4779; x_wconf 90' lang='lat' dir='ltr'><strong>quam</strong></span> <span class='ocrx_word' id='word_1_953' title='bbox 3379 4715 3642 4786; x_wconf 14' lang='lat' dir='ltr'><strong>autrreus</strong></span> <span class='ocrx_word' id='word_1_954' title='bbox 3683 4712 3802 4774; x_wconf 77' lang='lat' dir='ltr'><strong>ipse</strong></span> 
     </span>
    </p>
   </div>
   <div class='ocr_carea' id='block_1_135' title="bbox 2193 4785 3808 4856">
    <p class='ocr_par' dir='ltr' id='par_1_135' title="bbox 2193 4785 3808 4856">
     <span class='ocr_line' id='line_1_138' title="bbox 2193 4785 3808 4856; baseline -0.007 -16"><span class='ocrx_word' id='word_1_955' title='bbox 2193 4787 2516 4842; x_wconf 89' lang='lat' dir='ltr'><strong>conlitcatur</strong></span> <span class='ocrx_word' id='word_1_956' title='bbox 2549 4785 2642 4840; x_wconf 85' lang='lat' dir='ltr'><strong>aut</strong></span> <span class='ocrx_word' id='word_1_957' title='bbox 2665 4803 2759 4856; x_wconf 90' lang='lat' dir='ltr'><strong>per</strong></span> <span class='ocrx_word' id='word_1_958' title='bbox 2786 4785 3100 4856; x_wconf 59' lang='lat' dir='ltr'><strong>innocentes</strong></span> <span class='ocrx_word' id='word_1_959' title='bbox 3121 4791 3177 4836; x_wconf 91' lang='lat' dir='ltr'><strong>et</strong></span> <span class='ocrx_word' id='word_1_960' title='bbox 3213 4794 3437 4856; x_wconf 71' lang='lat' dir='ltr'><strong>veraces</strong></span> <span class='ocrx_word' id='word_1_961' title='bbox 3479 4785 3658 4832; x_wconf 86' lang='lat' dir='ltr'><strong>testes</strong></span> <span class='ocrx_word' id='word_1_962' title='bbox 3688 4792 3808 4856; x_wconf 46' lang='lat' dir='ltr'><strong>maf</strong></span> 
     </span>
    </p>
   </div>
   <div class='ocr_carea' id='block_1_136' title="bbox 2194 4851 3810 4928">
    <p class='ocr_par' dir='ltr' id='par_1_136' title="bbox 2194 4851 3810 4928">
     <span class='ocr_line' id='line_1_139' title="bbox 2194 4851 3810 4928; baseline -0.007 -18"><span class='ocrx_word' id='word_1_963' title='bbox 2194 4857 2446 4913; x_wconf 83' lang='lat' dir='ltr'><strong>nil‘estius</strong></span> <span class='ocrx_word' id='word_1_964' title='bbox 2483 4851 2854 4912; x_wconf 81' lang='lat' dir='ltr'><strong>convincatur.</strong></span> <span class='ocrx_word' id='word_1_965' title='bbox 2903 4854 2970 4908; x_wconf 87' lang='lat' dir='ltr'><strong>Et</strong></span> <span class='ocrx_word' id='word_1_966' title='bbox 3011 4853 3078 4908; x_wconf 88' lang='lat' dir='ltr'><strong>de</strong></span> <span class='ocrx_word' id='word_1_967' title='bbox 3122 4851 3420 4906; x_wconf 89' lang='lat' dir='ltr'><strong>maioribus</strong></span> <span class='ocrx_word' id='word_1_968' title='bbox 3465 4857 3662 4928; x_wconf 67' lang='lat' dir='ltr'><strong>nostra</strong></span> <span class='ocrx_word' id='word_1_969' title='bbox 3711 4854 3810 4900; x_wconf 84' lang='lat' dir='ltr'><strong>aut</strong></span> 
     </span>
    </p>
   </div>
   <div class='ocr_carea' id='block_1_137' title="bbox 2195 4927 3570 4992">
    <p class='ocr_par' dir='ltr' id='par_1_137' title="bbox 2195 4927 3570 4992">
     <span class='ocr_line' id='line_1_140' title="bbox 2195 4927 3570 4992; baseline -0.009 -11"><span class='ocrx_word' id='word_1_970' title='bbox 2195 4943 2570 4982; x_wconf 77' lang='lat' dir='ltr'><strong>successorum</strong></span> <span class='ocrx_word' id='word_1_971' title='bbox 2607 4936 2910 4980; x_wconf 86' lang='lat' dir='ltr'><strong>nostrorum</strong></span> <span class='ocrx_word' id='word_1_972' title='bbox 2934 4931 3251 4992; x_wconf 80' lang='lat' dir='ltr'><strong>expectetur</strong></span> <span class='ocrx_word' id='word_1_973' title='bbox 3275 4927 3570 4992; x_wconf 64' lang='lat' dir='ltr'><strong>sententia.</strong></span> 
     </span>
    </p>
   </div>
   <div class='ocr_carea' id='block_1_138' title="bbox 2262 4988 3808 5068">
    <p class='ocr_par' dir='ltr' id='par_1_138' title="bbox 2262 4988 3808 5068">
     <span class='ocr_line' id='line_1_141' title="bbox 2262 4988 3808 5068; baseline -0.011 -15"><span class='ocrx_word' id='word_1_974' title='bbox 2262 5000 2388 5053; x_wconf 80' lang='grc'>500.</span> <span class='ocrx_word' id='word_1_975' title='bbox 2431 4998 2498 5052; x_wconf 88' lang='lat' dir='ltr'><strong>Ut</strong></span> <span class='ocrx_word' id='word_1_976' title='bbox 2537 5000 2626 5068; x_wconf 84' lang='lat' dir='ltr'><strong>qui</strong></span> <span class='ocrx_word' id='word_1_977' title='bbox 2666 4997 2795 5052; x_wconf 84' lang='lat' dir='ltr'><strong>socii</strong></span> <span class='ocrx_word' id='word_1_978' title='bbox 2839 4988 3073 5048; x_wconf 76' lang='lat' dir='ltr'><strong>criminis</strong></span> <span class='ocrx_word' id='word_1_979' title='bbox 3111 5003 3254 5068; x_wconf 57' lang='lat' dir='ltr'><strong>sunt,</strong></span> <span class='ocrx_word' id='word_1_980' title='bbox 3295 5008 3397 5045; x_wconf 87' lang='lat' dir='ltr'><strong>non</strong></span> <span class='ocrx_word' id='word_1_981' title='bbox 3433 4988 3808 5068; x_wconf 75' lang='lat' dir='ltr'><strong>admittuntur</strong></span> 
     </span>
    </p>
   </div>
   <div class='ocr_carea' id='block_1_139' title="bbox 2190 5063 3810 5126">
    <p class='ocr_par' dir='ltr' id='par_1_139' title="bbox 2190 5063 3810 5126">
     <span class='ocr_line' id='line_1_142' title="bbox 2190 5063 3810 5126; baseline -0.007 -6"><span class='ocrx_word' id='word_1_982' title='bbox 2190 5077 2362 5122; x_wconf 84' lang='lat' dir='ltr'><strong>testes.</strong></span> <span class='ocrx_word' id='word_1_983' title='bbox 2405 5063 2613 5124; x_wconf 82' lang='lat' dir='ltr'><strong>Placuit</strong></span> <span class='ocrx_word' id='word_1_984' title='bbox 2655 5076 2713 5122; x_wconf 91' lang='lat' dir='ltr'><strong>ut</strong></span> <span class='ocrx_word' id='word_1_985' title='bbox 2755 5075 2922 5121; x_wconf 85' lang='lat' dir='ltr'><strong>testes</strong></span> <span class='ocrx_word' id='word_1_986' title='bbox 2963 5081 3073 5118; x_wconf 88' lang='lat' dir='ltr'><strong>non</strong></span> <span class='ocrx_word' id='word_1_987' title='bbox 3113 5063 3488 5121; x_wconf 77' lang='lat' dir='ltr'><strong>admittuntur,</strong></span> <span class='ocrx_word' id='word_1_988' title='bbox 3533 5063 3628 5126; x_wconf 89' lang='lat' dir='ltr'><strong>qui</strong></span> <span class='ocrx_word' id='word_1_989' title='bbox 3671 5067 3810 5110; x_wconf 84' lang='lat' dir='ltr'><strong>sunt</strong></span> 
     </span>
    </p>
   </div>
   <div class='ocr_carea' id='block_1_140' title="bbox 2189 5126 3804 5214">
    <p class='ocr_par' dir='ltr' id='par_1_140' title="bbox 2189 5126 3804 5214">
     <span class='ocr_line' id='line_1_143' title="bbox 2189 5126 3804 5214; baseline -0.009 -22"><span class='ocrx_word' id='word_1_990' title='bbox 2189 5140 2322 5214; x_wconf 58' lang='lat' dir='ltr'><strong>socii</strong></span> <span class='ocrx_word' id='word_1_991' title='bbox 2370 5140 2635 5214; x_wconf 85' lang='lat' dir='ltr'><strong>criminis,</strong></span> <span class='ocrx_word' id='word_1_992' title='bbox 2677 5153 2777 5192; x_wconf 89' lang='lat' dir='ltr'><strong>nec</strong></span> <span class='ocrx_word' id='word_1_993' title='bbox 2820 5135 3051 5214; x_wconf 60' lang='lat' dir='ltr'><strong>infames</strong></span> <span class='ocrx_word' id='word_1_994' title='bbox 3085 5149 3184 5214; x_wconf 71' lang='lat' dir='ltr'><strong>nec</strong></span> <span class='ocrx_word' id='word_1_995' title='bbox 3222 5130 3659 5214; x_wconf 82' lang='lat' dir='ltr'><strong>calumniatores</strong></span> <span class='ocrx_word' id='word_1_996' title='bbox 3716 5126 3804 5177; x_wconf 80' lang='lat' dir='ltr'><strong>vel</strong></span> 
     </span>
    </p>
   </div>
   <div class='ocr_carea' id='block_1_141' title="bbox 2189 5205 3777 5280">
    <p class='ocr_par' dir='ltr' id='par_1_141' title="bbox 2189 5205 3777 5280">
     <span class='ocr_line' id='line_1_144' title="bbox 2189 5205 3777 5280; baseline 0.004 -17"><span class='ocrx_word' id='word_1_997' title='bbox 2189 5205 2411 5273; x_wconf 72' lang='lat' dir='ltr'><strong>caeteri,</strong></span> <span class='ocrx_word' id='word_1_998' title='bbox 2439 5227 2575 5279; x_wconf 86' lang='lat' dir='ltr'><strong>quos</strong></span> <span class='ocrx_word' id='word_1_999' title='bbox 2605 5225 2776 5280; x_wconf 88' lang='lat' dir='ltr'><strong>canon</strong></span> <span class='ocrx_word' id='word_1_1000' title='bbox 2801 5215 2855 5262; x_wconf 91' lang='lat' dir='ltr'><strong>et</strong></span> <span class='ocrx_word' id='word_1_1001' title='bbox 2877 5207 2962 5280; x_wconf 77' lang='lat' dir='ltr'><strong>lex</strong></span> <span class='ocrx_word' id='word_1_1002' title='bbox 2984 5205 3276 5280; x_wconf 37' lang='lat' dir='ltr'><strong>prohibet;</strong></span> <span class='ocrx_word' id='word_1_1003' title='bbox 3349 5269 3394 5280; x_wconf 51' lang='lat'><strong>_.</strong></span> <span class='ocrx_word' id='word_1_1004' title='bbox 3496 5270 3508 5280; x_wconf 86' lang='lat'>_</span> <span class='ocrx_word' id='word_1_1005' title='bbox 3718 5266 3735 5280; x_wconf 87' lang='lat'><strong><em>_</em></strong></span> <span class='ocrx_word' id='word_1_1006' title='bbox 3761 5266 3777 5278; x_wconf 85' lang='grc'><em>,</em></span> 
     </span>
    </p>
   </div>
   <div class='ocr_carea' id='block_1_142' title="bbox 2261 5266 3814 5352">
    <p class='ocr_par' dir='ltr' id='par_1_142' title="bbox 2261 5266 3814 5352">
     <span class='ocr_line' id='line_1_145' title="bbox 2261 5266 3814 5352; baseline -0.01 -18"><span class='ocrx_word' id='word_1_1007' title='bbox 2261 5281 2386 5334; x_wconf 85' lang='lat' dir='ltr'><strong>5l0.</strong></span> <span class='ocrx_word' id='word_1_1008' title='bbox 2521 5281 2715 5350; x_wconf 85' lang='lat' dir='ltr'><strong>nuptiis</strong></span> <span class='ocrx_word' id='word_1_1009' title='bbox 2732 5277 2946 5352; x_wconf 74' lang='lat' dir='ltr'><strong>incestis</strong></span> <span class='ocrx_word' id='word_1_1010' title='bbox 2970 5266 3814 5352; x_wconf 48' lang='lat' dir='ltr'><strong>proItibcndis_:_N_uptiasProhi-</strong></span> 
     </span>
    </p>
   </div>
   <div class='ocr_carea' id='block_1_143' title="bbox 2191 5339 3817 5416">
    <p class='ocr_par' dir='ltr' id='par_1_143' title="bbox 2191 5339 3817 5416">
     <span class='ocr_line' id='line_1_146' title="bbox 2191 5339 3817 5416; baseline -0.01 -10"><span class='ocrx_word' id='word_1_1011' title='bbox 2191 5351 2383 5407; x_wconf 89' lang='lat' dir='ltr'><strong>bemus</strong></span> <span class='ocrx_word' id='word_1_1012' title='bbox 2432 5339 2686 5415; x_wconf 74' lang='lat' dir='ltr'><strong>incesias,</strong></span> <span class='ocrx_word' id='word_1_1013' title='bbox 2731 5348 2784 5404; x_wconf 89' lang='lat' dir='ltr'><strong>id</strong></span> <span class='ocrx_word' id='word_1_1014' title='bbox 2813 5355 2900 5403; x_wconf 90' lang='lat' dir='ltr'><strong>est</strong></span> <span class='ocrx_word' id='word_1_1015' title='bbox 2933 5339 3104 5416; x_wconf 77' lang='lat' dir='ltr'><strong>usque</strong></span> <span class='ocrx_word' id='word_1_1016' title='bbox 3141 5346 3210 5401; x_wconf 90' lang='lat' dir='ltr'><strong>ad</strong></span> <span class='ocrx_word' id='word_1_1017' title='bbox 3263 5339 3544 5399; x_wconf 80' lang='lat' dir='ltr'><strong>alliuitatis</strong></span> <span class='ocrx_word' id='word_1_1018' title='bbox 3587 5339 3817 5393; x_wconf 80' lang='lat' dir='ltr'><strong>lineam</strong></span> 
     </span>
    </p>
   </div>
   <div class='ocr_carea' id='block_1_144' title="bbox 1726 5503 2552 5563">
    <p class='ocr_par' dir='ltr' id='par_1_144' title="bbox 1726 5503 2552 5563">
     <span class='ocr_line' id='line_1_147' title="bbox 1726 5503 2552 5563; baseline -0.006 0"><span class='ocrx_word' id='word_1_1019' title='bbox 1726 5503 2119 5563; x_wconf 66' lang='lat' dir='ltr'><strong>VARIANTES</strong></span> <span class='ocrx_word' id='word_1_1020' title='bbox 2148 5503 2552 5561; x_wconf 81' lang='lat' dir='ltr'><strong>LECTIONES.</strong></span> 
     </span>
    </p>
   </div>
   <div class='ocr_carea' id='block_1_145' title="bbox 583 5667 1492 5738">
    <p class='ocr_par' dir='ltr' id='par_1_145' title="bbox 583 5667 1492 5738">
     <span class='ocr_line' id='line_1_148' title="bbox 583 5667 1492 5738; baseline -0.001 -16"><span class='ocrx_word' id='word_1_1021' title='bbox 583 5667 599 5696; x_wconf 82' lang='lat'>&#39;</span> <span class='ocrx_word' id='word_1_1022' title='bbox 619 5677 794 5738; x_wconf 70' lang='lat' dir='ltr'><strong>possrt</strong></span> <span class='ocrx_word' id='word_1_1023' title='bbox 819 5667 935 5722; x_wconf 87' lang='lat' dir='ltr'><strong>Bal.</strong></span> <span class='ocrx_word' id='word_1_1024' title='bbox 1049 5669 1070 5700; x_wconf 80' lang='grc'><strong><em>³</em></strong></span> <span class='ocrx_word' id='word_1_1025' title='bbox 1097 5669 1348 5738; x_wconf 75' lang='lat' dir='ltr'><strong>placitam</strong></span> <span class='ocrx_word' id='word_1_1026' title='bbox 1371 5667 1492 5738; x_wconf 79' lang='lat' dir='ltr'><strong>Bal.</strong></span> 
     </span>
    </p>
   </div>
   <div class='ocr_carea' id='block_1_146' title="bbox 1606 5650 2706 5735">
    <p class='ocr_par' dir='ltr' id='par_1_146' title="bbox 1606 5650 2706 5735">
     <span class='ocr_line' id='line_1_149' title="bbox 1606 5650 2706 5735; baseline -0.008 -14"><span class='ocrx_word' id='word_1_1027' title='bbox 1606 5667 1636 5698; x_wconf 83' lang='grc'><strong>·³</strong></span> <span class='ocrx_word' id='word_1_1028' title='bbox 1663 5664 1940 5735; x_wconf 76' lang='lat' dir='ltr'><strong>servitium</strong></span> <span class='ocrx_word' id='word_1_1029' title='bbox 1969 5661 2304 5735; x_wconf 53' lang='lat' dir='ltr'><strong>agaturtrel.</strong></span> <span class='ocrx_word' id='word_1_1030' title='bbox 2335 5657 2546 5735; x_wconf 74' lang='lat' dir='ltr'><strong>desunt)</strong></span> <span class='ocrx_word' id='word_1_1031' title='bbox 2585 5650 2706 5735; x_wconf 84' lang='lat' dir='ltr'><strong>Bal.</strong></span> 
     </span>
    </p>
   </div>
   <div class='ocr_carea' id='block_1_147' title="bbox 2833 5653 3817 5722">
    <p class='ocr_par' dir='ltr' id='par_1_147' title="bbox 2833 5653 3817 5722">
     <span class='ocr_line' id='line_1_150' title="bbox 2833 5653 3817 5722; baseline -0.009 -11"><span class='ocrx_word' id='word_1_1032' title='bbox 2833 5657 2855 5690; x_wconf 70' lang='grc'>⁸</span> <span class='ocrx_word' id='word_1_1033' title='bbox 2881 5661 3090 5712; x_wconf 84' lang='lat' dir='ltr'><strong>teneret</strong></span> <span class='ocrx_word' id='word_1_1034' title='bbox 3125 5663 3174 5709; x_wconf 89' lang='lat' dir='ltr'><strong>et</strong></span> <span class='ocrx_word' id='word_1_1035' title='bbox 3196 5653 3274 5709; x_wconf 84' lang='lat' dir='ltr'><strong>sic</strong></span> <span class='ocrx_word' id='word_1_1036' title='bbox 3299 5668 3395 5722; x_wconf 84' lang='lat' dir='ltr'><strong>per</strong></span> <span class='ocrx_word' id='word_1_1037' title='bbox 3414 5659 3582 5704; x_wconf 75' lang='lat' dir='ltr'><strong>totum</strong></span> <span class='ocrx_word' id='word_1_1038' title='bbox 3633 5657 3817 5718; x_wconf 57' lang='lat' dir='ltr'><strong>cuius</strong></span> 
     </span>
    </p>
   </div>
   <div class='ocr_carea' id='block_1_148' title="bbox 510 5722 2860 5809">
    <p class='ocr_par' dir='ltr' id='par_1_148' title="bbox 510 5722 2860 5809">
     <span class='ocr_line' id='line_1_151' title="bbox 510 5722 2860 5809; baseline -0.005 -17"><span class='ocrx_word' id='word_1_1039' title='bbox 510 5722 648 5792; x_wconf 69' lang='lat' dir='ltr'><strong>coni.</strong></span> <span class='ocrx_word' id='word_1_1040' title='bbox 691 5738 839 5806; x_wconf 74' lang='lat' dir='ltr'><strong>impf.</strong></span> <span class='ocrx_word' id='word_1_1041' title='bbox 881 5738 1000 5793; x_wconf 85' lang='lat' dir='ltr'><strong>Bal.</strong></span> <span class='ocrx_word' id='word_1_1042' title='bbox 1079 5722 1346 5809; x_wconf 43' lang='lat' dir='ltr'><strong>{possent</strong></span> <span class='ocrx_word' id='word_1_1043' title='bbox 1368 5737 1490 5794; x_wconf 83' lang='lat' dir='ltr'><strong>Bal.</strong></span> <span class='ocrx_word' id='word_1_1044' title='bbox 1563 5725 1587 5770; x_wconf 78' lang='grc'><strong>³</strong></span> <span class='ocrx_word' id='word_1_1045' title='bbox 1615 5736 1778 5793; x_wconf 83' lang='lat' dir='ltr'><strong>deest.</strong></span> <span class='ocrx_word' id='word_1_1046' title='bbox 1803 5733 1868 5792; x_wconf 73' lang='grc' dir='ltr'>ϐ.</span> <span class='ocrx_word' id='word_1_1047' title='bbox 1934 5737 1964 5804; x_wconf 47' lang='grc'><strong>,⁷</strong></span> <span class='ocrx_word' id='word_1_1048' title='bbox 1991 5722 2038 5790; x_wconf 61' lang='grc' dir='ltr'><em>ἔ</em></span> <span class='ocrx_word' id='word_1_1049' title='bbox 2079 5733 2127 5788; x_wconf 92' lang='lat' dir='ltr'><strong>ei</strong></span> <span class='ocrx_word' id='word_1_1050' title='bbox 2153 5722 2271 5787; x_wconf 66' lang='lat' dir='ltr'><strong>Bal.</strong></span> <span class='ocrx_word' id='word_1_1051' title='bbox 2348 5734 2368 5764; x_wconf 76' lang='grc'><strong><em>⁸</em></strong></span> <span class='ocrx_word' id='word_1_1052' title='bbox 2407 5722 2720 5786; x_wconf 73' lang='lat' dir='ltr'><strong>conservari</strong></span> <span class='ocrx_word' id='word_1_1053' title='bbox 2736 5722 2860 5783; x_wconf 67' lang='lat' dir='ltr'><strong>Bal;</strong></span> 
     </span>
    </p>
   </div>
  </div>
