4002 6146
277 209 372 260 711

754 205 905 260 COD.
948 204 1218 260 Dll‘LOM.
1260 236 1330 244 ——
1365 204 1727 259 BENEDICTI
1766 204 2285 260 CAPITULARIUM
2325 207 2724 264 COLLECTIO.
2765 241 2835 250 —
2873 211 2999 266 LIB.
3041 211 3081 267 l.

3441 221 3548 276 742

275 317 359 391 vel
389 315 628 386 quandiu
671 316 809 391 inter
849 331 906 367 se
941 313 1244 391 bet-edituro
1269 312 1561 391 potuerint,
1601 330 1858 391 non_con—
1887 317 1933 376 Λ
1961 313 2105 391 quod
2132 329 2230 383 per
2254 314 2514 391 Spiritum
2543 327 2788 374 sanctum
2825 323 3074 375 remissio
3109 339 3141 391 p
3176 334 3449 381 ccatorum
3489 330 3541 382 in

274 384 590 456 iungantur,
621 386 746 454 quia
773 385 902 439 haec
925 385 1102 453 potius
1141 385 1396 438 incestiva
1422 399 1581 452 quam
1611 384 1857 452 coniugia

273 468 404 512 sunt
430 456 732 510 iudicanda.

350 528 476 580 3H.
518 525 587 579 Ut
628 526 692 578 de
729 524 1024 577 absentibus
1064 540 1166 578 non
1203 525 1479 577 iudicetur.
1529 523 1763 586 Placuit,
1802 531 1861 577 ut

277 599 540 651 adversus
581 597 833 648 absentes
877 609 984 648 non
1033 594 1316 648 iudicetur.
1372 593 1526 659 Quod
1573 595 1616 649 si
1661 594 1858 648 factum

278 667 461 728 fuerit,
489 665 693 735 prolata
718 665 982 718 sententia
1015 681 1120 718 nou
1148 665 1364 717 valebit.

348 733 586 790 512ζιῖι
619 735 920 787 clementior
947 735 1192 787 severiori
1225 733 1553 803 prec-feratur
1584 735 1857 787 sententia.

277 807 507 868 Placuit,
543 815 600 857 ut
625 806 762 857 inter
786 819 942 872 pares
979 805 1273 858 sententias
1304 803 1621 859 clementior
1651 818 1862 873 semper

275 876 540 930 severinri
571 874 924 942 praeferatur.

347 948 475 1000 515.
519 943 586 997 Ut
616 945 704 1014 qui
738 945 803 996 de
831 962 886 996 se
926 944 1192 1012 confessus
1239 953 1348 1014 est,
1373 960 1528 1012 super
1559 944 1722 996 al.'um
1759 960 1862 997 non

274 1017 544 1069 credatur.
575 1013 798 1076 Placnit,
838 1025 896 1066 ut
923 1015 1013 1083 qui
1041 1014 1105 1067 de
1143 1031 1200 1069 se
1222 1013 1502 1068 confessus
1530 1025 1612 1068 est
1633 1015 1859 1078 crimen,

275 1102 444 1154 super
463 1085 626 1138 alium
647 1101 751 1139 non
773 1086 1043 1138 credatur.

349 1177 476 1231 514.
519 1176 594 1230 De
626 1175 919 1229 testimonio
954 1175 1108 1228 unius
1147 1173 1369 1228 hominis
1409 1191 1510 1226 non
1537 1174 1859 1244 accipiendo.

280 1248 352 1302 Ut
379 1246 746 1300 testimonium
780 1246 939 1298 unius
969 1246 1200 1298 hominis
1237 1261 1344 1298 non
1381 1245 1696 1312 accipiatur.
1729 1244 1862 1298 Nam

277 1319 323 1373 si
352 1333 416 1370 ex
442 1327 667 1384 utraque
685 1326 839 1385 parte
865 1316 1046 1382 plures
1069 1317 1196 1379 sint,
1227 1315 1530 1368 veraciores
1555 1323 1715 1383 atque
1741 1315 1865 1368 reli-

277 1389 552 1460 giosiores
591 1395 646 1441 et
695 1387 1361 1460 honestioreseleganter,
1388 1385 1480 1454 qui
1525 1393 1864 1460 sacramento

279 1454 380 1513 suo
419 1457 739 1511 conﬁrment
777 1454 1425 1524 testimonium'nibilque
1453 1471 1511 1509 se
1545 1457 1559 1486 ¹
1596 1454 1718 1510 falsi
1744 1469 1863 1510 esse

280 1531 546 1584 dicturos.

348 1618 476 1673 515.
519 1615 587 1688 ([t
620 1626 801 1688 contra
825 1617 1088 1688 episcOpos
1112 1616 1289 1672 nullus
1310 1619 1538 1688 graviter
1563 1628 1654 1672 aut
1681 1617 1860 1672 leviter

1961 384 2283 460 baptismate
2320 386 2744 460 conferaturtet
2769 393 2910 460 quod
2943 384 3188 448 ﬁdelibus
3227 395 3280 448 in
3319 397 3543 452 ecclesia

1959 453 2164 532 Christi
2185 455 2424 532 eiusdem
2451 459 2621 512 sancti
2649 453 2881 532 Spiritus
2901 461 3042 517 dono
3064 478 3160 532 per
3183 466 3542 522 ministerium

1960 525 2290 596 sacerdotale
2317 534 2370 578 et
2396 542 2492 594 per
2512 525 2893 596 poenitentiam
2917 540 2972 585 et
3005 525 3392 590 absolutionem
3431 553 3544 591 ma-

1961 609 2172 662 nusque
2212 595 2606 669 inpositionem
2653 602 2902 656 remissio
2947 612 3288 669 peccatorum
3330 606 3544 662 indubi-

1961 672 2140 718 tanter
2160 665 2518 720 adtribuatur.

2031 752 2155 830 517..
2197 752 2522 830 De_qttatt_tor
2559 757 2714 830 uitiis,
2744 777 2877 830 quae
2890 761 3046 830 ﬁdem
3073 761 3382 815 catholicam
3405 781 3546 818 com-

1961 821 2246 876 maculant.
2267 821 2480 900 Placuit
2511 827 2636 900 sciri
2660 821 2928 894 omnibus,
2962 841 3192 900 quatuor
3231 841 3354 886 sunt
3395 835 3543 898 vitia,

1962 908 2101 960 quae
2134 903 2371 948 nostram
2412 896 2568 950 ﬁdem
2625 899 2768 952 inter
2809 896 3020 954 caetera
3065 902 3202 954 mala
3239 896 3546 958 commacué

1963 961 2100 1046 lant;
2151 978 2288 1046 quae
2324 976 2526 1046 quanto
2557 978 2682 1046 sunt
2715 970 3035 1036 occultiora,
3077 980 3227 1046 tanto
3274 975 3542 1046 perniciu-

1962 1034 2134 1109 sigra',
2191 1034 2360 1109 idest
2401 1039 2671 1109 superbia,
2720 1054 2818 1107 per
2839 1034 3550 1109 quam—angelusdiabolns

1963 1102 2185 1184 effectus
2211 1104 2276 1184 de
2302 1107 2450 1184 caelo
2467 1102 3076 1184 'est_cieet'us;__invidia,
3099 1102 3376 1184 perquam
3407 1113 3545 1167 idem

1964 1173 2210 1254 diabolus
2248 1175 2518 1254 hominem
2553 1178 2618 1231 de
2658 1173 2908 1254 paradiso
2938 1173 3122 1254 eiecit}
3153 1173 3334 1254 odium
3363 1190 3416 1236 et
3439 1184 3550 1237 dis-

1963 1245 2166 1323 cordia,
2195 1259 2332 1312 quae
2356 1247 2635 1302 caritatem
2659 1245 2812 1303 inter
2852 1251 3128 1323 provimos
3161 1252 3461 1321 extingunt,
3493 1262 3548 1306 et

1964 1313 2304 1390 dilectionem
2336 1327 2621 1390 evacuant,
2657 1328 2709 1372 et
2739 1313 2918 1374 omnia
2962 1321 3098 1374 bona
3132 1313 3459 1390 pervertunt
3495 1331 3551 1377 et

1964 1398 2071 1436 non
2099 1385 2280 1458 sinunt
2300 1387 2572 1454 proximos
2610 1389 2663 1442 in
2692 1398 2876 1442 mutua
2909 1385 3198 1446 dilectione
3229 1393 3547 1458 consistere,

1963 1468 2064 1528 nec
2097 1454 2332 1528 quietam
2365 1458 2814 1528 tranquillamque
2844 1469 2902 1513 ut
2924 1460 3179 1515 decuerat
3212 1454 3544 1517 christianos

1964 1524 2130 1597 vitam
2152 1526 2366 1597 dueere.
2387 1525 2453 1579 Et
2477 1524 2702 1597 reliqua.

2036 1594 2159 1650 518.
2203 1595 2356 1659 Quod
2401 1594 2706 1652 universalis
2757 1608 2938 1653 sancta
2977 1597 3073 1652 Dei
3126 1599 3341 1654 ecclesia
3389 1617 3550 1654 unum

281 1666 410 1760 αςιᾶἱ
427 1666 498 1741 ’ί-
525 1666 1866 1760 t’riéé'itii'ilﬁié'iiﬁﬁé'iﬁiiéuiéi'ﬁé'6863566
1900 1667 1943 1726 Β
1969 1666 3319 1760 Ξῗῖἒέιδ..ΞξέἲΞίζῗέῗηξαὶ²Ξ⁴Ξ9⁸1⁸39⁸-ἐεμεῗτὶιέἳιέφ
3366 1671 3552 1760 33.3195

280 1759 456 1820 absit,
504 1759 700 1829 aliquis
757 1759 901 1813 circa
943 1759 1222 1826 episcopos
1269 1759 1458 1813 leviter
1496 1767 1588 1812 aut
1635 1760 1873 1829 graviter

282 1774 456 1820 ansn,
504 1774 700 1882 auqms
757 1775 901 1813 eirea
943 1774 1222 1826 episcopos
1269 1774 1458 1813 leviter
1496 1774 1588 1812 aut
1635 1774 1871 1829 graviter

282 1837 406 1900 agat
431 1844 602 1900 :quoc
646 1829 712 1882 ad
734 1829 1031 1897 periculum
1063 1829 1231 1882 totius
1261 1829 1470 1899 imperii
1496 1831 1665 1884 nostri
1701 1831 1871 1900 perti-

285 1899 397 1953 net.
426 1899 494 1953 Et
521 1907 580 1952 ut
603 1914 790 1970 omnes
812 1907 1141 1970 cognoscant
1175 1916 1390 1964 nomen,
1418 1899 1758 1968 potestatem,
1790 1901 1873 1955 vi—

285 1985 472 2040 gorem
516 1978 571 2024 et
603 1969 918 2040 dignitatem
959 1969 1343 2024 sacerdotalem
1372 1987 1383 2022 :
1410 1973 1552 2038 quod
1593 1985 1660 2024 ex
1695 1971 1874 2026 verbis

285 2039 500 2093 Domini
547 2039 701 2095 facile
741 2040 979 2110 intellegi
1023 2047 1218 2110 potest,
1263 2041 1459 2108 quibus
1499 2043 1657 2096 beato
1689 2040 1870 2106 Petro,

284 2111 440 2182 cuius
471 2111 642 2165 vicem
674 2110 908 2180 episcopi
934 2118 1147 2182 gerunt,
1181 2111 1256 2164 ait
1284 2128 1296 2162 :
1329 2110 1705 2182 Quodcumque
1739 2111 1872 2182 liga-

289 2181 420 2234 veris
459 2197 616 2253 super
651 2179 872 2242 terram;
897 2181 992 2234 erit
1035 2179 1264 2253 ligatum,
1302 2189 1350 2234 et
1384 2182 1440 2253 in
1461 2179 1684 2246 celo;'et
1708 2179 1874 2253 quod-

285 2267 506 2322 cumque
524 2249 743 2322 solveris
757 2267 928 2322 super
953 2249 1163 2322 terram,
1191 2252 1288 2322 erit
1313 2250 1542 2322 solutum
1571 2261 1636 2322 et,
1654 2249 1868 2306 in'celo.

287 2267 506 2374 rumque
529 2267 743 2305 soweris
770 2267 928 2322 super
953 2267 1163 2313 terram,
1191 2267 1288 2304 erit
1313 2267 1542 2304 solutum
1571 2267 1619 2306 et
1654 2269 1711 2306 ιη
1737 2267 1868 2306 ceto.

287 2321 352 2374 Et
375 2336 406 2373 a
431 2321 502 2376 ibi
525 2321 800 2391 discipulis
818 2320 1144 2391 generaliter
1165 2321 1295 2375 dicit
1321 2339 1332 2374 :
1360 2321 1588 2390 Accipite
1613 2321 1871 2391 Spiritum

285 2401 524 2444 sanctum
550 2407 568 2444 :
588 2389 1143 2456 Quorum’remiseritis
1163 2402 1394 2460 peccata,
1419 2389 1756 2445 remittuntur
1774 2393 1868 2456 eis,

284 2471 332 2513 et
355 2477 580 2531 quorum
609 2463 944 2524 minueritis,
989 2470 1185 2514 retenta
1229 2471 1372 2514 sunt.
1425 2460 1555 2515 lllud
1597 2463 1762 2516 etiam
1804 2465 1872 2517 ad

285 2531 594 2600 exemplum
631 2533 990 2587 reducendum
1026 2540 1108 2585 est
1133 2533 1276 2600 quod
1307 2531 1360 2584 in
1386 2531 1750 2587 ecclesiastica
1785 2531 1869 2586 hi-

287 2601 456 2655 storia
480 2601 865 2658 Constantinus
893 2603 1189 2671 imperator
1211 2601 1480 2670 episcopis
1504 2602 1580 2656 ait
1608 2620 1620 2655 :
1657 2621 1675 2652 (
1709 2603 1868 2658 Deus.

287 2671 494 2741 inquit,
559 2674 840 2728 constituit
881 2689 976 2726 vos
1035 2671 1342 2726 sacerdotes
1366 2713 1381 2736 ,
1439 2681 1494 2726 et
1547 2681 1870 2742 potestatem

287 2742 441 2797 vobis
481 2743 628 2798 dedit
683 2744 749 2798 de
804 2743 960 2798 nobis
1017 2757 1232 2810 quoque
1296 2743 1586 2797 iudicandi.
1651 2744 1719 2797 Et
1754 2744 1873 2798 ideo

288 2827 390 2883 nos
422 2829 452 2866 a
475 2813 629 2868 vobis
654 2823 800 2870 recte
826 2814 1143 2875 iudicamur,
1173 2829 1268 2868 vos
1301 2820 1481 2868 autem
1505 2830 1612 2868 non
1645 2815 1873 2883 potestis

286 2884 355 2938 ab
378 2882 689 2939 hominibus
720 2884 966 2940 iudicari.
997 2884 1222 2951 Propter
1251 2883 1396 2953 quod
1421 2884 1514 2938 Dei
1538 2882 1704 2939 solius
1731 2885 1872 2939 inter

289 2963 386 3007 vos
419 2962 700 3024 expectate
741 2955 1019 3019 iudicium,
1059 2963 1118 3008 ut
1152 2965 1329 3008 vestra
1366 2954 1554 3024 iurgia,
1581 2970 1872 3023 quaecum-

1973 1733 2476 1809 quod_universalis
2514 1733 2700 1809 sancta
2741 1739 2834 1792 Dei
2879 1739 3106 1793 ecclesia
3147 1755 3310 1793 unum
3358 1733 3556 1809 corpus

1973 1804 2259 1878 manifeste
2310 1821 2431 1861 esse
2480 1808 2762 1878 credatur,
2809 1809 3032 1877 eiusque
3081 1821 3241 1878 caput
3284 1804 3552 1870 Christ-us,

1972 1875 2284 1944 apostolicis
2323 1876 2558 1948 oraculis
2596 1875 2961 1948 approbaturf
3000 1875 3414 1934 Unde—Paulus:
3451 1878 3553 1932 Vos

1973 1955 2148 2019 autem
2199 1948 2340 2019 estis,
2381 1947 2814 2019 inquit,_rcorpus
2867 1947 3076 2019 Clu-isi,
3127 1960 3172 2002 ct
3223 1949 3449 2002 membra
3489 1951 3558 2019 de

1971 2017 2220 2088 membro.
2249 2016 2490 2088 itemque
2516 2031 2530 2069 :
2558 2016 2877 2075 Sicut'enim
2922 2018 2976 2071 in
3003 2035 3108 2088 uno
3135 2035 3346 2088 corpore
3387 2017 3554 2072 multa

1972 2085 2201 2138 membra
2237 2085 2504 2149 habemus,
2535 2088 2709 2140 omnia
2735 2097 2908 2140 autem
2943 2087 3171 2140 membra
3198 2085 3301 2140 non
3334 2088 3552 2141 eundem

1972 2165 2145 2227 actum
2169 2154 2320 2227 habet
2345 2172 2362 2208 :
2384 2157 2458 2209 ita
2480 2155 2628 2210 multi
2654 2174 2814 2227 unum
2839 2173 3024 2227 corpus
3044 2173 3223 2210 sumus
3247 2157 3300 2209 in
3324 2156 3551 2210 Christo.

1971 2223 2106 2278 Item
2133 2238 2148 2277 :
2185 2223 2346 2280 Cuius
2378 2234 2532 2297 caput
2561 2236 2634 2297 est
2662 2223 3012 2292 Christtts,'cx
3035 2243 3137 2296 quo
3173 2235 3337 2297 totum
3367 2243 3555 2297 corpus

1971 2311 2064 2364 per
2087 2311 2276 2364 nexum
2302 2306 2347 2348 et
2375 2295 2762 2350 coniunctiones
2788 2295 3211 2350 administratum
3238 2295 3258 2326 ⁵
3290 2295 3471 2349 crescit
3498 2296 3554 2348 in

1971 2363 2220 2434 templum
2245 2376 2484 2418 sanctum
2504 2365 2559 2418 in
2585 2364 2829 2419 Domino.
2857 2365 2995 2420 Sunt
3020 2375 3073 2420 et
3103 2367 3208 2420 alia
3230 2365 3452 2420 huiusce
3474 2365 3552 2418 rei

1974 2433 2254 2506 innumera
2291 2434 2554 2506 exempla,
2585 2450 2724 2506 quae
2763 2437 2852 2490 hic
2891 2436 2960 2490 ob
2993 2435 3352 2506 prolixitatem
3385 2435 3556 2506 vitan-

1973 2504 2094 2576 dam
2125 2505 2647 2576 praetermittuntur.
2684 2505 2940 2576 Quisquis
2975 2504 3102 2576 ergo
3123 2521 3220 2575 per
3237 2505 3414 2574 aliqua
3450 2504 3555 2576 illi-

1973 2575 2079 2628 cita
2133 2590 2198 2628 ex
2232 2575 2474 2630 membro
2501 2575 2703 2630 Christi
2741 2591 2800 2630 se
2829 2574 2957 2631 fecit
2999 2574 3298 2630 membrum
3335 2574 3551 2637 diaboli,

1973 2644 2184 2722 noverit
2204 2659 2265 2722 se
2286 2645 2586 2722 incorpore
2606 2645 2806 2700 Christi
2832 2661 2938 2700 non
2965 2661 3103 2709 esse,
3130 2646 3220 2722 sed
3249 2645 3309 2722 in
3329 2658 3557 2722 corpore

1973 2714 2188 2768 diaboli.
2231 2714 2462 2785 Proinde
2494 2730 2718 2770 necesse
2753 2723 2866 2780 est,
2904 2725 2964 2770 ut
3005 2715 3216 2785 corpori
3251 2715 3480 2775 Christi,
3522 2729 3555 2766 a

2013 2797 2080 2838 uo
2108 2785 2305 2838 astutia
2349 2784 2610 2838 diabolica
2635 2793 2914 2853 separatus
2939 2793 3042 2850 est,
3068 2784 3126 2838 se
3158 2785 3553 2846 incunctanter,

2013 2799 2080 2838 uo
2108 2799 2305 2838 aswua
2349 2799 2610 2838 utanouca
2635 2799 2914 2853 separatus
2939 2799 3042 2850 est,
3068 2801 3126 2838 se
3159 2799 3553 2846 meonetanter,

1973 2799 2101 2910 dum
2133 2865 2342 2923 tempus
2369 2855 2730 2922 poenitentiae
2753 2855 2808 2908 in
2833 2863 3085 2924 promptu
3115 2855 3362 2918 habetur,
3393 2853 3554 2908 resti-

1974 2931 2125 2978 tuere
2147 2940 2254 2978 non
2281 2925 2560 2995 neglegat.‘

286 3038 396 3092 que
417 3009 544 3088 sitit,
569 3028 634 3079 ad
671 3009 802 3081 illud
823 3009 1063 3080 divinum
1100 3009 1742 3079 reserventuruexamena
1763 3025 1870 3080 Vos

2221 3011 2416 3094 Quod"
2439 3013 2669 3094 eiusdem
2715 3013 2963 3094 eccfesiae
3009 3029 3221 3094 corpus‘
3245 3013 3300 3094 in
3345 3009 3556 3094 duillius

287 3094 489 3149 etenim
523 3095 681 3150 nobis
716 3112 745 3150 a
770 3097 880 3151 Deo
911 3096 1021 3149 dati
1051 3095 1184 3150 estis
1205 3095 1298 3149 dii.
1328 3095 1396 3148 Et
1417 3095 1742 3150 conveniens
1763 3111 1870 3150 non

287 3173 392 3226 est,
421 3172 481 3217 ut
511 3165 671 3220 homo
703 3167 902 3221 iudicet
933 3166 1080 3229 deos,
1105 3164 1200 3220 sed
1232 3165 1320 3219 ille
1348 3164 1495 3219 solus
1517 3165 1582 3219 de
1607 3181 1714 3234 quo
1740 3166 1872 3220 seri-

287 3243 455 3306 ptum_
466 3243 551 3289 est
576 3253 588 3288 :
619 3254 637 3285 ι
671 3237 810 3291 Deus
835 3236 984 3290 stetit
1024 3237 1079 3290 in
1110 3250 1380 3306 synagoga
1399 3236 1643 3306 deorum.
1673 3237 1732 3290 ln
1756 3251 1870 3290 me-

290 3303 382 3360 dio
429 3303 569 3359 Deus
605 3319 784 3361 autem
819 3307 948 3362 deos
969 3307 990 3337 ³
1013 3303 1291 3361 discernit.
1321 3303 1344 3357 Β
1391 3304 1496 3360 Sed
1539 3314 1593 3360 et
1631 3306 1732 3360 hoc
1767 3307 1874 3361 illis

289 3375 358 3428 ad
385 3377 700 3446 memoriam
733 3377 1091 3432 reducendum
1127 3386 1238 3440 est,
1265 3375 1498 3446 qualiter
1527 3377 1718 3431 beatus
1743 3376 1872 3431 Pro-

291 3458 420 3517 sper
455 3445 510 3517 in
547 3446 702 3513 libro,
729 3463 888 3517 quem
921 3449 986 3502 de
1013 3445 1427 3515 contemplativa
1453 3455 1506 3501 et
1537 3447 1874 3517 actualigvita

293 3515 530 3586 scripsit,
557 3515 768 3573 laudem
793 3519 1131 3573 sacerdotum
1153 3517 1670 3586 compraehenderit.
1699 3537 1717 3568 ‹
1741 3516 1876 3586 Ipsis

294 3584 463 3650 enim,
477 3606 495 3637 ι
523 3587 714 3656 inquit,
733 3589 784 3642 id
797 3584 1291 3651 estsacerdotibus,
1307 3587 1552 3656 «propria
1573 3584 1874 3642 animarum

293 3656 656 3727 curandarutn
702 3659 1006 3714 sollicitudo
1043 3658 1330 3713 commissa
1375 3667 1489 3722 est;
1532 3657 1623 3726 qui
1666 3659 1876 3727 pondus

291 3725 477 3848 populi
499 3726 600 3781 sibi
623 3729 896 3784 commissi
920 3728 1149 3810 viriliter
1169 3729 1497 3810 sustinentes
1517 3725 1615 3796 pro
1639 3725 1876 3809 peccatis

313 3810 574 3848 tomtnum
601 3797 745 3848 velut
772 3813 870 3848 nm
908 3815 1022 3848 SlllS
1063 3797 1466 3848 mfatmabxhter
1506 3798 1528 3828 ⁸
1573 3799 1876 3848 sunnlteant

313 3795 574 3868 iominum
601 3797 745 3868 velut
772 3813 870 3868 pro
908 3799 1022 3854 suis
1063 3797 1466 3868 infatigabiliter
1506 3795 1532 3828 ί
1573 3795 1876 3867 supplicant

294 3865 440 3938 Deo;
473 3881 538 3938 ac
558 3867 704 3938 velut
723 3865 940 3938 quidam
968 3869 1148 3924 Aaron
1187 3865 1465 3923 incensum
1497 3865 1720 3938 contriti
1751 3883 1874 3922 cor-

292 3935 380 3990 dis
404 3945 458 3990 et
473 3935 984 4008 bumiliatispiritus
1004 3938 1314 4003 oﬂ'erentes,
1331 3953 1438 4008 quo
1455 3937 1698 4007 placatur
1715 3939 1872 4000 Deus,

292 4014 552 4078 avertunt
613 4007 750 4078 iram
793 4007 1012 4066 futurae
1053 4007 1534 4078 animadversionis
1573 4023 1612 4078 ra
1644 4008 1872 4078 populo;

291 4075 510 4150 qui_pe_r
531 4077 625 4132 Dei
657 4079 882 4150 gratiam
919 4079 1054 4134 ﬁunt
1086 4079 1300 4150 divinae
1323 4077 1615 4150 voluntatis
1650 4075 1872 4150 iudices,

290 4145 649 4219 ecclesiarum
662 4145 875 4204 'Christi
898 4158 1019 4219 post
1042 4148 1314 4219 apostolos
1344 4146 1670 4212 fundatOres,
1705 4148 1877 4219 ﬁdelis

291 4216 480 4288 populi
513 4218 696 4282 duces,
739 4216 980 4274 veritatis
1013 4216 1330 4282 assertores,
1367 4232 1574 4288 pravae
1601 4218 1879 4274 doctrinae

294 4287 505 4350 hostes,
528 4288 777 4344 omnibus
804 4290 960 4344 bonis
985 4289 1242 4345 amabiles
1265 4298 1319 4344 et
1349 4285 1474 4342 mali
1508 4285 1613 4344 sibi
1646 4289 1878 4344 consciis

290 4355 464 4410 etiam
509 4357 634 4428 ipso
675 4359 793 4414 visu
847 4359 1149 4424 terribiles,
1195 4358 1436 4414 vindices
1475 4372 1874 4428 oppressorum,

290 4427 560 4501 patresin
583 4428 686 4484 ﬁde
707 4430 970 4485 catholica
993 4437 1452 4501 regeneratorum,
1476 4427 1876 4501 praedicatores

291 4495 614 4552 caelestium
657 4495 1337 4569 praemiorumfexempla
1376 4495 1665 4569 bonorum,
1711 4500 1874 4553 docu-

293 4575 483 4621 menta
521 4568 779 4624 virtutum
820 4580 876 4626 et
907 4570 1078 4626 forma
1118 4568 1372 4624 ﬁdelium.
1410 4568 1512 4636 lpsi
1550 4577 1675 4623 sunt
1711 4569 1874 4623 decus

292 4637 584 4712 ecclesiae,
620 4639 676 4694 in
708 4641 904 4712 quibus
937 4641 1126 4712 fulget,
1149 4639 1408 4712 ecclesia;
1449 4638 1557 4712 ipsi
1594 4639 1874 4712 columnae

292 4705 677 4780 ﬁrmissimae,
725 4705 922 4780 quibus
975 4705 1043 4765 iri
1071 4709 1286 4766 Christo
1339 4705 1572 4780 fundatis
1627 4709 1876 4762 innititur

291 4778 480 4833 omnis
525 4778 808 4836 multitudo
851 4781 1215 4845 credentium;
1263 4780 1362 4850 ipsi
1411 4779 1600 4833 ianuae
1642 4779 1875 4834 civitatis

293 4855 576 4920 aeternae,
610 4864 709 4918 per
738 4867 874 4920 quos
901 4867 1090 4907 omnes
1114 4851 1206 4920 qui
1245 4851 1468 4905 credunt
1506 4850 1878 4917 ingrediuntur

295 4917 366 4970 ad
396 4917 699 4990 Christum;
729 4917 830 4990 ipsi
853 4917 1350 4990 ianitorem—quibus
1375 4921 1553 4975 claves
1578 4921 1731 4974 datae
1756 4929 1881 4974 sunt

297 4988 460 5057 regni
495 4983 788 5044 coeloruni.
807 4983 942 5073 ipsi
967 4983 1130 5072 etiam
1156 4983 1552 5073 dispensatores
1579 4992 1884 5073 regi-aena

296 5074 449 5122 mus,
479 5075 706 5128 quorum
745 5060 967 5116 arbitrio
1002 5061 1056 5113 in
1083 5060 1202 5114 aula
1232 5061 1374 5130 regis
1408 5061 1611 5114 aeterni
1641 5061 1881 5114 dividun-

299 5137 398 5181 tur
421 5131 620 5198 gradus
645 5139 698 5186 et
721 5131 892 5186 ollicia
925 5131 1276 5198 singulorum.
1309 5149 1328 5181 ι

372 5196 503 5253 516.
546 5200 698 5272 Quod
731 5218 824 5272 per
847 5196 1102 5272 Spiritum
1145 5209 1381 5272 sanctum
1419 5196 1886 5272 remissiqﬁtpec—

299 5278 568 5324 satorum.
608 5267 898 5326 Sciendum
936 5279 1015 5326 est
1049 5269 1300 5325 omnibus
1335 5277 1496 5337 atque
1535 5267 1882 5331 credendum,

1907 4405 1952 4463 Ι)

1974 3083 2332 3164 principaliter
2361 3082 2626 3164 dividatur
2654 3085 2860 3164 eximiis
2887 3079 3138 3164 personis.
3183 3079 3558 3164 Principaliter

1974 3149 2155 3222 itaque
2203 3153 2368 3208 totius
2406 3161 2623 3208 sanctae
2654 3154 2749 3208 Dei
2793 3149 3052 3210 ecclesiae
3094 3167 3289 3222 corpus
3324 3152 3379 3205 in
3420 3149 3556 3204 duas

1973 3223 2199 3278 eximias
2223 3238 2499 3292 personas,
2541 3224 2595 3278 in
2623 3224 3010 3280 sacerdotalem
3033 3223 3282 3276 videlicet
3309 3231 3363 3276 et
3395 3232 3554 3292 rega-

1974 3294 2100 3364 lem,
2144 3289 2286 3348 sicut
2330 3309 2359 3347 a
2393 3295 2596 3349 sanctis
2637 3294 2882 3364 patribus
2927 3293 3182 3364 traditum
3229 3289 3554 3364 accepimus.

1975 3363 2204 3434 divisum
2236 3379 2356 3418 esse
2380 3361 2654 3434 novimus:
2684 3365 2758 3418 De
2780 3379 2886 3434 qua
2910 3380 2967 3419 re
2989 3362 3254 3434 Gelasius,
3278 3361 3559 3434 Bomanae

1975 3433 2462 3505 sedisgvenerabilis
2484 3429 2876 3505 episcopusfad
2897 3433 3252 3505 Anastasiuur
3276 3429 3560 3505 imperato;

1975 3519 2090 3579 rem
2124 3503 2198 3558 ita
2237 3504 2462 3560 scribit:
2495 3501 2532 3555 ί
2545 3501 2691 3579 Duae
2717 3505 3082 3579 suntquippe,
3108 3502 3302 3572 inquit,
3328 3501 3560 3579 nupera-

1975 3574 2138 3650 trices
2191 3584 2486 3650 augustae,
2539 3577 2735 3644 quibus
2785 3568 3156 3650 priticipaliter
3183 3568 3428 3650 mundus
3471 3568 3559 3621 bic

1976 3644 2202 3715 regitur,
2243 3639 2536 3701 a'uctoritas
2556 3639 2803 3701 sacrata
2821 3639 3137 3714 pontificum
3164 3650 3220 3697 et
3244 3639 3436 3710 regalis
3463 3652 3560 3715 po-

1976 3709 2176 3780 testas;
2220 3715 2275 3769 in
2302 3716 2496 3792 quibus
2523 3724 2673 3771 tanto
2701 3709 2921 3792 gravius
2947 3715 3158 3792 pondus
3177 3719 3278 3792 _est
3305 3709 3556 3792 sacerdof

1976 3794 2112 3858 tum,
2159 3783 2360 3858 quanto
2404 3787 2564 3858 etiam
2611 3783 2728 3855 pro'
2751 3785 2880 3858 ipsis
2918 3783 3134 3858 regibus
3177 3783 3556 3858 hominumdin

1977 3848 2158 3911 divino
2178 3848 2441 3910 reddituri
2479 3848 2874 3910 sunt-examine
2899 3848 3180 3907 rationem.
3205 3871 3222 3901 ι
3248 3848 3558 3917 Fulgentius

1977 3939 2191 3996 quoque
2222 3925 2275 3978 in
2306 3924 2443 3996 libro
2473 3925 2540 3996 de
2565 3925 2789 3978 veritate
2827 3919 3333 3996 praedestinatipnis
3354 3927 3420 3996 et
3441 3930 3558 3996 gr:-

1980 3985 2086 4074 t'iae
2105 3985 2202 4074 ita
2215 3994 2403 4074 scribit
2425 4011 2438 4047 :
2464 4012 2482 4044 ι
2503 3993 2771 4074 Quantum
2795 3985 3052 4074 pertinet,
3077 3985 3388 4074 inquihiad
3401 3985 3558 4074 bitias

1979 4065 2236 4132 temporis
2278 4065 2479 4135 vitam,
2616 4057 2842 4135 ecclesia
2885 4076 3043 4114 nemo
3082 4057 3331 4135 pontiﬁce
3361 4057 3552 4135 potior,

1977 4149 2031 4188 et
2067 4127 2120 4186 in
2159 4133 2340 4188 seculo
2369 4133 2664 4188 christiano
2703 4134 3018 4203 imperatore
3050 4127 3208 4183 nemo
3245 4127 3442 4181 celsior
3471 4127 3555 4177 in-

1979 4205 2216 4258 venitur.
2252 4224 2269 4254 ι

2049 4291 2271 4367 320._Ut
2300 4293 2614 4367 corepiscopi
2637 4291 2848 4347 modum
2875 4304 3176 4367 mensurae;
3197 4287 3286 4358 qui
3315 4287 3370 4367 in
3393 4283 3558 4338 sacris

1979 4358 2676 4436 cauouibusgpraeﬁrus'est,
2705 4360 3106 4436 uon__excedant.
3136 4358 3437 4436 Emcrsisse
3472 4367 3557 4406 re-

1979 4431 2393 4501 prelicnsibilem
2436 4441 2490 4486 et
2526 4432 2678 4487 valde
2719 4431 2964 4485 inclitum
2995 4443 3151 4501 usum
3192 4431 3554 4494 conperimus,

1979 4499 2045 4556 eo
2076 4505 2217 4574 quod
2243 4503 2460 4574 quidam
2489 4499 3224 4574 corepiscopiultragmodum
3255 4510 3409 4574 suum
3437 4507 3558 4574 pto-

1980 4567 2283 4640 gretlientes
2345 4581 2400 4626 et
2433 4567 2630 4643 donaui
2669 4567 3105 4643 sanctiHSpiritus
3143 4583 3240 4638 per
3284 4567 3557 4643 inpositi-ti-

1982 4632 2104 4696 item
2143 4658 2397 4696 manuum
2435 4642 2669 4706 tradant,
2711 4650 2766 4696 et
2802 4632 3210 4708 alia-quaeque,
3252 4632 3389 4706 quae
3425 4632 3553 4687 solis

1980 4713 2828 4790 patitiﬁcibus_debcptur,contra
2846 4711 2940 4790 _fas
2981 4715 3270 4790 peragant;
3311 4717 3556 4790 praeseg-

1984 4777 2080 4835 tim
2109 4799 2230 4837 cum
2262 4783 2460 4837 nullum
2484 4782 2504 4811 ⁶
2525 4798 2590 4837 ex
2620 4781 2956 4851 septuaginta
2981 4777 3292 4851 discipulis,
3327 4784 3554 4851 quorum

1983 4854 2216 4920 speciem
2255 4853 2310 4906 in
2352 4853 2578 4906 ecclesia
2616 4848 2846 4922 gerunt,
2890 4850 3096 4920 legatur
3143 4850 3338 4922 donum
3385 4848 3554 4922 sancti

1983 4905 2219 4990 Spiritus
2255 4905 2580 4992 perimanus
2617 4905 3012 4991 Uitipo$itiout§u
3057 4915 3358 4992 tradidisse.
3405 4905 3554 4988 Quod

1982 4984 2107 5064 aute
2131 5009 2170 5064 n_
2193 4984 2320 5064 solis
2343 4993 2596 5064 apostolis
2621 4984 2910 5064 eorumque
2933 4984 3334 5064 surccssqt’jbus
3357 4984 3554 5064 P‘le'll

1983 5062 2054 5115 sit
2087 5060 2245 5114 olﬁeii
2295 5053 2504 5116 tradere
2544 5061 2802 5128 Spiritum
2819 5053 3136 5131 isanctum,“
3166 5053 3310 5131 liber
3341 5057 3554 5131 actuum

1983 5131 2345 5199 apostolorum
2381 5133 2554 5185 docet.
2582 5123 2649 5184 ’1η
2682 5128 2904 5199 concilio
2943 5141 3070 5178 vero
3098 5123 3431 5199 Caesariensi
3482 5123 3554 5196 ita

1985 5189 2052 5254 de
2099 5201 2459 5269 corepiscopis
2508 5200 2763 5269 habetur
2786 5196 3045 5269 scriptqm
3083 5209 3099 5248 :
3157 5209 3175 5242 ι
3211 5189 3554 5269 Corep'tscopi

1984 5284 2198 5350 quoque
2217 5262 2284 5325 ad
2310 5262 2610 5338 exctnplum
2640 5267 2854 5335 quidem
2885 5262 2936 5317 et
2967 5262 3190 5317 formam
3222 5262 3556 5328 septuaginta

1533 5397 1923 5456 VARIANTES
1957 5397 2357 5455 LECTIONES.

387 5523 404 5553 ¹
441 5521 584 5577 inter
611 5540 669 5580 se
695 5522 761 5578 G.

837 5524 856 5554 ⁸
895 5524 949 5578 in
995 5519 1324 5591 margine‘G.
1349 5517 1666 5591 adscriptum
1703 5531 1721 5569 :

307 5593 498 5649 biliter
526 5592 593 5648 (ἶ.
668 5595 690 5626 ⁸
718 5589 1187 5649 administratuum
1216 5589 1281 5645 ϐ.
1306 5605 1368 5642 ex
1395 5604 1530 5640 corr.

1764 5524 1926 5584 caput
1959 5514 2227 5584 episcopis
2253 5513 2557 5567 utillimum.

1607 5586 1627 5616 ⁸
1671 5586 1847 5639 nullus
1890 5584 2002 5638 Bal.

2634 5510 2654 5540 ⁸
2689 5510 2742 5565 (1.
2771 5507 3028 5564 diiudicat
3053 5505 3105 5560 d.
3139 5501 3204 5559 6'.
3279 5501 3303 5534 ι
3329 5500 3556 5572 iustigzn
