4002 6146
237 265 324 320 133

707 255 856 314 COD.
897 253 1170 312 DlPLOM.
1203 285 1272 295 —
1293 255 1654 312 BENEBICTl
1689 256 2204 315 CAPITULARIUM
2241 255 2642 314 COLLECTIO.
2669 286 2738 296 —
2767 255 2894 312 LIB.
2935 257 2998 312 ll.

3387 261 3490 316 755

231 385 280 432 et
314 391 343 427 a
382 371 538 428 nobis
576 368 816 442 synodali
855 367 1124 442 sententia
1158 365 1654 442 c9nlirmatum,_ut
1689 367 1808 422 nul-
1832 377 1884 436 Α
1911 369 2208 442 cusandum
2257 375 2342 422 cst
2389 367 2582 442 facilis,
2619 366 3016 424 accusationem
3055 368 3260 438 absque
3299 373 3488 440 grandi

229 463 306 500 tllS
341 460 406 496 ex
461 437 783 496 sacerdotali
834 437 1077 508 catalogo
1111 437 1378 508 iudicetur
1423 445 1516 491 aut
1551 437 1807 506 dampne-

230 525 330 578 tur,
368 513 470 567 nisi
508 519 793 566 accusatus
815 507 1156 562 accusatores
1183 507 1452 578 legitimos
1491 518 1807 578 praesentes

1909 439 2156 494 examine
2183 453 2341 494 nemo
2373 437 2616 508 recipiat.
2706 507 2712 508 ί
3008 475 3018 484 .

1979 509 2104 563 400.
2155 509 2232 563 De
2269 507 2511 562 rimanda
2561 507 2878 562 enucleatim
2915 525 3076 562 causa
3113 507 3168 562 in
3215 507 3412 563 iudicio
3439 520 3488 562 et

229 577 730 651 lntl'n‘atlocumque
751 578 1069 634 defendendi
1090 579 1158 633 ad
1178 577 1443 633 abluenda
1463 577 1692 633 crimina
1715 595 1806 634 ac-
1905 579 2408 651 saepeirentilanda.
2451 577 2778 651 iudicantem
2817 587 3028 651 oportet
3065 589 3258 651 cuncta
3305 577 3490 651 rimari

228 655 408 710 ciniat.

274 671 420 780 p533:
455 722 522 776 Ut
562 723 666 778 vita
701 721 1060 774 accusantium
1091 719 1259 788 primo
1297 719 1634 774 discutiatur.
1675 719 1810 773 Item

229 809 258 848 ι
291 794 566 863 praedicta
617 800 804 863 sancta
865 789 1106 863 Romana
1152 799 1206 844 et
1243 791 1536 863 apostolica
1562 789 1808 863 _ecclesia

230 859 492 924 sancitum
513 869 598 918 est
639 873 694 916 et
717 862 784 916 ab
815 861 1064 916 onmibus
1093 859 1334 930 synodali
1369 859 1692 930 auctoritate
1717 861 1810 915 de-

229 945 456 998 cretum,
488 941 548 987 ut
577 947 792 1000 semper
821 932 1052 1000 primum
1079 929 1328 998 persona,
1357 929 1506 994 ﬁdes,
1525 929 1656 994 vita,
1683 946 1812 986 eon-

231 1004 462 1064 versatio
513 1001 886 1058 accusantium
945 1001 1266 1056 cnncleatim
1321 1010 1712 1068 perscrutetur,
1755 1009 1812 1056 et

228 1085 578 1154 posteaquae
605 1073 932 1154 obiciuntur,
964 1071 1194 1154 ﬁdeliter
1211 1080 1643 1154 pertractemur;
1685 1071 1810 1154 quia

227 1141 332 1198 non
359 1141 656 1199 aliterlieri
680 1142 968 1212 quicquam
1008 1141 1188 1206 debet,
1231 1141 1336 1196 nisi
1381 1143 1533 1212 prius
1559 1141 1812 1212 inpetito-

227 1231 346 1268 rum
371 1215 482 1268 vita
509 1213 848 1270 discutiatur.

293 1305 420 1360 594.
450 1305 524 1358 De
549 1305 764 1360 testibus
803 1303 1124 1374 requirendis
1149 1304 1206 1356 in
1234 1305 1568 1374 accusatione
1599 1303 1814 1359 clerico-

227 1392 362 1428 rum.
395 1375 618 1444 Placuit,
655 1383 714 1428 ut
751 1375 797 1428 si
829 1371 952 1444 quis
981 1371 1216 1442 aliquem
1260 1373 1586 1444 clericorum
1635 1375 1692 1429 in
1723 1391 1812 1430 ac-

228 1446 508 1499 cusatione
533 1443 919 1514 fornicationis
955 1444 1266 1511 impetierit,
1291 1513 1294 1514 ν
1323 1443 1621 1500 secundum
1655 1459 1814 1514 prae-

227 1525 442 1584 ceptum
473 1514 622 1568 Pauli
653 1513 878 1584 apostoli
911 1513 1148 1582 legitima
1177 1513 1486 1568 testimonia
1534 1513 1815 1584 requiran-

227 1596 316 1640 tur
343 1585 548 1640 abillo.
585 1585 740 1652 Quod
783 1588 828 1638 si
885 1600 994 1640 non
1037 1585 1274 1652 potuerit
1311 1585 1452 1638 datis
1483 1585 1814 1641 testimoniis

227 1655 526 1724 adprobare
548 1657 692 1724 quod
723 1656 877 1719 dixit,
917 1654 1528 1710 exeommunicationem
1572 1657 1814 1712 accusati

227 1737 518 1780 accusator
551 1727 802 1794 accipiat.

291 1815 423 1886 595.
453 1815 530 1869 De
565 1813 812 1886 culpabili
835 1831 1058 1886 persona
1083 1831 1188 1886 non
1213 1814 1530 1886 recipienda.
1567 1815 1624 1872 Si
1656 1833 1814 1873 accu-

225 1885 438 1958 sutoris:
447 1885 679 1958 persona
719 1887 772 1940 in
793 1885 989 1940 iudicio
1011 1885 1379 1958 episcoporum
1413 1885 1694 1958 culpabilis
1721 1903 1814 1958 ap-

226 1947 490 2028 par-aerii,
523 1957 590 2011 ad
615 1958 946 2026 urguendum
974 1947 1080 2009 non
1119 1947 1435 2010 admittatur
1457 1947 1562 2012 nisi
1585 1957 1650 2014 dc
1687 1947 1813 2028 pro-
1844 1947 1890 2008 Β

225 2041 362 2094 prus
389 2041 587 2080 causis.

291 2095 426 2152 596.
466 2096 544 2150 De
583 2113 686 2151 non
720 2095 1011 2166 iudicando
1068 2111 1380 2166 quemquam
1439 2105 1558 2150 ante
1613 2099 1813 2154 exami-

225 2177 408 2219 natam
444 2183 678 2221 causam.
718 2165 833 2220 Non
885 2175 967 2221 est
1016 2165 1495 2222 iustum’iudicare
1537 2175 1629 2222 aut
1685 2185 1816 2224 con-

227 2237 486 2318 demnare
531 2238 728 2302 virum,
769 2237 922 2292 cuius
965 2251 1126 2293 causa
1164 2237 1231 2290 ad
1274 2237 1536 2306 liquidum
1585 2255 1690 2294 non
1728 2249 1812 2295 est

227 2317 560 2362 exanimata.
1297 2352 1300 2356 -

289 2377 424 2432 597.
451 2377 528 2432 De
567 2377 978 2433 noniudicando
1001 2379 1202 2434 maiore
1248 2397 1280 2433 a
1319 2380 1539 2433 minore.
1579 2377 1749 2435 Maior
1781 2395 1810 2432 a

223 2447 436 2502 minore
463 2464 568 2504 non
591 2459 766 2518 potest
789 2449 1035 2504 iudicari.

289 2540 426 2596 598.
465 2540 542 2595 De
595 2559 698 2596 non
755 2541 1040 2596 iudicando
1082 2558 1392 2612 quemquam
1430 2543 1622 2612 absque
1681 2541 1812 2612 legi-

226 2610 360 2662 timo
423 2622 748 2666 accusatore.
789 2611 986 2668 luditis
1039 2610 1146 2668 non
1185 2610 1270 2668 est
1327 2610 1622 2681 quemlibet
1677 2610 1815 2668 iuili-

225 2695 357 2733 care
407 2681 490 2734 vel
525 2683 922 2752 condempnare
978 2685 1180 2752 absque
1235 2683 1478 2752 legitimo
1533 2693 1816 2738 accusato-

226 2765 282 2820 re
329 2767 344 2802 :
391 2753 642 2820 quoniam
681 2763 736 2807 et
783 2753 1042 2810 Dominus
1079 2755 1262 2810 ludam
1297 2753 1471 2808 furem
1506 2769 1627 2808 esse
1683 2757 1818 2810 scic-

225 2819 360 2900 bat,
413 2819 518 2876 sed
574 2825 700 2892 quia
745 2838 850 2878 non
903 2833 989 2880 est
1033 2833 1360 2888 accusatus,
1413 2825 1534 2880 ideo
1578 2839 1684 2880 non
1731 2834 1816 2880 est

224 2899 456 2946 eiectus.

291 2961 428 3015 599.
463 2961 540 3016 De
556 2980 614 3036 eo
641 2965 731 3035 qui
740 2965 1055 3036 frequenter
1074 2965 1264 3036 litigat,
1295 2975 1348 3019 ut
1376 2983 1478 3020 non
1501 2967 1820 3036 suscipiatur

225 3031 424 3102 absque
443 3031 702 3090 examine.
735 3031 884 3100 Eius,
916 3034 1006 3104 qui
1033 3031 1344 3104 frequenter
1363 3036 1536 3106 litigat
1556 3045 1610 3091 ct
1641 3031 1706 3091 ad
1731 3052 1820 3092 ae-

1913 659 1968 706 et
1989 649 2234 706 ordinem
2283 664 2464 704 rerum
2501 649 2656 718 plena
2695 649 3042 717 inquisitione
3083 649 3370 718 discutere,
3413 649 3492 702 in-

1913 721 2221 790 terrogandi
2274 735 2338 775 ac
2402 717 2732 790 proponcttdi
2791 720 3164 788 adiciendique
3221 717 3492 790 pacientia

1909 787 2156 860 praebita
2192 792 2260 846 ab
2289 806 2376 854 eo,
2405 787 2466 844 ut
2493 790 2568 844 ibi
2602 789 2742 844 actio
2767 790 3002 858 partium
3037 787 3266 844 [imitata
3287 787 3358 860 sit
3381 789 3492 856 ple-

1911 859 2218 942 niter._1§lec
2245 861 2396 942 prius
2407 860 2736 942 litigantibus
2757 875 2852 914 sua
2875 861 3000 942 velit
3019 860 3285 942 sententia
3310 859 3496 942 obvia-

1912 947 2000 996 re,
2033 931 2142 986 nisi
2171 929 2386 1002 quando
2413 929 2514 1002 ipsi
2537 931 2770 999 peractis
2799 931 3050 1002 omnibus
3077 931 3182 986 iam
3213 929 3346 984 nihil
3379 944 3490 1002 am-

1911 1003 2052 1072 plius
2083 1000 2370 1058 habuerint
2401 1000 2456 1056 in
2499 1003 2816 1072 quaestione
2841 1042 2856 1066 ,
2895 1001 3042 1070 quod
3079 1007 3400 1072 proponant.
3427 1000 3498 1054 Et

1913 1073 2118 1128 tamdiu
2145 1075 2288 1128 actio
2313 1073 2620 1136 ventiletur,
2647 1087 2928 1141 quousque
2963 1072 3040 1125 rei
3077 1073 3276 1128 veritas
3305 1083 3492 1141 parve:

1913 1143 2110 1198 niatur.
2149 1145 2484 1214 Frequenter
2535 1138 2856 1214 interrogari
2901 1149 3133 1212 oportet,
3191 1156 3262 1197 ne
3289 1138 3496 1214 aliquid

1911 1209 2354 1295 praetermissum
2393 1213 2530 1269 forte
2563 1209 2868 1278 remaneat,
2909 1209 3054 1283 quod
3090 1209 3306 1270 adnecti
3367 1225 3496 1266 con-

1914 1293 2114 1338 veniat.

1983 1355 2110 1408 40L
2137 1355 2214 1408 De
2255 1355 2357 1418 his,
2395 1355 2484 1424 qui
2512 1371 2566 1409 se
2587 1363 2772 1425 putant
2791 1371 2886 1425 per
2923 1362 3076 1410 testes
3111 1353 3398 1425 redemptos
3427 1349 3497 1404 ad

1913 1425 2242 1479 sacerdotum
2279 1423 2666 1480 accusationem
2711 1423 2950 1490 admitti,
2979 1435 3035 1478 ut
3077 1442 3182 1480 non
3213 1423 3500 1477 admittan-

1913 1505 2018 1559 tur,
2043 1497 2142 1550 nisi
2161 1495 2302 1570 omni
2321 1496 2614 1570 suspicione
2651 1495 2936 1570 caruerint.
2985 1494 3122 1550 Sunt
3143 1494 3382 1570 quidam,
3405 1490 3498 1560 qui

1913 1575 2102 1622 contra
2161 1563 2585 1642 ecclesiasticam
2651 1564 2894 1634 regulam
2951 1563 3197 1642 pugnare
3246 1563 3499 1642 videntur

1913 1645 1968 1690 et
2030 1651 2128 1705 per
2181 1646 2350 1694 testes
2387 1637 2694 1707 redemptos
2723 1643 2916 1707 putant
2965 1651 3024 1690 se
3077 1637 3146 1690 ad
3173 1637 3501 1707 _ac_cusatio-

1915 1704 2040 1760 nem
2077 1707 2288 1762 admitti
2325 1709 2540 1764 debere.
2573 1704 2650 1761 Ili
2691 1705 2914 1761 omnino
2965 1721 3075 1760 non
3121 1704 3497 1762 admittantur,

1913 1777 2016 1830 nisi
2057 1777 2193 1832 actis
2229 1778 2460 1846 publicis
2515 1775 2836 1841 docuerint,
2885 1777 3034 1830 omni
3083 1791 3142 1832 se
3195 1772 3502 1844 suspicione

1913 1862 2123 1902 carere.

1985 1917 2111 1972 402.
2139 1917 2208 1971 Ut
2233 1918 2408 1974 nullus
2433 1927 2614 1974 contra
2639 1917 2940 1988 religionem
2969 1917 3155 1988 faciat.
3195 1913 3320 1988 Non
3333 1911 3504 1988 liceat

1917 1988 2248 2072 imperatori,
2269 1989 2354 2072 vel
2383 1991 2634 2072 cuiquam
2659 1981 2914 2058 pietatem
2936 1981 3274 2072 custodienti
3300 1981 3504 2052 aliquid

1913 2067 2102 2112 contra
2123 2061 2376 2114 mandata
2399 2061 2580 2114 divina
2603 2071 2972 2128 praesumere.

1983 2149 2109 2226 ξος».
2138 2150 2292 2216 Quod
2315 2151 2585 2226 laicisnon
2607 2151 2674 2226 _sit
2695 2150 3022 2226 de_religione
3041 2145 3498 2226 praeminentium.

1914 2221 2092 2276 Laicis
2113 2215 2361 2290 quamvis
2387 2221 2654 2291 religiosis
2681 2221 2810 2275 nulli
2835 2215 3015 2291 tamen
3041 2215 3117 2291 'de
3165 2215 3498 2291 _c_ccles_i_:15ti-_

1915 2291 1996 2345 cis
2029 2283 2378 2347 facultatibus
2407 2283 2590 2346 velvde
2621 2291 2733 2356 Deo
2757 2291 2948 2346 dicatis
2975 2289 3283 2346 hominibus
3303 2283 3505 2356 aliquid

1915 2361 2305 2431 disponendum
2331 2363 2661 2418 attribuatur
2689 2353 2938 2418 facultas.

1987 2448 2112 2503 404.
2144 2447 2213 2503 Ut
2244 2447 2398 2504 liceat
2441 2450 2668 2520 maiores
2701 2449 2899 2504 iudices
2939 2447 3220 2520 appellare,
3265 2445 3503 2520 quotiens

1919 2520 2196 2574 necessitas
2227 2519 2500 2590 ingruerit.
2525 2516 2984 2590 Quandocumque
3007 2516 3044 2572 'a
3069 2516 3396 2590 quibuslibet
3427 2516 3506 2568 iu-

1921 2589 2131 2666 dicibus
2158 2586 2636 2666 ecclesiasticisad
2667 2589 2800 2666 alios
2826 2586 3040 2666 iudices
3078 2586 3500 2666 ecclesiasticos,

1921 2661 2012 2716 ubi
2041 2671 2128 2716 est
2161 2661 2336 2716 maior
2361 2661 2678 2724 auctoritas,
2705 2659 2880 2732 _l'nerit
2900 2665 3272 2732 provocatum,
3295 2671 3402 2713 non
3424 2659 3506 2710 eis

1921 2731 2230 2802 denegetur,
2256 2733 2347 2802 qui
2373 2729 2804 2802 provocaverint.

1989 2823 2116 2878 405.
2161 2825 2239 2879 De
2277 2827 2470 2880 iniusto
2507 2825 2704 2896 iudicio
2727 2864 2742 2888 ,
2779 2825 3030 2896 principis
3071 2831 3210 2876 metu
3253 2819 3504 2896 celiussu

1923 2896 2220 2960 terminato,
2251 2897 2528 2950 cessando.
2577 2889 2840 2949 lniustuin
2867 2889 3126 2948 iudicium
3173 2899 3229 2946 et
3263 2889 3506 2944 deﬁnitio

1925 2965 2151 3088 iniusta],
2187 2959 2334 3035 regio
2376 2973 2522 3022 metu
2561 2965 2645 3019 vel
2683 2965 2832 3018 iussu
2863 2979 2896 3018 a
2933 2963 3200 3019 iudicibus
3237 2959 3502 3022 ordinata,

1928 3051 2036 3090 non
2063 3051 2127 3090 va
2151 3043 2257 3090 eat.

1425 3329 1724 3407 LIBER
1781 3328 2340 3407 SECUNDUS.

373 3597 638 3638 INCIPIU'ST
669 3595 944 3637 NONI‘ULLA
972 3595 1232 3636 CAI'i'I'ULA
1256 3594 1406 3636 LEGIS
1433 3593 1666 3634 ωνιωιε.
1735 3613 1739 3618 τ

301 3699 356 3751 l.
395 3692 474 3748 De
497 3691 742 3763 effusione
769 3694 1058 3764 sanguinis.
1081 3691 1423 3764 Quicumque,
1439 3691 1685 3750 eﬂ'uderit
1703 3693 1810 3750 bu-

223 3779 454 3820 manum
483 3765 816 3832 sanguinem,
849 3763 1095 3818 fimdetur
1129 3765 1345 3832 sanguis
1373 3763 1533 3818 illius.

293 3836 360 3890 2.
397 3833 544 3897 Quod
571 3835 621 3887 hi
653 3834 736 3904 qui
765 3849 948 3887 nomen
962 3832 1186 3904 pomini
1217 3835 1270 3887 in
1298 3847 1486 3888 vanum
1513 3833 1815 3904 adsumpse-

221 3908 360 3970 rint,
404 3905 626 3974 graviter
653 3901 927 3974 feriantur.
961 3901 1074 3974 Non
1107 3903 1356 3974 adsumes
1387 3918 1582 3974 nomen
1610 3901 1816 3960 domini

227 3977 328 4031 Dei
391 3973 466 4028 tui
513 3975 564 4028 in
595 3973 788 4027 vanum
815 3991 830 4038 ;
863 3987 962 4027 nec
1009 3973 1230 4028 habebit
1259 3974 1526 4028 insontem
1559 3973 1817 4028 Dominus

221 4061 382 4106 eum,
413 4044 502 4113 nui
535 4043 892 4113 adsumpserit
919 4057 1110 4098 nomen
1133 4041 1456 4113 dominiJDei
1482 4043 1566 4098 sui
1599 4043 1816 4099 frustra.

295 4113 358 4169 3.
395 4112 476 4168 De
501 4111 800 4168 honorando
829 4123 972 4184 patre
1005 4113 1082 4166 rel
1113 4123 1294 4168 matre.
1329 4111 1545 4168 Hoitora
1607 4121 1814 4182 patrem

225 4193 458 4238 tuumet
487 4191 710 4238 matrem
739 4183 908 4248 tuam,
937 4191 994 4236 ut
1021 4183 1094 4239 sis
1125 4184 1381 4252 longevus
1410 4197 1572 4252 super
1595 4191 1813 4238 terram.

299 4274 362 4329 4.
400 4271 468 4328 Ut
495 4273 584 4342 qui
605 4273 1077 4344 uendideritﬁliam
1100 4289 1247 4327 suam
1281 4273 1332 4326 in
1361 4273 1632 4344 famulam,
1663 4291 1767 4329 non
1801 4277 1817 4306 ι

225 4344 534 4414 egrediatur
562 4343 714 4414 sicut
761 4343 973 4397 ancilla.
1024 4343 1082 4397 Si
1133 4345 1253 4414 quis
1301 4343 1604 4398 vendiderit
1659 4345 1818 4400 tiliam

223 4413 394 4468 suam
452 4413 506 4466 in
553 4413 824 4474 famulam,
881 4429 986 4467 non
1043 4413 1350 4479 egredietur
1407 4416 1549 4470 sicut
1595 4413 1822 4469 ancillae

223 4485 392 4538 exire
435 4491 846 4538 consueverunt.
893 4483 948 4538 Si
985 4483 1244 4552 placuerit
1287 4482 1506 4538 domino
1565 4499 1686 4544 suo,
1733 4485 1820 4540 cui

225 4553 456 4607 vendita
488 4561 616 4625 est,“
639 4553 886 4625 admittat
910 4567 1030 4607 eam
1057 4553 1284 4625 liberam
1309 4569 1324 4618 ;
1355 4561 1410 4608 et
1438 4554 1504 4608 ad
1533 4553 1696 4608 alium
1727 4569 1823 4625 po-

225 4625 562 4693 puluinnon
588 4623 714 4678 licet
738 4622 904 4692 ipsam
937 4621 1191 4678 vendere.

297 4692 364 4747 5.
401 4689 469 4746 Ut
493 4693 578 4762 qui
611 4689 866 4748 hominem
895 4695 1200 4762 percussrrit
1231 4703 1390 4750 morte
1421 4697 1690 4749 moriatur.
1722 4694 1822 4762 Qui

225 4761 579 4832 percusserit
627 4761 903 4818 hominem
949 4761 1134 4820 volens
1167 4764 1438 4833 occidere,
1485 4771 1662 4822 morte
1708 4761 1824 4821 nio-

219 4835 304 4890 τίει
315 4841 430 4886 tur.

307 4905 370 4956 (ί.
403 4901 581 4973 Dect,
617 4903 699 4973 qui
721 4919 812 4966 per
837 4903 1149 4958 industriam
1179 4921 1272 4972 pro
1285 4907 1474 4960 rimam
1503 4907 1713 4962 uoluerit
1735 4925 1826 4962 occ

221 4973 434 5025 ciderr.
457 4971 512 5046 Si
539 4971 658 5046 quis
688 4973 754 5028 de
783 4975 1042 5046 industria
1071 4971 1330 5029 occiderit
1357 4977 1656 5046 proximum
1673 4995 1827 5037 suum

223 5049 288 5121 et
333 5057 440 5110 per
467 5040 704 5108 insidias,
748 5045 815 5100 ab
844 5045 998 5099 altari
1030 5058 1151 5099 meo
1200 5040 1398 5100 evellés
1433 5062 1574 5114 eum,
1615 5058 1672 5102 ut
1713 5067 1832 5110 mo-

219 5127 306 5164 l'la
315 5121 378 5163 tu
387 5127 430 5164 1⁵.

307 5181 370 5234 7.
407 5179 484 5234 De
511 5197 569 5262 eo
598 5183 682 5254 qui
710 5183 1016 5252 peri'nsserit
1063 5193 1264 5255 patrem
1309 5197 1400 5240 aut
1445 5199 1678 5246 matrem.
1723 5191 1826 5258 Qui

225 5261 576 5331 percusserit
613 5263 821 5323 patrem
872 5269 1026 5310 suum
1056 5264 1151 5310 aut
1197 5265 1446 5324 matrem,
1499 5269 1674 5314 morte
1713 5277 1828 5316 mo.

225 5331 440 5376 natur.

311 5389 378 5443 8.
407 5388 556 5464 ‘Non
592 5393 1007 5464 maledicendum
1043 5396 1180 5463 patri
1209 5406 1256 5450 et
1308 5400 1481 5453 matri.
1511 5395 1612 5464 Qui
1659 5399 1824 5455 male-

221 5459 445 5516 dixerit
469 5463 605 5532 patri
627 5477 725 5519 suo
746 5473 802 5520 ct
823 5465 1002 5534 matri,
1027 5459 1200 5521 morte
1228 5469 1510 5523 moriatur.

1838 3577 1886 3640 ο
1929 3648 1949 3650 ᾼ
1989 3577 2041 3650 9.
2055 3576 2154 3650 _De
2181 3593 2260 3640 eo,
2285 3581 2376 3650 qui
2406 3579 2662 3650 hominem
2695 3581 2894 3648 furatus
2925 3582 3082 3650 fuerit
3117 3593 3168 3636 et
3193 3586 3506 3643 uendiderit.

1917 3647 2018 3720 Qui
2047 3644 2254 3705 furatus
2275 3644 2438 3704 fuerit
2463 3644 2733 3704 hominem
2757 3661 2812 3706 et
2841 3644 3144 3708 vendiderit
3171 3668 3316 3720 eum,
3371 3675 3504 3712 eon-

1913 3719 2086 3774 victus
2113 3732 2294 3774 noxae
2319 3721 2340 3750 '
2367 3727 2541 3775 morte
2563 3720 2840 3776 moriatur.

1987 3788 2074 3876 ω.
2109 3787 2186 3876 ρο
2217 3789 2317 3854 his,
2343 3789 2430 3876 qui
2459 3791 2784 3876 rixati'inler
2804 3809 2864 3876 se
2887 3793 3078 3876 fuerint
3106 3805 3154 3849 et
3195 3800 3506 3876 percusserit

1917 3860 2048 3912 alter
2077 3858 2316 3936 alterum.
2361 3860 2416 3914 Si
2442 3860 2599 3936 rixati
2627 3859 2830 3936 iuerint
2853 3858 2949 3918 viri
2981 3872 3038 3917 ct
3070 3858 3394 3936 percusserit
3417 3869 3498 3920 al-

1919 3937 2001 3982 ter
2031 3929 2332 4000 proximum
2362 3945 2518 4000 suum
2543 3929 2721 4000 lapide
2747 3931 2833 3984 vel
2861 3947 3037 4000 pugno
3064 3929 3119 3991 et
3141 3933 3228 3988 ille
3257 3945 3500 3988 mortuus

1918 4013 2026 4052 non
2075 3997 2234 4052 fuerit
2261 4007 2316 4053 et
2358 3999 2582 4054 iacuerit
2628 4000 2680 4054 in
2708 3997 2906 4054 lectulo
2927 3997 2957 4067 ;“
2991 4003 3038 4058 si
3109 4003 3400 4058 surrexerit
3447 4013 3506 4057 et

1919 4067 2272 4138 ambulaverit
2323 4067 2449 4124 foris
2498 4083 2664 4138 super
2713 4071 2962 4125 baculum
3015 4087 3191 4135 suum,
3243 4072 3502 4126 innocens

1921 4137 2022 4214 erit
2049 4138 2140 4206 qui
2167 4139 2512 4214 percusserit
2535 4157 2548 4202 ;
2570 4137 2648 4193 ita
2683 4147 2882 4204 tamen,
2919 4151 2977 4196 ut
3027 4157 3220 4214 Operas
3251 4143 3506 4212 inpensas

1920 4208 2036 4262 eius
2061 4207 2280 4262 medicis
2308 4209 2328 4240 ³
2349 4209 2614 4264 restituat.

1997 4277 2084 4330 ll.
2120 4276 2198 4349 De
2225 4295 2306 4344 eo,
2339 4281 2426 4349 qui
2467 4281 2776 4348 percusserit
2811 4297 3008 4335 seruam
3035 4299 3182 4338 suum
3213 4283 3290 4336 vel
3327 4283 3504 4336 aneii‘

1923 4349 2028 4421 lam
2055 4348 2226 4416 lapide
2257 4351 2332 4404 rel
2355 4348 2500 4420 uirga
2531 4359 2581 4421 et
2614 4353 2801 4404 mortui
2831 4353 3040 4421 fuerint.
3083 4353 3184 4420 Qui
3217 4367 3497 4420 percusse-

1921 4419 2224 4472 ritservum
2272 4419 2562 4474 suumch
2607 4419 2860 4490 ancillam
2901 4421 3080 4490 lapide
3109 4419 3188 4478 vel
3220 4419 3396 4490 ’virga
3447 4431 3507 4476 et

1924 4495 2172 4542 mortuus
2210 4490 2364 4544 luerit
2390 4491 2442 4543 in
2475 4489 2717 4542 manibus
2746 4492 2884 4554 eius,
2914 4489 3040 4547 reus
3065 4495 3188 4548 erit.
3233 4491 3288 4546 Si
3321 4489 3500 4548 autem

1926 4572 2034 4612 uno
2089 4558 2176 4612 die
2227 4559 2588 4629 supervixerit
2633 4558 2718 4613 vel
2748 4561 2980 4628 duobus,
3040 4579 3146 4618 non
3199 4559 3504 4618 subiacebit

1925 4643 2150 4698 poenae,
2179 4630 2302 4696 quia
2333 4629 2558 4698 pecunia
2581 4629 2695 4682 rius
2721 4639 2824 4686 est.

1998 4697 2084 4774 id.
2121 4698 2190 4774 είς
2217 4697 2603 4774 sialiquiinter
2627 4715 2682 4752 se
2712 4703 2902 4770 fuerint
2924 4704 3102 4768 rirati,
3132 4713 3181 4759 et
3195 4704 3500 4774 percusserit

1927 4783 1990 4841 ea:
2010 4768 2084 4841 eis
2113 4767 2300 4839 aliquis
2331 4767 2592 4824 mulierem
2613 4767 3001 4841 praegnantem.
3031 4767 3274 4830 Sirix'ati
3305 4773 3499 4828 fuerint

1928 4839 2176 4914 homines
2206 4849 2258 4914 et
2289 4855 2396 4908 per:
2411 4841 2614 4914 usserit
2642 4839 3060 4914 quismulierem
3091 4853 3490 4914 praegnantem,

1863 4943 1910 5001 ι)
1932 4907 2348 5001 ςξμεὲῑοτξίξειξῑι
2365 4907 2740 5001 ,Σεοειξίξε,ἐὶ.
2763 4912 2918 5001 ipsa-
2933 4907 3145 5001 νίκετῖεε
3204 4907 3498 5001 transiit

1933 4975 2150 5050 damno,
2178 4989 2436 5048 quantum
2459 4981 2744 5050 expetierit
2769 4975 2987 5039 litat-itus
3015 4975 3252 5038 mulieris
3275 4991 3332 5036 et
3358 4979 3498 5032 arbi-

1933 5057 2042 5104 tres
2080 5049 2200 5104 iudii
2219 5050 2378 5104 arint.

2005 5119 2092 5174 l5.
2131 5119 2280 5184 Quod
2303 5123 2348 5176 si
2371 5123 2556 5193 mu'ier
2597 5131 2796 5176 mortua
2827 5125 3000 5193 fuerit,
3033 5123 3208 5177 reddet
3233 5133 3506 5193 percussor-

1932 5193 2160 5246 animam
2185 5208 2276 5260 pro
2303 5193 2498 5244 anima.
2523 5192 2578 5244 Si
2609 5199 2786 5244 autem
2817 5187 2964 5248 mors
2988 5187 3104 5248 eius
3133 5187 3290 5246 fuerit
3309 5187 3498 5260 subse-

1931 5269 2077 5332 cuta,
2109 5258 2296 5316 reddet
2323 5262 2554 5332 animam
2581 5277 2680 5332 pro
2709 5262 2906 5324 anima,
2931 5263 3146 5318 oculum
3177 5273 3276 5332 pro
3313 5258 3498 5324 oculo,

1933 5331 2147 5401 dentem
2194 5346 2290 5398 pro
2347 5331 2530 5394 dente,
2569 5329 2786 5401 manum
2816 5347 2914 5400 pro
2960 5348 3142 5397 manu,
3171 5329 3368 5401 pedem
3401 5343 3502 5398 pro

1930 5399 2088 5472 pede,
2118 5401 2454 5472 adustionem
2478 5415 2576 5470 pro
2600 5399 2898 5467 adustione,
2929 5403 3116 5458 vulnus
3139 5399 3234 5472 pro
3256 5399 3506 5464 vulnere,

1927 5471 2148 5524 livorem
2179 5485 2274 5540 pro
2303 5469 2491 5524 livore.

1441 5575 1828 5632 VARIANTES
1865 5577 2153 5633 LECTION
2161 5577 2261 5632 ES.

317 5683 332 5712 ⁸
377 5683 514 5738 deest
570 5683 634 5738 (ἱ.
715 5687 730 5716 ³
787 5699 838 5740 c.
887 5693 940 5742 et
972 5687 1328 5744 commonitus
1381 5687 1561 5758 fuerit,
1593 5703 1664 5742 m.
1693 5687 1758 5742 ϐ.
1839 5693 1856 5723 ³
1884 5705 1934 5746 o.
1969 5701 2020 5747 et
2053 5694 2085 5748 i.
2121 5709 2167 5749 e.
2215 5695 2266 5751 in
2297 5695 2532 5750 medius
2564 5693 2680 5749 But.
