4002 6146
198 286 294 340 757

653 279 806 338 COD.
847 278 1118 336 BIPLOM.
1145 272 1596 331 —BENEDICTI
1633 270 2153 330 CAPITULARIUM
2190 273 2594 333 COLLECTIO.
2617 306 2688 317 —
2717 276 2846 332 LIB.
2888 275 2952 332 ll.

3349 279 3454 336 ’ῖΰῖ

195 398 362 458 tieris.
400 402 588 465 captos
618 402 816 449 tenens
843 393 1016 463 pullos
1065 407 1214 460 suos,
1265 399 1324 446 ut
1379 389 1668 446 benedicat
1719 399 1773 444 te
1805 392 1846 451 Α
1879 403 1979 444 nos
1998 398 2092 445 aut
2106 391 2553 465 subdiaconus,si
2575 391 3110 465 aproprioepiscopo
3125 401 3454 450 exauctora-

197 470 596 592 "ogniii'mm
622 532 930 602 aediﬁcatur
953 532 1133 587 domus
1170 549 1320 598 noua,
1347 533 1444 602 ﬁat
1462 546 1637 585 murus
1680 547 1772 599 per

193 609 461 662 circuitum
528 605 732 658 domus.
791 601 926 656 Cum
974 601 1354 658 aedilicaveris'
1394 605 1613 658 domum
1674 616 1772 655 no-

195 693 336 737 vam,
385 676 549 730 iacies
597 688 806 727 murum
849 673 975 726 tecti
1027 688 1122 741 per
1165 673 1471 736 circuitum,
1505 687 1569 725 ne
1599 670 1774 725 ellun-

192 747 350 800 datur
392 745 608 809 sanguis
638 744 690 796 in
743 744 960 796 domum
995 751 1139 796 tuam
1167 753 1224 798 et
1275 742 1352 797 sis
1403 757 1528 797 reus
1556 741 1791 796 labente

193 818 301 870 alio
329 824 384 868 et
408 815 462 868 in
493 827 753 884 praeceps
782 820 992 866 ruente.

261 885 351 940 41.
387 883 464 938 lle
491 881 638 938 uinea
661 885 824 934 altera
855 884 1045 936 semine
1073 898 1178 937 non
1207 883 1450 936 serenda.
1479 881 1595 936 Non
1625 895 1775 936 seres

192 955 404 1010 vineam
435 964 579 1008 tuam
608 953 779 1006 altero
804 967 1032 1017 semzne,
1085 967 1153 1005 ne
1192 967 1278 1013 ea,
1311 966 1450 1020 quae
1479 950 1664 1006 scvisti
1716 961 1774 1007 et

191 1040 334 1094 quae
363 1030 660 1079 nascuntur
683 1036 750 1076 ex
777 1021 958 1094 vinea,
991 1023 1194 1094 pariter
1221 1023 1642 1094 sam-tiliccmur.

260 1093 351 1148 45.
389 1095 458 1147 Ut
481 1109 584 1146 non
603 1101 778 1146 aretur
796 1092 850 1144 in
880 1091 1000 1146 bove
1017 1092 1170 1146 simul
1208 1100 1255 1146 et
1283 1093 1453 1146 asina.
1503 1094 1618 1147 Non
1648 1105 1772 1146 ara-

194 1163 275 1220 bis
304 1167 356 1218 in
383 1163 524 1218 bove
551 1162 709 1217 simul
734 1170 791 1214 et
818 1164 990 1215 asina.

265 1234 358 1287 46.
390 1231 516 1287 Non
543 1230 858 1287 induendum
896 1233 1245 1302 vestimentum
1272 1231 1409 1302 quod
1449 1248 1516 1286 ea:
1555 1231 1680 1302 lana
1723 1241 1775 1285 et

194 1305 307 1360 lino
347 1303 657 1358 contenitur.
698 1302 815 1372 Non
847 1303 1036 1355 ini'ues
1061 1301 1462 1368 vestimentum,
1511 1301 1658 1372 quod
1707 1316 1774 1357 ex

197 1376 318 1430 lana
346 1384 400 1428 et
427 1375 536 1427 Iino
557 1371 870 1426 contextum
901 1379 1004 1424 est.

267 1445 360 1497 47.
395 1444 470 1498 De
505 1444 674 1512 puella
697 1443 893 1511 virgine
914 1441 1349 1512 desponsata.rSi
1383 1441 1504 1509 quis
1534 1440 1770 1512 puellam

194 1515 458 1581 virginem
497 1509 919 1581 despumaverit,
951 1519 1006 1564 et
1034 1511 1304 1581 inienerit
1347 1526 1466 1566 eam
1496 1511 1692 1579 aliquis
1720 1509 1774 1564 in

191 1580 417 1640 civitate
472 1591 532 1638 et
583 1580 1078 1636 concuburitcum
1118 1595 1208 1646 ea,
1237 1580 1468 1635 adducas
1518 1593 1775 1647 utrosque

194 1656 258 1708 ad
306 1666 515 1722 portam
557 1651 787 1708 civitatis
825 1650 985 1715 illius,
1016 1659 1072 1705 et
1123 1650 1384 1722 lapidibus
1434 1651 1773 1722 obruentur;

195 1721 393 1793 puella,
428 1724 550 1792 quia
580 1737 684 1793 non
714 1722 985 1786 clamavit,
1010 1735 1132 1776 cum
1161 1721 1380 1776 essetin
1431 1721 1688 1786 civitate;
1720 1729 1778 1775 et

194 1791 293 1854 vir,
326 1791 457 1864 quia
480 1791 774 1864 ltumiliavit
800 1807 942 1864 eam.

260 1860 358 1920 48;
383 1863 458 1917 De
485 1863 804 1932 desponsata
818 1861 1015 1932 virgine
1032 1863 1085 1914 in
1107 1876 1236 1930 agro
1261 1869 1484 1930 reperta.
1509 1860 1566 1916 Si
1597 1869 1778 1916 autem

195 1937 246 1990 in
303 1948 436 2000 agro
465 1931 728 2001 repererit
759 1931 841 1985 vir
879 1931 1110 2000 puellam
1149 1945 1289 1999 quae
1319 1937 1644 2001 desponsata
1672 1940 1774 1994 est,

192 1999 577 2126 ethiiorniicrit
606 2017 730 2056 cum
759 1999 889 2069 illa,
925 2002 1040 2070 ipse
1075 2001 1338 2056 morietur
1391 2000 1560 2057 solus.
1593 1999 1778 2057 Puella

193 2079 244 2126 ni
294 2077 307 2126 i
354 2075 608 2126 patiatur.

193 2075 330 2130 nihil
354 2075 608 2130 patiatur.

259 2090 337 2198 [illi
354 2090 742 2198 pUltI‘e‘iiii-uchus
765 2142 954 2195 attritis
983 2141 1229 2195 testiculis
1258 2140 1528 2194 ecclesiam
1558 2140 1650 2195 Dei
1673 2157 1777 2196 non

190 2218 369 2270 intret.
417 2214 532 2268 Non
562 2213 782 2266 intrabit
809 2211 1090 2267 cuum-lius
1131 2211 1328 2267 attritis
1373 2213 1457 2264 vel
1487 2214 1779 2280 amputatis

191 2284 460 2340 k‘SlitllilS
500 2291 555 2336 et
581 2281 789 2337 absciso
812 2289 1026 2337 veretro
1061 2281 1342 2336 ecclesiam
1386 2281 1636 2342 Domini;
1680 2297 1780 2337 nec

193 2356 532 2421 ingrediatur
561 2367 681 2406 eam
733 2366 972 2415 manner,
1000 2352 1103 2406 hoc
1148 2359 1232 2406 est
1255 2353 1322 2404 de
1362 2360 1541 2405 scorta
1595 2361 1776 2421 natus.

262 2420 364 2480 50.
413 2423 492 2476 De
513 2423 730 2490 pecunia
759 2421 828 2474 ad
868 2439 1078 2476 usuram
1106 2439 1208 2476 non
1257 2421 1600 2488 [oensrandm
1659 2420 1776 2475 Non

188 2494 503 2550 loenerabis
529 2493 679 2546 fratri
709 2502 800 2546 tuo
828 2497 895 2546 ad
919 2507 1136 2547 usuram
1166 2491 1452 2561 pecuniam
1472 2506 1574 2546 nec
1597 2490 1780 2561 fruges

189 2581 297 2620 nec
325 2563 618 2632 quamlibet
644 2562 804 2615 alaam
831 2577 969 2617 rem.

261 2631 358 2688 5|.
392 2633 472 2687 De
514 2641 628 2687 uoto
668 2647 772 2687 non
800 2632 1106 2700 cii/ferendo.
1154 2632 1287 2686 Cum
1344 2631 1558 2687 voveris
1593 2640 1779 2688 votum

189 2704 421 2758 domino
453 2704 564 2757 Deo
595 2712 708 2766 tuo,
739 2717 845 2756 non
877 2703 1114 2757 tardabis
1160 2701 1405 2765 reddere,
1435 2704 1559 2770 quia
1590 2705 1777 2770 requi-

193 2783 278 2828 ret
336 2773 464 2828 Illud
491 2773 742 2828 dominus
773 2772 913 2828 Deus
947 2783 1090 2829 tuus.
1140 2775 1204 2826 ιι
1248 2771 1291 2826 si
1324 2779 1565 2826 moratus
1590 2772 1777 2839 l'ueris,

191 2845 536 2914 reputabitur
558 2843 652 2897 tibi
684 2847 734 2896 in
763 2853 1064 2913 peccatum,
1099 2843 1276 2898 donec
1295 2840 1483 2908 facias,
1511 2846 1654 2910 quod
1684 2859 1780 2898 ore

192 2913 682 2983 prOprioADomino
712 2913 1022 2982 promisisti.

265 2981 362 3036 ΞΕ.
397 2981 466 3037 Ut
495 2983 668 3048 homo,
700 2981 784 3050 qui
801 2999 1013 3038 uxorem
1041 2983 1320 3052 acceperit,
1349 2999 1451 3036 non
1470 2983 1681 3036 accedat
1711 2983 1781 3036 ad

190 3053 410 3107 bellum.
449 3054 582 3107 Cum
621 3056 894 3122 acceperit
925 3054 1086 3108 homo
1127 3068 1370 3118 uxorem,
1401 3069 1508 3107 non
1556 3053 1778 3108 accedat

187 3097 729 3189 υἷ’ὖὲῐιήιῖιζῖἱεῖἔι
757 3097 896 3179 ἱιῇὶὶἑ
922 3097 1778 3192 ἱὶἦὖηέεἷᾶἷιῗέἰὲὶὲξέὲιειῖἔξῖιῖἷ
1805 3097 1852 3159 C

189 3194 413 3258 bticae;
445 3194 540 3249 sed
576 3195 784 3248 vacabit
813 3197 1015 3262 absque
1043 3195 1200 3262 culpa
1229 3193 1412 3250 domui
1437 3208 1570 3248 suae
1594 3209 1610 3258 ;
1637 3201 1694 3248 et
1720 3203 1778 3248 ut

191 3279 305 3316 uno
340 3278 483 3318 anno
508 3264 738 3318 laetetur
759 3280 878 3318 cum
911 3277 1079 3318 uxore
1104 3278 1220 3318 sua.

259 3332 363 3387 55.
393 3333 463 3387 Ut
498 3349 604 3386 non
654 3335 957 3388 occiduntur
984 3343 1159 3403 patres
1206 3350 1302 3402 pro
1351 3332 1500 3403 ﬁliis,
1537 3348 1631 3387 nec
1677 3333 1778 3402 ﬁlii

186 3420 288 3472 pro
319 3404 575 3473 patribus.
608 3407 759 3470 Quod
790 3420 897 3458 non
942 3403 1258 3458 occidantur
1299 3418 1476 3473 patres
1506 3419 1602 3471 pro
1657 3405 1779 3458 liliis

188 3491 298 3530 nec
335 3475 428 3527 lilii
454 3489 559 3554 pro
588 3475 828 3544 patribus
853 3490 868 3538 ;
897 3475 991 3530 sed
1021 3475 1386 3543 unusquisque
1412 3489 1510 3544 pro
1555 3483 1779 3544 peccato

184 3559 294 3598 8110
325 3554 609 3598 morietur.

264 3613 364 3668 54.
395 3613 476 3668 De
489 3630 566 3686 ro,
596 3615 684 3686 qui
709 3615 810 3668 vim
839 3631 872 3668 a
901 3612 1306 3684 persecutoribus
1336 3615 1547 3684 patitur,
1577 3623 1634 3668 ut
1660 3631 1778 3668 sus-

184 3686 445 3753 cipiatur.
488 3685 546 3740 Si
575 3688 696 3754 quis
726 3701 830 3739 vnn
861 3703 888 3740 a
921 3686 1357 3754 persecutoribus
1382 3699 1571 3755 passus
1598 3685 1776 3750 fuerit,

184 3755 526 3826 suscipiatur
567 3765 623 3809 et
671 3757 910 3824 requiem
961 3757 1219 3820 inveniat,
1274 3755 1342 3810 ad
1385 3769 1782 3826 quamcumque
1819 3781 1826 3792 ι

184 3825 482 3878 ecclesiam
520 3826 748 3879 venerit.

261 3893 364 3948 55.
391 3893 469 3967 Ife
498 3896 731 3967 muliere,
760 3912 891 3967 quae
915 3911 1035 3967 cum,
1056 3894 1166 3949 viro
1191 3909 1284 3967 suo
1323 3910 1426 3967 nou
1468 3902 1652 3967 potest
1681 3911 1779 3948 nu-

185 3963 342 4017 bere.
401 3963 458 4018 Si
489 3965 568 4018 vir
599 3974 656 4020 et
699 3963 892 4020 mulier
919 3965 1298 4020 coniunxerint
1326 3979 1386 4019 se
1412 3965 1465 4018 in
1499 3965 1781 4019 matrimo-

186 4036 348 4088 nium
379 4042 436 4088 et
461 4042 645 4104 postea
676 4036 875 4091 dixerit
901 4035 1094 4090 mulier
1117 4035 1186 4089 de
1222 4040 1360 4101 viro,
1393 4049 1500 4088 non
1529 4049 1687 4103 posse
1715 4035 1781 4104 il:

183 4104 310 4158 Ιιιιιι
352 4105 368 4134 ι
413 4103 617 4160 nubere
644 4120 764 4161 cum
790 4121 854 4160 ea
880 4123 895 4170 ;
921 4106 968 4159 si
995 4120 1059 4159 ea
1087 4105 1286 4174 poterit
1332 4105 1580 4174 probare,
1635 4103 1784 4172 quod

184 4190 388 4245 verum
418 4175 506 4239 sit,
538 4178 766 4245 accipiat
796 4177 979 4230 alium.

261 4244 362 4317 56.
402 4245 470 4299 Ut
493 4240 684 4317 absque
703 4261 956 4302 consensu
982 4245 1207 4317 episcopi
1235 4240 1516 4317 oblationes
1553 4260 1657 4317 non
1685 4261 1781 4298 ac—

182 4316 482 4385 cipiantur.
521 4313 831 4385 Ut'praeter
859 4313 1241 4372 conscientiam
1277 4315 1512 4385 episcopi
1545 4315 1780 4385 oblatio-

185 4401 296 4439 nes
349 4384 632 4440 fructuum,
649 4387 914 4444 ecclesiae
957 4388 1164 4442 debitas
1189 4385 1368 4440 nullus
1398 4384 1483 4438 vel
1511 4385 1640 4440 dare
1691 4384 1778 4440 vel

183 4455 450 4524 accipere
486 4462 702 4511 audeat.

264 4523 363 4578 57.
392 4526 463 4580 Ut
487 4526 756 4595 presbiteri
781 4529 1005 4582 ciuitatis
1042 4527 1152 4582 siue
1172 4526 1315 4580 iussa
1346 4525 1427 4578 sui
1447 4524 1672 4596 episcopi
1703 4527 1776 4580 ni-

184 4595 264 4649 hil
299 4595 532 4650 iubeant.
569 4598 634 4651 ιι
661 4599 945 4666 presbiteri
976 4597 1212 4652 cii/italis
1233 4596 1354 4651 sine
1374 4596 1522 4650 iussu
1550 4595 1630 4651 sui
1677 4597 1788 4666 epi-

181 4667 355 4788 sensi
384 4667 518 4788 nihill
544 4666 764 4723 iubeant
787 4684 890 4724 nec
929 4669 984 4724 in
1010 4681 1337 4736 unaquaque
1366 4667 1651 4736 parrochia
1683 4666 1788 4721 ali-

181 4751 282 4788 om
351 4751 485 4788 anan
517 4779 530 4788 .

179 4747 326 4804 quid
351 4747 530 4804 agant.

264 4804 365 4858 58.
398 4803 484 4879 e
511 4807 778 4879 presbiteri
807 4825 914 4862 rem
943 4808 1189 4863 ecclesiae
1237 4806 1425 4879 absque
1446 4806 1664 4879 licentia
1706 4809 1789 4879 sui

177 4877 430 4945 episcoPi
472 4877 718 4932 vendant.
752 4880 818 4935 Ut
857 4879 1139 4948 presbiteri
1183 4892 1298 4948 rem
1343 4877 1611 4933 ecclesiae
1674 4877 1794 4933 sine

181 4954 418 5019 licentia
474 4955 558 5002 vel
586 4950 812 5004 scientia
843 4947 924 5005 sui
965 4947 1202 5019 episcopi
1231 4963 1340 5002 non
1395 4949 1632 5004 vendant
1686 4962 1788 5004 nec

178 5016 460 5089 cuiquam
484 5021 736 5074 tribuant.

263 5085 366 5141 59.
398 5086 461 5140 Si
488 5091 740 5157 presbiter
778 5090 854 5144 rel
886 5090 1135 5144 diaconus
1191 5089 1472 5143 deseruerit
1522 5091 1790 5144 ecclesiam

175 5173 371 5230 niam,
407 5157 716 5227 deponatur.
748 5164 816 5216 Ut
851 5162 1118 5230 presbiter
1147 5160 1231 5212 vel
1258 5159 1540 5230 diaconus,
1571 5161 1662 5229 qui
1689 5165 1789 5215 de-

172 5228 332 5281 serit
361 5230 646 5284 ecclesiam
671 5247 822 5285 suam
854 5228 919 5285 et
948 5231 1015 5284 ad
1046 5229 1208 5283 aliam
1230 5229 1529 5299 transierit,
1551 5228 1788 5301 depona-

176 5310 304 5350 tur.

255 5365 359 5422 60.
392 5365 472 5422 De
489 5370 785 5438 presbiteris
809 5373 887 5426 cel
912 5369 1211 5425 diaconibus
1229 5379 1316 5422 aut
1338 5367 1736 5424 subdiaconibus
1755 5386 1789 5423 a

169 5439 426 5506 proyriis
437 5442 690 5509 episcopis
711 5443 1086 5498 exauctoratis.
1113 5439 1184 5496 Ut
1204 5441 1470 5512 presbiter
1498 5441 1581 5496 vel
1601 5441 1786 5496 diaco-

1878 467 1963 515 tus
1992 476 2150 534 suum
2181 463 2536 534 ministerium
2578 462 2800 532 incipiat
2831 477 3179 532 praesumere
3207 465 3252 532 ’,
3303 480 3454 534 spem

1873 532 2230 587 restitutionis
2257 547 2362 588 non
2385 533 2600 586 habeat.

1945 599 2032 654 61.
2075 601 2138 658 Si
2162 604 2274 674 quis
2298 605 2586 674 episcopus,
2627 600 2900 674 presbiter,
2931 602 3184 658 diaconus
3234 605 3312 660 vel
3334 605 3458 660 sub-

1877 670 2129 726 diaconus
2142 670 2212 726 αδ
2225 670 2411 746 bellum
2430 675 2756 746 processerit,
2783 671 3096 746 deponatur.
3112 674 3177 746 _$i
3200 676 3322 746 quis
3343 677 3460 745 cpi-

1873 755 2090 808 scopus,
2123 744 2387 811 presbiter
2423 741 2514 796 aut
2554 741 2811 796 diaconus
2863 744 2943 795 vel
2990 741 3350 799 subdiaconus
3379 741 3459 800 ’ad

1874 811 2074 882 bellum
2101 813 2419 882 processerit
2450 821 2506 866 et
2548 827 2700 882 arma
2721 812 2910 882 bellica
2944 812 3160 866 indutus
3192 815 3353 868 fuerit
3391 817 3460 871 ad

1876 880 2318 950 belligerandum,
2358 882 2426 936 ab
2447 881 2594 935 omni
2616 880 2801 950 ol‘l‘icio
2819 881 3145 950 deponatur,
3172 885 3224 938 in
3249 893 3457 940 tantum

1877 958 1935 1004 ut
1965 966 2067 1008 nec
2103 952 2293 1006 laicam
2325 951 2759 1005 communionem
2793 949 3012 1005 habeat.

1945 1020 2032 1074 69.
2071 1021 2140 1077 Ut
2170 1021 2440 1090 presbiteri
2482 1021 2700 1074 alterius
2729 1020 2953 1090 regionis
3001 1037 3105 1090 non
3159 1025 3459 1088 sacrificent

1873 1107 1919 1162 p7
1940 1089 2230 1146 asse-ritibus
2261 1091 2552 1161 presbiteris
2591 1091 2754 1162 ipsius
2783 1089 3034 1162 regionis.
3066 1089 3134 1146 Ut
3176 1097 3460 1162 presbiteri

1875 1161 2098 1232 alterius
2125 1160 2358 1232 regionis
2388 1160 2766 1231 praesentibus
2792 1160 2956 1230 ipsius
2984 1160 3218 1229 regionis
3253 1167 3462 1232 pre-bi-

1878 1231 2005 1284 teris
2033 1247 2139 1287 non
2167 1229 2492 1288 sacriﬁcent.

1947 1300 2037 1356 63.
2071 1301 2150 1356 De
2170 1301 2416 1356 uxoribus
2442 1309 2490 1354 et
2514 1300 2637 1353 viris
2668 1315 2724 1352 se
2751 1298 3144 1358 dimittentibus.
3181 1303 3248 1359 Ut
3279 1305 3330 1359 lii
3376 1307 3460 1361 vel

1879 1369 1998 1436 liae,
2026 1373 2116 1438 qui
2139 1387 2333 1426 uxores
2359 1379 2450 1425 aut
2472 1371 2614 1424 virus
2632 1369 2930 1430 dimittunt.
2961 1387 3068 1426 non
3093 1375 3330 1435 nubant;
3365 1378 3459 1431 sed

1877 1449 1970 1494 aut
2010 1442 2351 1498 continentes
2389 1448 2660 1504 maneant,
2695 1448 2789 1492 aut
2836 1440 3052 1496 sibimet
3105 1445 3458 1500 reconcilien-

1879 1518 1982 1564 tur.

1949 1580 2035 1664 iii.
2069 1579 2148 1664 Ue
2194 1583 2445 1664 episcopis
2471 1576 2790 1664 litigantibus
2812 1580 2890 1660 vel
2917 1580 3180 1637 iudicatis.
3209 1583 3266 1664 Si
3307 1584 3458 1664 litem

1876 1650 2125 1721 habuerit
2148 1649 2434 1720 episcopus
2476 1649 2597 1721 cuin
2615 1649 2742 1721 alio
2767 1651 3180 1721 episcopotnon
3211 1656 3456 1718 alterius,

1811 1720 1978 1809 Ksed
2010 1737 2160 1809 Isuae
2190 1719 2496 1801 provinciae
2543 1719 3017 1809 iudiersAqt-iaerat.
3049 1720 3115 1802 Ei
3145 1733 3203 1809 ut
3228 1725 3460 1804 iudicato

1887 1791 1939 1868 in
1974 1793 2151 1860 aliqua
2191 1787 2642 1868 causaepiscopo
2672 1787 2836 1868 liceat
2867 1792 3063 1844 iterare
3095 1792 3375 1868 iudicium,
3406 1806 3464 1849 et

1880 1862 1924 1916 si
1963 1877 2184 1919 necesse
2239 1861 2418 1926 fuerit,
2477 1861 2646 1915 libere
2697 1861 3009 1928 episcopum
3052 1862 3204 1919 adire
3261 1864 3460 1920 lioma-

1881 1947 2029 1987 1111111.

1951 2003 2040 2057 65.
2081 2004 2157 2056 Δί)
2187 2001 2632 2074 Ιιενριὶεοηιιιιιιιιε
2663 1999 3058 2074 benedictionem
3079 2003 3340 2074 accipiat.
3389 2005 3460 2062 Ut

1879 2079 1947 2127 alo
1979 2074 2217 2128 heretico
2249 2073 2679 2127 benedictionem
2713 2070 2888 2124 nullus
2919 2072 3167 2140 accipiat.

1949 2146 2036 2198 66.
2075 2142 2154 2198 De
2179 2142 2499 2198 orationibus
2527 2141 2594 2212 ad
2629 2140 2838 2212 Patrem
2858 2140 3162 2212 dirigendis.
3191 2144 3259 2198 Ut
3280 2145 3462 2202 nullus

1878 2215 1932 2270 in
1978 2215 2224 2283 precibus
2271 2214 2372 2269 nisi
2411 2213 2479 2283 ad
2530 2210 3369 2283 PatremAdirigutorationem;
3403 2225 3461 2270 ut

1878 2279 2028 2355 prius
2099 2299 2192 2338 eas
2244 2299 2365 2339 cum
2423 2279 2855 2337 instructioribus
2925 2280 3009 2336 vel
3072 2279 3460 2342 eruditionibus

1879 2361 2091 2409 tractet.

1946 2423 2039 2479 6'7.
2082 2425 2158 2478 De
2190 2423 2483 2496 presbitero‘
2505 2422 2570 2475 ab
2597 2422 2702 2496 alio
2729 2427 2968 2496 episcopo
2993 2426 3254 2479 orlinato.
3297 2423 3458 2481 Ordi-

1878 2505 2038 2550 natus
2066 2493 2297 2550 clrricus
2326 2494 2394 2548 ab
2419 2493 2525 2546 alio
2542 2493 2809 2564 episcopo
2829 2537 2844 2560 ,
2878 2493 2984 2550 non
3016 2496 3344 2564 deprecante
3373 2497 3458 2552 vel

1877 2565 2254 2620 consentiente
2273 2579 2392 2626 suo,
2425 2564 2477 2617 in
2507 2562 2653 2618 clero
2685 2562 2790 2619 non
2814 2573 3048 2620 maneat.

1947 2634 2037 2689 68.
2078 2633 2157 2689 De
2185 2635 2290 2689 illis
2317 2634 2638 2705 presbiter-is,
2669 2637 2755 2705 qui
2787 2636 3016 2690 nesciunt
3044 2637 3186 2690 iuxta
3213 2653 3458 2705 praecep-

1878 2713 1982 2759 tum
2016 2703 2324 2762 Saluatoris
2353 2705 2632 2777 baptizare.
2689 2703 2815 2777 Illos
2862 2722 3050 2761 omnes
3100 2707 3153 2777 ³,
3202 2703 3338 2777 quos
3381 2708 3459 2762 illi

1879 2777 2196 2844 pracsbiteri
2227 2775 2654 2846 liaptizaverunt,
2674 2776 2762 2842 qui
2793 2777 3102 2831 nescierunt
3131 2775 3277 2846 iuxta
3307 2793 3456 2846 prse-

1877 2855 2090 2912 ceptum
2113 2845 2315 2900 domini
2337 2845 2621 2916 salvatoris
2641 2846 2808 2916 nostri
2831 2847 2948 2902 lesu
2970 2845 3162 2900 Chriin
3188 2847 3250 2916 ba
3261 2845 3462 2916 ptisare

1879 2930 2055 2985 neque
2097 2923 2315 2970 sanctae
2365 2913 2641 2985 Trinitatis
2696 2915 2906 2985 miStica
2964 2916 3126 2970 verba
3183 2913 3458 2980 invocare,

1879 2983 2165 3055 propterea
2196 2985 2442 3039 iubemus
2468 2998 2562 3055 eos
2590 2983 2870 3055 baptizari,
2900 2985 3025 3054 quia
3055 2986 3173 3040 sine
3207 2985 3312 3042 ﬁde
3337 3002 3462 3042 san-

1879 3053 2000 3110 etae
2024 3055 2303 3112 Trinitatis
2327 3062 2456 3108 sunt
2485 3053 2759 3122 baptizati.

1953 3122 2040 3180 69.
2083 3124 2160 3178 De
2186 3124 2356 3177 missis
2384 3124 2594 3181 nostris.
2619 3124 2980 3196 qualitericum
3006 3125 3263 3194 episcOpis
3291 3126 3465 3196 singu-

1881 3195 2052 3249 larum
2079 3196 2346 3263 regionum
2373 3209 2510 3264 circa
2535 3194 2782 3249 ecclesias
2825 3195 2919 3250 Dei
2940 3197 3147 3264 eiusque
3173 3194 3464 3251 sacerdotes

1879 3265 2316 3338 agereudebeant.
2381 3263 2447 3318 Ut
2486 3265 2634 3318 missi
2678 3266 2847 3338 nostri
2899 3282 3001 3320 una
3047 3281 3168 3320 cuni
3197 3267 3467 3338 episcopis

1881 3335 2117 3407 propriis
2163 3349 2414 3407 magnam
2450 3349 2636 3390 curam
2682 3336 2942 3404 habeant,
2971 3338 3226 3404 quatinus
3253 3335 3467 3390 dirutae

1880 3405 2141 3463 ecclesiae
2188 3405 2416 3469 pleniter
2465 3415 2836 3461 restaurentur
2875 3416 3043 3473 atque
3083 3418 3364 3471 ornentur,
3409 3415 3466 3460 et

1879 3493 2020 3548 quae
2049 3477 2266 3548 dotatae
2296 3491 2402 3530 non
2429 3482 2556 3548 sunt
2584 3475 2669 3530 vel
2697 3491 2836 3548 quae
2863 3475 3046 3548 dotem
3085 3489 3238 3530 suam
3261 3477 3463 3548 perdi-

1882 3545 1990 3602 tam
2017 3547 2100 3602 vel
2130 3548 2465 3618 subtractam
2491 3545 2708 3618 habent,
2739 3545 2968 3618 pleniter
2985 3553 3048 3601 et
3080 3546 3340 3618 canonice
3366 3547 3464 3618 do-

1883 3626 2096 3684 tentur;
2157 3625 2217 3672 ut
2261 3617 2408 3686 quod
2454 3615 2651 3671 iniuste
2699 3615 3084 3687 pérdiderunt,
3141 3616 3281 3672 iuste
3329 3617 3468 3673 reci-

1919 3689 2050 3742 iant.

1882 3703 2050 3812 meneL
2069 3757 2166 3829 his,
2197 3756 2545 3829 quifcclesirrs
2563 3773 2694 3829 suas
2723 3758 3025 3829 necdutare
3051 3773 3144 3810 nec
3181 3755 3353 3810 dotem
3379 3774 3464 3810 re-

1879 3828 2025 3883 stitui
2049 3827 2241 3882 volunt.
2273 3827 2340 3881 Et
2361 3829 2405 3882 si
2429 3842 2522 3882 eas
2543 3828 2730 3882 dotare
2751 3827 3040 3888 noluerint.
3067 3837 3294 3894 quorum
3315 3837 3464 3892 sunt,

1881 3907 1976 3951 aut
2001 3898 2270 3953 subtracta
2299 3897 2522 3952 reddere
2550 3898 2837 3966 noluerint.
2885 3898 3172 3966 episcopus
3215 3898 3462 3966 proprius

1881 3971 1946 4021 ad
1968 3967 2261 4021 dominium
2283 3981 2414 4020 suae
2432 3967 2574 4020 sedis
2595 3965 2851 4022 ecclesias
2871 3963 3087 4021 revocet
3115 3963 3462 4020 futuris’tem-

1882 4036 2104 4106 poribus
2133 4035 2500 4105 possidendas.
2533 4033 2687 4101 Quod
2717 4037 2760 4106 si
2799 4035 2994 4106 aliquis
3040 4035 3332 4106 liberorum
3377 4035 3461 4088 bis

1883 4102 2240 4170 resultaverit,
2282 4108 2350 4160 ab
2397 4105 2654 4172 episcopo
2692 4102 2932 4160 eiusdem
2963 4105 3066 4159 loci
3097 4102 3354 4171 reliquiae
3393 4117 3459 4158 ex

1883 4177 1965 4232 his
1990 4175 2299 4231 auferantur
2325 4183 2382 4230 et
2407 4175 2458 4228 in
2488 4174 2699 4229 meliori
2734 4174 2855 4230 loco
2883 4181 3172 4244 ponantur,
3213 4184 3269 4227 et
3311 4172 3467 4245 ipsae

1882 4250 2229 4302 destruantur
2255 4245 2338 4300 vel
2368 4252 2694 4300 crementur.

1956 4315 2043 4370 70.
2084 4315 2162 4387 lie
2192 4331 2271 4379 eo,
2295 4318 2381 4385 qui
2405 4315 2731 4387 semetipsum
2761 4315 3059 4387 occiditaut
3081 4320 3259 4387 laqueo
3279 4329 3335 4367 se
3356 4329 3466 4368 sus-

1886 4387 2082 4460 ρειιιιίι.
2105 4385 2187 4460 De
2216 4401 2304 4450 eo,
2332 4386 2422 4460 qui
2447 4385 2794 4454 semetipsum
2823 4385 3022 4460 occidit
3048 4385 3156 4460 aut
3182 4387 3374 4460 laqueo
3399 4398 3464 4438 se

1814 4455 1864 4514 Ι)
1887 4453 2182 4527 suspendit.
2210 4453 2605 4511 consideratam
2637 4453 2746 4527 est,
2797 4464 2858 4509 ut
2897 4456 2942 4508 si
2981 4457 3101 4526 quis
3128 4453 3468 4527 compatiens

1891 4524 2014 4597 velit
2043 4527 2382 4597 elimosinam
2409 4527 2557 4597 dare,
2583 4524 2782 4597 tribuat
2809 4531 2866 4578 et
2887 4524 3189 4581 orationem
3216 4525 3268 4597 in
3317 4524 3463 4597 psal-

1891 4596 2085 4653 modiis
2111 4598 2287 4651 faciat.
2335 4594 2708 4650 Oblationibus
2723 4594 2909 4650 tamen
2937 4604 2993 4651 et
3020 4597 3198 4652 missis
3227 4595 3326 4665 ipsi
3368 4607 3464 4665 ca-

1890 4676 2084 4733 reant;
2117 4667 2245 4734 quia
2284 4665 2842 4734 incomprehensibilia
2879 4674 3002 4720 sunt
3048 4664 3260 4722 iudicia
3287 4664 3380 4719 Dei
3409 4671 3464 4718 et

1892 4736 2309 4810 prglbnditatcm
2339 4735 2546 4810 consilii
2573 4736 2694 4810 eius
2716 4749 2876 4810 nemo
2913 4744 3092 4810 potest
3119 4735 3463 4802 investigare.

1965 4806 2053 4861 7|.
2098 4806 2168 4861 Ut
2209 4807 2390 4861 incesti
2425 4814 2474 4858 et
2502 4805 3070 4875 parricidae-canonice
3113 4812 3462 4861 coerceantur.

1893 4877 1971 4933 De
2011 4877 2330 4931 incestuosis
2354 4883 2411 4930 et
2437 4875 2735 4944 parricidis,
2769 4885 2824 4929 ut
2849 4877 3110 4932 canonice
3137 4877 3466 4932 coliercean-

1897 4958 2012 5015 tur;
2042 4949 2181 5002 sicut
2209 4945 2278 5002 de
2301 4945 2390 5001 illo
2418 4945 2705 5000 iudicatum
2745 4956 2846 5010 est,
2876 4947 2965 5012 qui
2993 4955 3312 5000 materterae
3335 4955 3465 4996 suae

1896 5019 2057 5072 tiliam
2085 5016 2377 5086 stupravit,
2411 5015 2806 5086 utconiugium
2837 5015 2974 5069 ultra
3015 5031 3120 5070 non
3151 5019 3380 5086 repetat,
3409 5018 3466 5065 et

1894 5088 2118 5143 militiae
2145 5081 2415 5159 cingulum
2461 5081 2821 5159 derelinquat,
2856 5091 2911 5138 et
2928 5094 3035 5159 aut
3079 5081 3461 5159 monasterium

1895 5167 2064 5230 petat,
2088 5165 2181 5211 aut
2207 5159 2250 5211 si
2282 5155 2410 5230 l‘oris
2435 5170 2716 5210 remanere
2735 5155 2985 5230 voluerit,
3010 5165 3252 5230 tempora
3281 5155 3469 5223 poeni--

1897 5223 2098 5285 lentiae
2124 5227 2418 5282 secundum
2439 5239 2676 5280 canones
2696 5223 2924 5293 plcniter
2948 5229 3213 5279 exsolvat.

1971 5299 2057 5351 72.
2103 5296 2172 5352 Ut
2213 5313 2305 5351 nec
2345 5313 2378 5349 a
2423 5295 2444 5326 ⁵
2483 5295 2668 5348 clerico
2699 5291 2961 5362 iﬁlacteria
2995 5310 3086 5348 nec
3117 5294 3180 5346 ab
3209 5293 3315 5347 ullo
3337 5291 3446 5362 ﬁan

1891 5369 2192 5426 christiano.
2221 5367 2294 5423 Ut
2312 5365 2489 5422 clerici
2513 5365 2597 5419 v'el
2626 5360 2742 5419 laici
2776 5362 3030 5420 lilacteria
3063 5365 3147 5419 vel
3177 5364 3340 5418 falsas
3378 5360 3458 5414 in-

1891 5437 2212 5509 scriptiones
2232 5438 2254 5469 ⁸
2279 5446 2372 5492 aut
2397 5437 2673 5506 ligaturas,
2699 5447 2842 5505 quae
2886 5434 3236 5504 inprudentes
3263 5446 3363 5503 pro
3389 5435 3466 5486 te-

1421 5571 1812 5629 VARIANTES
1849 5569 2251 5628 LECTIONES.

259 5684 276 5715 ¹
310 5682 455 5738 deest
481 5685 547 5743 ϐ.

169 5757 410 5832 ptioncs
429 5755 495 5811 G.

627 5691 645 5721 ²
673 5704 725 5747 c.
753 5689 929 5745 sancti
976 5686 1259 5744 ministerii
1296 5684 1532 5744 ofﬁcium
1563 5687 1615 5743 i.
1642 5686 1952 5758 praeripere
1981 5683 2043 5741 (ἱ.
2123 5685 2142 5718 ³
2170 5683 2418 5742 homines
2456 5682 2600 5740 Celb.
2636 5683 2736 5740 Til.
2816 5682 2837 5717 ⁸
2859 5693 2916 5741 ιιι
2958 5699 3028 5742 ne
3055 5683 3124 5742 cl.
3158 5682 3222 5740 ϐ.
3301 5685 3472 5741 l’scri-
