4002 6146
367 198 462 252 761

845 194 994 251 COD.
1035 195 1306 251 DIPLOM.
1345 225 1416 236 ——
1451 195 1806 250 BENEDICTI
1843 193 2359 251 CAPITULABIUM
2399 195 2800 256 COLLECTIO.
2839 231 2912 240 —
2941 199 3066 254 LIB.
3097 201 3156 255 ll.

3524 205 3626 260 78%

366 315 488 379 quis
517 311 654 384 liber
677 309 944 384 ancillam
967 311 1020 384 in
1061 309 1460 384 matrimonium
1489 309 1758 384 acceperit
1777 351 1794 372 ,
1827 325 1936 361 non
1967 314 2012 367 Α
2041 308 2306 384 dz-tractio
2333 311 2688 384 sacerdotum
2731 312 2798 384 ad
2847 312 3118 366 Christum
3169 313 3430 381 pertinet.
3469 317 3624 372 cuius

367 383 532 436 habet
577 380 848 434 licentiam
895 379 1166 433 dimittere
1209 395 1351 444 eam,
1403 380 1446 433 si
1489 379 1636 448 prius
1669 393 1934 433 consensu

366 453 648 505 amborum
676 449 942 502 coniuncti
971 459 1112 502 sunt.

437 521 508 582 96
575 517 648 571 De
676 515 964 586 raptoribus
983 527 1035 570 et
1053 517 1219 588 raptis
1245 515 1532 588 virginibus
1555 517 1633 572 uel
1659 517 1844 588 viduis.
1877 517 1934 572 Si

407 591 488 642 uis
513 588 730 642 alterius
758 601 1008 656 sponsam
1034 586 1292 656 virginem
1327 586 1422 656 aut
1451 587 1682 656 viduam
1711 586 1934 640 necdum

407 605 488 642 ms
513 605 730 642 alterius
758 605 1008 656 sponsam
1034 605 1292 650 Virginem
1330 605 1422 640 aut.
1451 605 1660 640 viduam
1711 605 1934 640 necuum

365 605 742 725 desponsatam
754 654 990 722 rapuerit
1003 655 1082 709 vel
1099 655 1304 710 furatus
1317 655 1496 718 fuerit,
1515 655 1734 724 placuit,
1753 657 1936 710 utsive

367 743 486 781 eam
515 735 700 795 postea
729 726 1068 795 sponsaverit
1089 725 1202 780 sive
1241 726 1506 780 dotaverit
1537 740 1634 780 seu
1659 741 1788 789 non,
1819 726 1936 780 sive

365 811 488 849 cum
519 793 800 865 parentum
829 793 944 865 eius
973 794 1242 848 voluntate
1267 809 1590 863 quocunque
1625 803 1936 865 commento

367 863 538 930 ipsam
583 865 828 932 accipere
857 863 942 918 vel
971 871 1156 918 tenere
1181 865 1432 931 potuerit,
1464 878 1748 932 numquam
1789 863 1932 918 illam

366 949 589 988 uxorem
637 931 862 992 habent;
915 934 1006 988 sed
1051 935 1252 1000 raptori
1289 942 1384 988 aut
1425 933 1528 986 furi
1559 931 1834 986 auferatur
1879 941 1935 987 et

365 1004 624 1072 proximis
651 1003 762 1056 suis
785 1002 892 1055 alio
933 1003 1048 1056 viro
1074 1011 1318 1070 tempore
1355 1017 1614 1068 congruo,
1659 1003 1702 1056 si
1735 1003 1848 1068 ipsa
1879 1002 1932 1056 in

368 1071 470 1126 hoc
493 1074 686 1126 malum
711 1087 816 1124 non
837 1073 1190 1138 consenserit,
1205 1081 1432 1142 nuptura
1450 1071 1758 1142 legibusque
1775 1086 1934 1126 acce-

365 1154 526 1210 ptura
555 1144 824 1196 reddatur.
871 1142 1074 1208 Raptor
1111 1157 1248 1208 vero
1269 1144 1382 1196 sive
1413 1141 1824 1208 fur’omnesque
1851 1142 1932 1196 eis

365 1213 763 1266 consentientes
805 1210 1010 1279 publica
1059 1211 1388 1280 poenitentia
1439 1213 1582 1266 iusta
1613 1211 1930 1266 canonicam

363 1282 738 1360 auctoritatem
768 1280 1061 1360 multentui'
1091 1289 1146 1334 et
1191 1283 1448 1360 proximis
1487 1281 1645 1360 illius,
1666 1280 1930 1360 quicquid

367 1353 563 1405 iniuste
612 1351 664 1402 in
712 1359 817 1404 tam
865 1349 1094 1404 nefando
1123 1349 1326 1406 scelere
1369 1359 1612 1420 egerunt,
1651 1349 1932 1420 iitlwlriplo

363 1431 690 1487 componant
709 1430 764 1474 et
787 1434 1214 1488 unamquamque
1237 1435 1348 1474 rem
1377 1419 1624 1474 sernotim
1649 1419 1852 1488 legibus
1877 1420 1928 1472 in

367 1491 526 1554 triplo
559 1490 858 1544 restituant.
895 1491 1008 1558 Ipsa
1041 1505 1270 1553 namque
1296 1497 1445 1558 quae
1477 1491 1681 1556 rapitur
1703 1529 1720 1548 .
1765 1490 1810 1544 si
1838 1499 1932 1542 aut

365 1561 540 1628 primo
583 1569 676 1614 aut
727 1558 1064 1628 postmodum
1117 1565 1224 1612 tam
1269 1560 1474 1614 nefario
1525 1559 1714 1614 sceleri
1761 1559 1934 1612 libens

363 1630 720 1692 consmserit,
772 1643 1057 1698 numquam
1105 1637 1292 1698 postea
1338 1629 1520 1690 ntibat.
1579 1629 1670 1682 sed
1719 1628 1932 1698 publica

365 1699 698 1767 poenitet-tia
741 1697 1000 1752 multetur
1043 1697 1228 1752 etsub
1267 1699 1354 1752 tali
1393 1699 1634 1754 custodia
1681 1697 1932 1766 penatur,

367 1777 425 1822 ut
453 1771 502 1822 ei
537 1767 836 1822 nullatenus
859 1767 1114 1822 luxuriari
1144 1783 1266 1822 cum
1291 1783 1560 1836 quoquam
1587 1769 1762 1824 liceat.
1793 1767 1939 1822 Tali.

367 1850 449 1892 ter
468 1837 608 1892 enim
643 1848 936 1892 memorata
969 1837 1166 1906 ﬂagitia
1205 1839 1512 1906 puniantur,
1543 1847 1600 1892 ut
1626 1853 1816 1894 omnes
1841 1853 1938 1892 co-

361 1915 640 1974 gnoscant,
690 1909 944 1975 quoniam
994 1923 1094 1962 nec
1136 1908 1302 1962 seculi
1353 1908 1496 1976 leges
1545 1918 1652 1962 tam
1693 1907 1938 1964 nefandis

363 1979 832 2032 eoi-iunctionibus
873 1978 1216 2032 consentiant
1245 1993 1344 2032 nec
1371 1979 1510 2031 sacri
1539 1994 1778 2034 canones
1805 1993 1938 2032 con-

361 2047 540 2100 silium
570 2047 734 2100 ullum
765 2047 1088 2114 praebeant;
1131 2047 1226 2102 sed
1271 2047 1404 2102 tales
1451 2049 1618 2102 seculi
1661 2048 1806 2115 leges
1845 2063 1938 2100 ro-

363 2123 786 2184 operatoresque
825 2131 1016 2186 eorum
1069 2117 1245 2184 capite
1295 2116 1438 2171 feriri
1485 2119 1840 2186 praecipiunt.
1875 2115 1940 2170 Et

361 2187 500 2240 Sacri
524 2201 758 2240 canones
785 2185 978 2254 spiritu
1009 2188 1096 2240 Dei
1121 2187 1319 2241 conditi
1345 2203 1450 2242 non
1473 2185 1646 2242 solum
1672 2185 1936 2256 raptores,

363 2257 458 2308 sed
489 2256 648 2308 etiam
669 2271 856 2310 omnes
877 2271 1066 2310 eorum
1095 2267 1480 2324 cooperatores
1508 2258 1692 2325 eisque
1711 2273 1938 2312 consen-

365 2326 564 2380 tientes
609 2326 952 2379 anathemate
999 2325 1230 2392 feriunt;
1273 2327 1414 2382 sicut
1457 2329 1508 2382 in
1551 2327 1942 2382 Calcidouense

361 2395 616 2466 roneilio,
647 2400 700 2449 iu
737 2411 843 2464 quo
871 2397 975 2450 630
1005 2406 1186 2463 patres
1233 2397 1546 2462 adfuerunt,
1589 2397 1823 2466 capitulo
1849 2397 1942 2462 28,

361 2465 570 2519 cunctis
607 2465 902 2530 legentibus
928 2473 1092 2533 patet.

435 2533 642 2608 97._D_e
668 2535 768 2598 his,
797 2535 882 2606 qui
911 2537 1122 2608 rapinas
1165 2535 1327 2608 infra”
1349 2553 1560 2608 regnum
1609 2539 1830 2607 faciunt.
1885 2538 1940 2594 Si

365 2603 488 2672 quis
538 2603 1240 2676 iniraArregnum’rapinam
1307 2603 1492 2662 l‘ecérit
1541 2603 1634 2660 aut
1692 2609 1940 2676 cuiquam

369 2681 558 2745 nostro
592 2672 734 2745 ﬁdeli
765 2675 990 2745 eiusque
1013 2672 1214 2745 homini
1241 2677 1440 2745 aliquil
1481 2677 1530 2730 vi
1555 2672 1854 2743 abstulerit,
1889 2680 1942 2734 itt

369 2743 528 2810 triplo
549 2743 634 2798 cui
664 2743 860 2813 aliquid
881 2743 1176 2808 abstulerit,
1203 2743 1407 2814 legibus
1431 2755 1752 2812 componat;
1777 2757 1832 2800 et
1863 2750 1944 2802 in-

365 2829 530 2886 super
577 2815 808 2886 [taurum
857 2823 1120 2886 nostrum,
1163 2815 1214 2870 id
1255 2827 1338 2871 est
1387 2819 1662 2886 sexaginta
1715 2817 1940 2882 solitos,

365 2883 523 2936 nobis
554 2883 842 2952 persolvat.
871 2881 1216 2938 Postmodum
1251 2903 1378 2942 vero
1403 2881 1543 2942 ante'
1559 2903 1660 2942 nos
1689 2903 1719 2940 a
1747 2881 1944 2942 comite

365 2953 684 3026 adducatur,
707 2964 766 3006 ut
785 2953 837 3007 in
863 2953 1140 3026 bastonieo
1163 2969 1424 3018 retrosus,
1445 2959 1756 3026 usquedum
1785 2957 1938 3012 nobis

2041 377 2165 448 vice
2187 379 2456 448 legatione
2479 381 2530 432 in
2557 381 2782 434 ecclesia
2815 384 3126 448 funguntur.

2105 447 2232 501 .100.
2266 447 2352 520 _De
2369 449 2616 520 reiigiosa
2639 451 2847 506 tntttiere
2867 452 3098 520 decepta.
3131 451 3184 504 id
3213 461 3307 510 est,
3341 462 3478 506 ueste
3509 471 3624 506 uns-

2039 525 2169 588 μιᾳ,
2195 517 2276 570 vel
2301 517 2600 588 religionem
2630 523 2876 586 ;rofessa.
2907 520 2962 573 Si
2985 517 3104 588 quis
3135 523 3372 587 rapuerit
3399 531 3490 574 aut
3509 525 3622 576 Sui-

2037 585 2324 657 licitaverit
2349 585 2430 641 vel
2461 585 2766 656 corruperit
2811 585 3118 657 religiosam
3170 585 3443 650 fetuiuam,
3481 594 3620 645 bona

2036 655 2314 710 amborum
2341 657 2570 712 ecclesia
2591 655 2852 722 veridieet,
2885 655 2936 712 in
2963 673 3066 725 qua
3096 659 3220 712 talis
3247 659 3436 712 mulier
3466 661 3624 714 trabi-

2037 725 2190 796 tavit,
2225 725 2324 792 ipsi
2346 735 2532 796 tamen
2565 727 2780 796 capitali
2811 727 3046 796 periculo
3073 729 3430 782 subiciantur.
3465 730 3621 794 Quod

2033 794 2080 847 si
2115 797 2216 848 hoc
2251 795 2442 850 mulier
2485 811 2590 850 non
2621 794 2927 858 consentit,
2959 813 3080 851 cum
3111 798 3222 852 suis
3253 797 3412 851 rebus
3439 815 3627 852 tuonu-

2033 863 2180 920 sterii
2209 863 2502 919 ditionibus
2527 867 2786 920 tradatur.
2819 866 2874 920 Si
2905 881 3029 920 vero
3055 882 3240 922 comes
3271 867 3437 934 ipsius
3477 869 3618 934 pagi,

2035 948 2140 1004 una
2170 949 2292 986 cum
2319 935 2545 988 consilio
2569 935 2648 988 sui
2672 935 2930 1004 episcopi,
2959 937 3007 988 in
3027 937 3180 990 cuius
3209 937 3490 1004 parrochia
3515 938 3624 992 tale

2033 1003 2208 1056 St't'ills
2236 1005 2580 1059 commissum
2607 1003 2717 1067 est,
2745 1005 2848 1060 hoc
2862 1003 3148 1060 vindicare
3173 1003 3500 1070 neglexerit,
3521 1007 3620 1060 ho-

2035 1087 2167 1144 nore
2191 1081 2374 1144 careat
2406 1083 2469 1144 et
2497 1075 2768 1142 cingulum
2797 1075 3010 1128 amittat
3036 1085 3200 1140 atque
3233 1076 3446 1142 publica
3489 1091 3623 1144 poe—

2035 1142 2256 1213 nitentia
2293 1143 2588 1213 multetur,
2623 1153 2678 1198 et
2707 1144 2923 1213 insuper
2959 1144 3261 1212 wirgildum
3305 1159 3460 1198 suum
3491 1142 3624 1199 'lisci

2035 1211 2240 1266 iuribus
2273 1212 2402 1264 dare
2427 1213 2800 1280 compellatur.

2105 1281 2197 1352 tot
2213 1321 2226 1332 .
2255 1280 2329 1334 De
2349 1281 2664 1350 blasphemia
2681 1285 2734 1336 in
2761 1282 2946 1338 Deum.
2965 1283 3020 1338 Si
3044 1283 3164 1352 quis
3190 1283 3427 1352 quolibet
3461 1283 3624 1336 modo

2035 1349 2418 1420 blasphemiam
2464 1349 2520 1404 fin
2575 1353 2738 1406 Deum
2780 1349 3078 1416 iactaverit,
3123 1349 3498 1421 tib—episcopo
3537 1354 3624 1406 vel

2032 1421 2230 1473 comi:e
2281 1422 2396 1488 pagi
2430 1421 2596 1488 ipsius
2624 1423 2828 1476 carceri
2877 1439 3045 1490 usque
3081 1422 3150 1476 ad
3195 1423 3619 1478 satislactiouem

2035 1490 2275 1560 tradatur
2301 1497 2356 1544 et
2377 1491 2590 1558 publica
2621 1493 2952 1558 poenitentia
2977 1493 3255 1554 multetur,
3289 1491 3467 1546 donec
3497 1507 3622 1560 pre-

2031 1559 2184 1639 cibus
2225 1560 2706 1639 proprii_episcopi
2760 1563 2972 1639 publica
3015 1563 3395 1618 reconcilietur
3443 1559 3623 1616 eccle-

1969 1653 2010 1709 B
2035 1629 2256 1709 siaeqne
2281 1629 2488 1709 gremio
2515 1632 2778 1709 canonice
2808 1633 3083 1686 reddatur.

2109 1697 2234 1769 102.
2265 1697 2353 1769 _De
2397 1699 2500 1764 Itis,
2527 1701 2614 1769 qui
2657 1701 2711 1752 iu
2741 1701 2890 1754 domo
2928 1719 3020 1754 sua
3071 1703 3354 1756 oratorium
3386 1701 3620 1769 fecerint.

2038 1767 2137 1834 Qui
2167 1767 2220 1822 in
2247 1765 2408 1822 domo
2447 1765 2551 1822 sua
2573 1771 2870 1824 oratorium
2902 1771 3174 1832 habuerit,
3223 1765 3396 1824 orare'
3425 1769 3624 1822 ibidem

2040 1847 2236 1906 potest.
2263 1837 2450 1892 Missas
2475 1849 2652 1892 tamen
2681 1841 2730 1891 in
2759 1855 2825 1894 eo
2861 1841 3140 1894 celebrare
3170 1856 3272 1892 non
3303 1838 3500 1892 audeat
3523 1855 3624 1892 nec

2037 1921 2200 1974 agerc
2249 1909 2496 1978 cuiquam
2529 1909 2804 1977 permittat
2843 1910 2958 1964 sine
2988 1911 3250 1978 permissu
3287 1910 3370 1960 vel
3399 1907 3622 1978 dedica-

2041 1979 2186 2032 tione
2215 1977 2454 2048 episcopi
2479 1979 2602 2048 loci
2639 1979 2802 2032 illius.
2837 1977 2999 2045 Quod
3022 1979 3114 2048 qui
3145 1983 3162 2010 ‘
3193 1978 3402 2040 fecerit,
3427 1977 3624 2048 domus

2041 2048 2179 2102 illius
2227 2045 2340 2124 lisci
2372 2045 2580 2104 iuribus
2603 2049 2898 2124 addicatur.
2947 2045 3147 2124 Comes
3181 2063 3336 2124 fero.
3382 2047 3474 2124 qui
3523 2047 3626 2124 hoc

2040 2117 2294 2190 coguovii
2321 2127 2378 2190 et
2418 2135 2522 2172 non
2554 2117 2862 2188 prohibuit,
2883 2119 3094 2189 publica
3124 2115 3456 2190 poenitentia
3483 2115 3624 2170 mul-

2042 2196 2186 2241 tetur
2214 2187 2305 2256 vel
2331 2189 2535 2242 honore
2562 2187 2824 2256 privetur.

2115 2257 2234 2312 103.
2277 2255 2672 2328 Depriviiegiis
2717 2259 3048 2328 ecclesiarum
3075 2266 3124 2312 et
3168 2257 3470 2311 clericorum
3519 2273 3627 2328 non

2041 2327 2444 2380 c0rrum~rendis.
2507 2325 2592 2382 Ut'
2619 2327 2894 2396 privilegia
2943 2343 3080 2396 quae
3128 2329 3372 2382 ecclesiis
3415 2337 3470 2380 et
3511 2327 3622 2380 cle-

2043 2397 2170 2452 ricis
2207 2397 2276 2450 ab
2319 2397 2756 2452 antecessoribus
2799 2399 2998 2452 nostris
3047 2398 3132 2452 vel
3179 2398 3334 2452 nobis
3365 2411 3626 2452 cortcessa

2035 2475 2431 2536 annuisetnper
2453 2481 2704 2520 maneant
2735 2467 3068 2536 incorrupta.

2117 2535 2240 2592 104.
2281 2534 2680 2606 Neiepiscorum
2708 2537 2786 2591 vel
2816 2533 3132 2606 reliquorum
3179 2533 3627 2606 clericorumﬂvita

2047 2607 2292 2660 turbetur.
2335 2605 2502 2661 Nullis
2531 2606 2640 2660 vita
2672 2605 2976 2673 praestitum
3009 2608 3257 2660 turbetur
3285 2605 3620 2667 excessibus,

2043 2677 2168 2744 quia
2195 2677 2348 2730 valde
2377 2677 2650 2744 indignum
2677 2689 2779 2738 es',
2807 2685 2864 2728 ut
2891 2677 2980 2744 qui
3007 2675 3184 2730 throni
3217 2677 3310 2728 Dei
3345 2684 3628 2744 vocantur,

2045 2743 2224 2814 a'iqtta
2250 2743 2789 2800 mntione’turbentur
2808 2743 3110 2812 aut'tuique
3133 2753 3450 2799 tractentur.
3481 2743 3632 2814 Unde

2045 2812 2152 2886 esti
2180 2813 2305 2868 illud
2329 2815 2490 2886 inQui
2526 2831 2612 2868 vos
2638 2817 2848 2886 ‘tang't,
2897 2817 3062 2886 tangit
3115 2817 3134 2844 ³
3191 2815 3443 2886 pupillam
3493 2812 3629 2886 oculi

2047 2885 2166 2938 mei.
2222 2888 2286 2938 lit
2327 2884 2490 2938 illud:
2549 2883 2648 2948 Qui
2679 2883 2771 2954 nos
2795 2887 2956 2948 audit,
2992 2883 3095 2954 *τηεμ
3117 2885 3264 2936 audit
3291 2905 3305 2946 ;
3335 2895 3382 2936 et
3423 2885 3512 2954 qui
3541 2899 3628 2936 vos

2049 2953 2264 3016 spernit,
2307 2970 2387 3006 me
2427 2955 2642 3021 spernit.
2677 2951 2745 3006 Et
2787 2970 3016 3008 rursus:
3060 2951 3160 3016 Qui
3201 2951 3632 3006 scanzlal-aaverit

369 3003 652 3094 ιηέὶῇιέὲίῐζ
669 3003 886 3094 satis;
902 3003 1937 3094 Ῑιῖἐιὶῖὶῆᾗιὶἶξίἷᾶὖῖίέἕῖἕὲιῦἷιῖῑιὶῖἆίζ
1968 3003 2012 3064 C
2047 3003 2742 3094 .‘.;.‘...'.'."a.'";...;:'m;ara;
2769 3003 3174 3094 ἡιέὶίὶὶἷρεΐίῑὶί
3201 3003 3628 3094 ἱίιᾞὶιέρεἠάὲυιιτ

369 3093 636 3160 publicam
683 3092 806 3146 inde
841 3107 882 3154 a.
906 3101 962 3146 at
1011 3092 1394 3163 poenitentiam
1447 3098 1590 3150 iuxta
1635 3105 1942 3152 Sanctorum

365 3179 634 3216 canonum
665 3164 1034 3228 sanctionn-m;
1077 3163 1122 3218 si
1161 3179 1290 3219 vero
1331 3175 1562 3230 occule,
1601 3165 1942 3221 sacerdotum

365 3233 592 3286 consilio
621 3249 686 3304 ex
719 3233 821 3286 hoc
849 3241 970 3304 agat
1001 3235 1384 3302 poenitentiam
1425 3253 1439 3289 :
1481 3237 1734 3304 quoniam
1757 3243 1942 3303 rapto-

369 3317 476 3366 res,
521 3313 580 3356 ut
611 3303 688 3356 ait
734 3301 1032 3375 apostolus,
1079 3305 1176 3358 nisi
1209 3319 1388 3358 veram
1417 3301 1626 3373 egerint
1666 3301 1946 3375 poeniten—

367 3381 520 3436 tvam,
565 3386 784 3440 regnum
840 3371 932 3426 Dei
983 3389 1088 3426 non
1138 3371 1508 3442 possidebunt.
1557 3371 1680 3442 Ωιιῖ
1712 3391 1840 3430 vero
1879 3377 1944 3431 de

369 3443 530 3514 rebus
577 3443 927 3514 ecclesiarum
975 3442 1174 3512 aliquid
1221 3445 1522 3508 abstulerit,
1569 3445 1784 3514 gravius
1823 3445 1945 3500 inde

367 3511 652 3576 iudicetur,
701 3512 825 3582 quia
855 3511 1130 3566 sacrarum
1161 3529 1340 3568 rerum
1369 3511 1944 3582 ablatio'sacrilegium

351 3583 472 3656 est,
498 3589 554 3656 et
579 3581 874 3650 sacrilegus
903 3591 1145 3656 vocatur,
1173 3583 1264 3650 qui
1293 3599 1358 3638 ex
1385 3585 1464 3638 eis
1491 3585 1690 3656 aliquid
1709 3581 1946 3640 autiabs-

369 3651 550 3704 tulerit
583 3661 678 3724 aut
723 3649 984 3724 rapuerit.
1013 3649 1246 3724 lnl'ames
1272 3669 1488 3724 quoque
1519 3649 1652 3710 tales
1682 3670 1946 3723 personae

371 3734 540 3794 usque
583 3721 650 3794 ad
679 3719 1104 3794 satisfactionem
1135 3719 1415 3790 ecclesiae,
1446 3739 1608 3794 quam
1649 3719 1942 3791 laeserunt,

367 3802 492 3846 Sunt
517 3790 818 3846 habendae.

439 3859 528 3934 98.
575 3862 649 3934 De
677 3859 1094 3934 sacerdotibuiet
1119 3862 1282 3918 lenitis
1306 3871 1456 3934 atque
1483 3863 1746 3919 monac/ris
1783 3864 1944 3918 inter-

371 3933 518 3996 fectis
563 3931 638 3984 uel
675 3931 970 4002 debilitatis.
1001 3931 1058 4002 Si
1087 3935 1208 4002 quis
1233 3931 1568 3989 sacerdotem
1603 3937 1684 3988 vel
1727 3934 1946 3988 levilam

373 4011 464 4054 aut
509 4001 830 4054 monachum
879 4001 1210 4058 interfecerit
1259 4004 1344 4058 vel
1389 4005 1768 4068 debilitaverit,
1799 4005 1946 4058 iuxta

371 4079 570 4143 statuta
617 4071 852 4139 priorum
881 4071 1236 4139 capitulorum
1277 4087 1416 4142 quae
1445 4075 1548 4143 legi
1577 4072 1670 4127 Sal
1689 4087 1785 4128 cae
1823 4081 1948 4143 sunt
1983 4107 1986 4110 -

371 4141 575 4205 addita,
606 4150 934 4212 cotttponat;
978 4153 1032 4194 et
1077 4141 1309 4212 insuper
1339 4141 1570 4198 banntim
1601 4151 1866 4208 nostrum,
1895 4141 1948 4196 id

372 4220 472 4274 est,
503 4209 780 4277 sexaginta
805 4209 1022 4276 solidos,
1049 4209 1494 4280 nobis—persolvat
1523 4223 1578 4268 et
1603 4227 1752 4266 arma
1779 4214 1944 4266 relin-

375 4291 502 4350 quat
521 4289 684 4350 atque
709 4281 758 4350 in
792 4284 1118 4338 monasterio
1143 4282 1332 4338 diebus
1351 4284 1494 4338 vitae
1511 4299 1642 4338 suae
1660 4283 1758 4336 sub
1780 4281 1944 4336 ardua

2045 3095 2184 3164 mola
2221 3093 2452 3148 asinaria
2472 3095 2536 3164 iu
2565 3093 2698 3146 collo
2723 3094 2855 3159 eius,
2882 3101 2931 3146 et
2959 3093 3290 3164 demergatur
3327 3094 3382 3146 in
3409 3093 3631 3162 profun-

2043 3163 2166 3216 dum
2187 3165 2375 3232 maris;
2405 3163 2632 3232 reliqua.

2117 3231 2236 3286 105.
2283 3233 2356 3286 De
2381 3231 2582 3304 clericis
2611 3233 2686 3286 uel
2710 3231 3085 3304 sacerdotibus,
3107 3233 3194 3303 qui
3222 3235 3488 3304 accipiunt
3518 3248 3628 3304 "ec-

2045 3306 2226 3358 etesias
2253 3305 2364 3356 sine
2389 3303 2598 3356 ticevtia
2635 3303 2860 3372 episropi
2887 3305 2988 3370 s'ti,
3013 3303 3088 3357 vel
3143 3303 3208 3356 de
3233 3303 3343 3356 una
3380 3304 3446 3356 ad
3471 3303 3631 3354 aliam

2047 3381 2332 3428 transeunt.
2368 3375 2434 3426 Ut
2465 3389 2621 3426 nctno
2665 3374 2894 3442 accipiat
2945 3373 3228 3428 ecclesiam
3283 3373 3420 3427 inira
3454 3387 3632 3442 parrof

2044 3443 2216 3498 Chiam
2243 3445 2358 3496 sine
2386 3459 2651 3498 causensu
2685 3439 2924 3512 episcopi
2951 3443 3071 3508 sui,
3127 3458 3226 3498 nec
3282 3445 3351 3500 de
3407 3439 3512 3496 una
3565 3439 3632 3494 ad

2045 3512 2202 3566 aliam
2237 3522 2494 3566 transeat.

2117 3581 2240 3636 106.
2287 3583 2360 3634 De
2405 3581 2608 3636 incestis
2639 3591 2686 3635 et
2713 3583 3044 3646 crim'nosis,
3097 3601 3159 3636 ac
3205 3583 3270 3636 de
3321 3581 3541 3648 inﬁrmis
3589 3587 3638 3632 et

2045 3652 2420 3722 paenitentibus
2448 3663 2601 3722 atque
2647 3653 2709 3704 de
2756 3655 2946 3706 ieiunio
2975 3663 3192 3722 quatuor
3220 3663 3526 3722 temporum.
3564 3649 3634 3703 Ut

2045 3723 2114 3776 de
2143 3723 2356 3777 inc-'stis
2377 3731 2431 3776 ct
2459 3723 2762 3776 cruuinosis
2790 3737 3034 3790 magnam
3059 3739 3243 3776 curam
3282 3724 3516 3776 habeant
3541 3735 3634 3772 sa-

2047 3793 2315 3852 cerdotes.
2344 3808 2412 3845 ne
2436 3793 2486 3844 in
2511 3792 2622 3846 suis
2655 3801 2881 3858 pereant
2905 3792 3197 3846 sceleribus
3217 3800 3271 3845 et
3301 3793 3512 3844 animae
3535 3803 3622 3858 eo-

2047 3877 2164 3914 rum
2192 3875 2222 3913 a
2251 3861 2496 3915 districm
2523 3857 2700 3914 iudice
2739 3859 2952 3914 Christo
2979 3863 3058 3915 eis
3083 3862 3445 3928 requirantur.
3477 3857 3639 3928 Simi-

2047 3929 2170 3984 liter
2191 3931 2256 3983 de
2281 3930 2504 3982 inlirmis
2543 3945 2608 3983 ac
2637 3930 3052 3994 paenitentibus,
3080 3939 3136 3982 ut
3161 3927 3479 3984 fruorieutes
3520 3927 3637 3979 sine

2049 3999 2486 4054 reconciliatione
2517 4009 2571 4052 et
2601 3999 2797 4052 viatico
2844 4015 2949 4052 non
2980 3999 3252 4052 deliciant.
3304 3997 3371 4050 Et
3418 4007 3476 4048 ut
3507 4011 3640 4062 qua-

2047 4077 2170 4194 tiuor
2193 4077 2496 4138 temporum
2525 4067 2720 4122 ieiunia
2775 4082 2806 4120 a
2845 4067 3092 4124 lidelibus
3139 4067 3423 4136 diligenter
3465 4073 3639 4119 custo-

2087 4147 2278 4192 tantur.

2087 4138 2278 4192 iantur.

2122 4207 2243 4262 107.
2291 4205 2358 4261 Ut
2388 4207 2610 4276 episcopi
2637 4206 2830 4260 iudices
2874 4207 3102 4276 publicos
3129 4215 3407 4272 moneant,
3462 4213 3516 4258 ut
3561 4203 3640 4256 rei

2050 4276 2340 4332 carceribus
2366 4279 2548 4330 recusi
2581 4277 2843 4330 rtativitrte
2868 4277 3097 4342 Domini,
3144 4277 3338 4344 pascha
3370 4285 3432 4346 et
3461 4286 3641 4346 pente-

379 4345 706 4415 poenitentia
729 4349 842 4421 Deo
861 4351 1078 4417 serviat,
1110 4367 1370 4421 nusquam
1401 4353 1736 4420 postmodum
1760 4353 1944 4406 seculo
1979 4356 2022 4412 υ
2051 4357 2189 4421 caste
2217 4347 2569 4421 nbsotuantur,
2601 4357 2650 4400 et
2677 4349 2860 4421 missas
2898 4349 2918 4400 i
2940 4349 3003 4400 lis
3031 4347 3248 4421 audiant
3274 4345 3540 4400 diebusac
3565 4360 3642 4396 re-

377 4421 458 4542 irei
511 4419 846 4476 secularibus
887 4421 1210 4478 militaturus
1229 4419 1256 4489 ἡ,
1307 4419 1482 4491 neque
1527 4425 1678 4477 uxori
1731 4421 1948 4491 copula-

403 4505 548 4542 nrus.

403 4505 548 4544 urus.

447 4577 548 4655 99._
579 4579 657 4632 De
683 4580 782 4655 Itis,
805 4579 898 4655 qui
919 4581 1156 4655 episcopo
1179 4583 1404 4655 aliquam
1427 4583 1672 4655 iniuriam
1691 4581 1768 4635 uel
1796 4582 1953 4655 delia-

379 4651 713 4724 n‘oratiouem
744 4651 976 4724 [crerint
1012 4653 1074 4724 Si
1105 4653 1225 4720 quis
1263 4651 1778 4724 episcopoaliqnatn
1819 4651 1954 4724 iniu-

381 4719 510 4772 riam
562 4729 655 4772 aut
701 4721 950 4774 iniustam
992 4719 1469 4778 dehonorationem
1509 4719 1714 4782 fecerit,
1749 4721 1816 4775 de
1847 4721 1952 4776 vita

377 4791 688 4858 eontponat,
716 4799 770 4843 et
793 4791 970 4844 omnia
1001 4805 1140 4858 quae
1171 4792 1368 4846 habere
1399 4794 1542 4846 vi-us
1571 4792 1748 4854 fuerit,
1781 4791 1952 4844 eccle-

279 4899 284 4904 .
377 4861 490 4911 sine
531 4861 615 4930 cui
649 4873 898 4930 praeesse
927 4859 1224 4915 dinoscitur
1271 4862 1614 4930 integerrime
1655 4862 1950 4924 sociemur,

379 4939 434 4981 ct
465 4927 722 4982 nobisin
773 4927 932 4996 triplo
963 4932 1169 4984 hannus
1203 4927 1408 4998 noster,
1455 4933 1506 4986 id
1546 4939 1628 4986 est
1676 4931 1953 4998 sexaginta

378 4999 560 5070 solidi,
588 5000 996 5066 persolvantur;
1028 5008 1120 5054 aut
1149 5002 1260 5070 ipse
1293 5005 1344 5055 in
1372 5001 1592 5056 servitio
1619 4999 1744 5055 lisco
1770 5009 1956 5054 nostro

381 5069 679 5141 serviturus
707 5085 922 5136 semper
961 5071 1197 5141 societur
1217 5111 1232 5133 ,
1277 5075 1571 5141 usquedum
1601 5085 1660 5141 se
1693 5071 1959 5123 redimere

381 5141 434 5190 in
464 5139 622 5206 triplo
647 5141 792 5193 iuxta
820 5140 1118 5208 wirgihlum
1143 5156 1296 5194 suum
1325 5139 1578 5208 potuerit.
1605 5140 1802 5194 Sancta
1823 5153 1954 5194 vero

379 5209 610 5262 ecclesia
661 5211 712 5262 in
759 5207 1130 5264 sacerdotibus
1179 5207 1392 5265 constat
1420 5211 1459 5263 ί.
1511 5207 1716 5262 Idcirco
1763 5221 1954 5275 inagna

381 5293 554 5350 poena
577 5279 852 5350 inlectendi
881 5291 1006 5333 sunt
1025 5321 1042 5346 ,
1083 5281 1174 5348 qui
1205 5281 1472 5350 episcopis
1503 5279 1584 5332 vel
1615 5278 1840 5350 reliquis
1861 5293 1954 5332 sa-

381 5349 691 5404 cerdotibus
729 5350 976 5404 iniuriam
1005 5351 1090 5406 vel
1113 5349 1494 5406 contumeliam
1539 5349 1800 5414 iecerint;
1835 5361 1958 5402 nam

2059 4419 2176 4488 fecti
2196 4419 2343 4487 ﬁant.
2379 4417 2512 4488 lite.
2535 4417 2704 4485 iscopi
2737 4418 2938 4488 iu-iices
2968 4417 3210 4488 publicos
3231 4423 3638 4488 commoneaut,

2061 4485 2118 4540 ut
2147 4485 2205 4540 in'
2235 4490 2348 4540 dies
2376 4485 2776 4550 celeberrimos.
2809 4487 2914 4541 hoc
2965 4485 3048 4542 est
3075 4487 3410 4544 nativitatem
3437 4485 3642 4539 demoti

2057 4557 2228 4611 nostri
2276 4555 2394 4610 Iesu
2423 4555 2620 4610 Christi
2675 4565 2730 4610 et
2782 4565 3024 4610 sanctam
3074 4566 3526 4611 resurrectionem
3575 4567 3641 4604 ac

2059 4634 2424 4696 pentecosten,
2455 4627 2780 4696 quicumque
2806 4626 3090 4682 miserrimi
3149 4627 3376 4680 vinculis
3399 4625 3645 4696 detinen-

2059 4693 2172 4764 tur,
2189 4697 2420 4750 relaxari
2446 4693 2704 4766 debeant
2733 4705 2788 4750 et
2815 4705 3034 4766 propter
3073 4698 3241 4765 ips-tm
3287 4693 3640 4766 reverentiam

2059 4765 2262 4821 domini
2289 4765 2456 4820 nostri
2487 4765 2602 4820 Iesu
2629 4765 2828 4820 Christi
2853 4765 2952 4835 ipsi
2988 4767 3222 4820 debeant
3247 4765 3638 4835 absoEutionem

2057 4837 2370 4906 promereri.
2401 4835 2466 4888 Et
2505 4837 2662 4890 iudex
2690 4837 2732 4890 si
2765 4829 3034 4902 pastorem
3081 4842 3512 4906 commonentem
3535 4829 3644 4906 de.-

2059 4899 2316 4974 spexetit,
2339 4907 2594 4974 quamdiu
2639 4907 2741 4960 loci
2767 4899 2907 4959 illius
2935 4908 3192 4975 episcopo
3242 4917 3413 4956 v.sum
3443 4899 3602 4952 fuerit
3623 4935 3642 4960 ,

2057 4977 2124 5030 ab
2148 4975 2406 5030 ecclesiae
2437 4977 2708 5030 liminibus
2733 4983 3000 5030 arceatur.

2133 5067 2250 5121 108.
2297 5067 2374 5121 De
2400 5069 2676 5130 monacho.
2713 5070 2798 5134 qui
2835 5067 3201 5120 monasterium
3233 5079 3380 5117 suum
3430 5062 3640 5134 dimise-

2059 5140 2145 5194 rit.
2186 5140 2242 5192 Si
2275 5141 2570 5192 monachus
2611 5138 2994 5190 monasterium
3023 5151 3176 5188 suum
3217 5133 3496 5194 dimiserit,
3527 5147 3644 5186 Ottl-

2063 5209 2150 5263 nia
2181 5211 2320 5262 bona
2352 5210 2538 5276 ipsius,
2567 5216 2622 5262 et
2645 5221 2785 5275 quae
2813 5207 2862 5260 in
2891 5205 3221 5260 monasterio
3269 5203 3564 5276 introduxit
3589 5209 3646 5254 et

2061 5294 2202 5348 quae
2231 5293 2338 5348 non
2369 5271 2684 5344 introduxit,
2711 5276 2932 5330 dominii
2949 5276 3258 5348 monasterii
3287 5275 3500 5348 sint,_et
3531 5271 3646 5348 ipse

2065 5339 2243 5404 ollicio
2271 5347 2384 5404 lisci
2413 5349 2618 5403 servire
2668 5339 2912 5415 cogatur.
2967 5343 3026 5400 Si
3073 5359 3204 5399 vero
3231 5343 3529 5400 monachus
3555 5339 3646 5396 ad

1611 5479 2004 5538 VARIANTES
2037 5483 2444 5540 LECTIONES.

463 5621 474 5651 ¹
507 5621 638 5676 Coi.
665 5623 702 5677 Τ
708 5623 930 5678 hcodos.
958 5623 1186 5679 Constit.
1213 5621 1500 5678 Theodosii
1530 5633 1583 5676 et
1612 5619 1972 5677 Valentiniani
2004 5637 2051 5677 ς.
2079 5621 2164 5676 ‘2".
2197 5619 2554 5678 I‘scudo-Pius
2576 5633 2662 5688 ep.
2687 5618 2742 5672 2.
2819 5617 2838 5645 ²
2869 5615 2910 5669 si
2945 5613 3058 5668 Bal.

3138 5613 3156 5640 ³
3185 5613 3335 5680 quasi
3359 5605 3422 5666 θ.
