4002 6146
342 183 448 241 763

340 307 485 363 aliud
540 303 924 360 monasterium
980 303 1290 374 migraverit

340 379 490 445 prius
516 375 900 430 monasterium
951 373 1242 445 possideat,
1263 373 1414 445 e-
1437 373 1544 427 alio
1595 375 1921 445 monasterio

341 442 457 515 ipse
486 461 591 500 non
624 445 914 513 recipiatur
941 444 1059 498 sine
1094 442 1415 498 abbatis's’ui
1453 452 1508 498 et
1528 444 1766 514 episcopi
1800 460 1919 514 pro-

383 517 444 570 rii
472 515 704 569 licentia.

343 533 444 586 pru
473 533 704 569 ncenua.

413 584 535 641 409.
579 583 656 638 De
676 581 1080 653 possessionibus
1101 583 1171 636 ad
1211 583 1452 650 religiosa
1479 584 1592 638 loca
1621 585 1926 653 pertinenti-

339 656 454 710 bus.
482 655 851 709 Possessiooes
881 654 947 707 ad
998 653 1245 721 religiosa
1286 654 1404 708 loca
1445 654 1778 721 pertinentes
1808 654 1926 707 nul-

342 727 448 779 lam
475 723 890 794 descriptionem
919 733 1236 794 agnoscant,
1257 725 1352 777 nisi
1385 723 1452 776 ad
1483 723 1925 794 constitutioncm

339 796 544 848 viarum
577 793 945 862 velpontium,
973 793 1017 847 si
1049 803 1227 846 tamen
1273 795 1409 848 intri
1455 795 1642 848 eadem
1670 793 1786 850 loca
1829 795 1926 846 ha-

341 865 554 918 buerint
582 863 966 930 possessiones.
1018 863 1074 916 lu
1112 865 1231 920 aliis
1261 878 1392 919 vero
1416 863 1666 918 omnibus
1695 865 1930 918 habeant

341 933 604 997 integram
631 934 1003 987 cnumitatem.

410 1003 531 1058 HO.
577 1003 651 1056 De
678 1003 928 1057 monacho
973 1003 1050 1056 ecl
1073 1003 1344 1058 monacho.
1394 1003 1712 1072 Quicunque
1735 1017 1927 1056 mona-

342 1075 475 1127 chus
498 1075 578 1127 Vel
607 1074 866 1127 monacha
891 1075 941 1126 in
968 1075 1350 1128 monasterium
1372 1085 1494 1128 sunt
1527 1073 1770 1140 ingressi,
1799 1073 1928 1127 nihil

337 1145 406 1197 de
435 1145 597 1198 rebus
614 1145 726 1198 suis
756 1143 990 1196 habeant
1035 1150 1359 1212 potestatem
1409 1144 1636 1198 faciendi
1677 1145 1928 1211 quamvis

340 1214 536 1268 liberos
560 1215 790 1268 habeant
819 1231 832 1277 ;
877 1213 970 1267 sed
999 1214 1178 1267 omnia
1222 1229 1408 1269 corum
1438 1215 1546 1268 sint
1575 1214 1880 1268 monasterii
1912 1254 1929 1279 ,

339 1299 481 1352 quae
503 1285 690 1338 eadem
721 1284 809 1337 die
839 1283 974 1337 iuste
1004 1283 1350 1353 possidebant
1380 1326 1396 1353 ,
1445 1284 1660 1354 quando
1705 1284 1930 1354 ingressi

339 1367 465 1408 sunt
493 1357 897 1409 monasterium.

410 1424 532 1478 ili.
579 1423 653 1477 De
677 1425 754 1477 his
775 1440 906 1494 quae
930 1440 961 1476 a
985 1423 1199 1491 s'ngnlis
1229 1422 1543 1492 principibus
1561 1425 1786 1478 ccclesiis
1811 1430 1933 1477 sunt

340 1510 582 1548 concessa
610 1503 658 1548 et
687 1511 818 1561 quae
846 1495 1037 1560 singuli
1067 1496 1320 1547 antistites
1340 1497 1771 1564 impetraverunt,
1793 1497 1932 1564 quod

340 1564 667 1631 sacrilegium
688 1566 755 1617 sit
781 1565 908 1616 haec
935 1564 1306 1633 anferentibus.
1328 1563 1394 1616 Et
1421 1565 1482 1616 de
1510 1565 1732 1624 clericis.
1749 1563 1932 1618 utnon

338 1647 643 1715 accusemur
666 1635 734 1686 ad
764 1635 961 1686 iudices
992 1636 1272 1715 regulares,
1301 1633 1484 1715 sed-ad
1509 1637 1776 1715 episcopos
1803 1651 1925 1704 pro-
1963 1655 2008 1713 Β

337 1705 499 1772 prios.
531 1705 908 1771 Quaecumque
950 1718 980 1756 a
1029 1704 1252 1771 singulis
1305 1703 1520 1772 regibus
1547 1705 1690 1759 circa
1739 1703 1926 1758 sacro-

339 1781 554 1828 sanctas
581 1773 836 1828 ecclesias
857 1783 983 1826 sunt
1029 1774 1319 1827 constituta
1371 1773 1453 1827 vel
1504 1774 1698 1842 singuli
1729 1774 1930 1842 quique

341 1843 608 1897 antistites
633 1859 729 1907 pro
758 1843 934 1897 causis
962 1843 1318 1897 ccclesiaticis
1345 1842 1792 1911 impetraverunt,
1823 1844 1926 1897 sub

340 1928 512 1980 poena
537 1913 800 1980 sacrLlegii
834 1913 940 1982 iugi
975 1918 988 1943 ³
1016 1913 1206 1982 solida
1251 1914 1576 1969 aeternitate
1622 1923 1927 1969 serventur.

339 1983 532 2038 Clerici
563 1986 724 2037 etiam
757 1998 862 2038 non
884 1981 1215 2037 secularibus
1257 1982 1543 2047 iudicibus,
1574 1984 1668 2038 sed
1715 1983 1930 2052 episco-

340 2054 444 2122 pali
475 2053 784 2108 audientiae
812 2062 1177 2108 reserventur.
1201 2053 1303 2108 Fas
1330 2054 1475 2108 enim
1509 2069 1612 2108 non
1637 2065 1739 2118 est,
1765 2061 1824 2107 ut
1850 2053 1932 2106 ili-

338 2123 446 2194 viui
486 2123 725 2179 muneris
754 2123 984 2178 ministri
1026 2123 1407 2194 temporalium
1438 2131 1769 2192 potestatum
1800 2125 1931 2179 sub-

340 2193 540 2248 dantur
567 2195 813 2248 arbitrio.

410 2262 550 2344 1-122.
578 2264 666 2344 De
681 2263 961 2344 privilegiis
987 2264 1344 2344 ceclesierum.
1365 2262 1449 2344 _th
1477 2263 1768 2344 privilegia.
1787 2278 1932 2344 quae

339 2333 583 2404 ecclesiis
618 2342 673 2388 et
696 2333 956 2404 clericisa
997 2334 1224 2404 singulis
1267 2333 1491 2404 regibus
1531 2334 1616 2390 vel
1661 2333 1933 2404 episcopis

339 2403 642 2483 ceterisque
662 2403 964 2458 rectoribus
991 2403 1121 2460 sunt
1141 2403 1420 2464 concessa.
1443 2420 1660 2473 semper
1680 2403 1935 2460 maneant

340 2488 510 2527 Iﬂl'Ol'l
525 2483 672 2527 uota.

415 2491 736 2597 iolr’f'ifmlﬁea
763 2557 897 2612 quae
924 2544 993 2598 ad
1021 2544 1319 2614 religionem
1362 2545 1636 2612 pertinent.
1671 2544 1796 2598 locis
1824 2547 1933 2599 suis

340 2622 390 2666 et
419 2630 452 2666 a
481 2629 603 2685 suae
649 2613 911 2685 dioceseos
957 2613 1168 2685 synodis
1216 2614 1516 2668 audiuntur.
1548 2614 1934 2684 Quaecumque

340 2691 467 2737 sunt
489 2683 555 2737 ad
585 2683 862 2752 religionis
891 2683 1288 2739 observantiam
1303 2687 1648 2752 pertinentia,
1678 2685 1809 2740 locis
1823 2683 1935 2742 suis

341 2763 398 2808 et
421 2753 920 2826 asuaedioceseos
946 2755 1166 2826 synodis
1199 2753 1504 2808 audiantur.

413 2822 539 2878 ili.
585 2822 653 2878 Ut
695 2822 1327 2895 privilegia'ecclesiarum
1357 2840 1560 2894 semper
1581 2834 1829 2880 maneant
1851 2827 1935 2879 in-

340 2895 1040 2976 corrupta.__Qnaeeumque
1082 2899 1226 2949 circa
1262 2905 1634 2951 sacrosanctae
1679 2895 1936 2976 ecclesias

345 2981 378 3018 a
411 2964 596 3034 princi,
621 2964 738 3020 ibus
769 2964 994 3020 diversis
1020 2973 1144 3020 sunt
1169 2973 1387 3028 statuta,
1422 2980 1640 3022 manere
1677 2965 1931 3022 inviolata

348 3037 726 3105 praecipimus.

419 3103 549 3160 “5.
587 3104 738 3178 Quod
747 3106 1095 3178 sacrilegium
1116 3108 1184 3160 sit
1209 3105 1453 3178 ecclesiae
1472 3106 1671 3178 aliquid
1699 3108 1929 3177 auferre,

347 3185 438 3228 aut
481 3176 829 3230 sacerdotbus
867 3177 943 3230 vel
973 3179 1220 3232 ministris
1265 3185 1355 3229 aut
1400 3177 1502 3246 ipsi
1549 3176 1729 3232 sancto
1775 3176 1935 3231 cultui

353 3247 564 3318 locoque
609 3247 850 3318 iniurium
879 3248 1090 3318 inferre.
1123 3247 1185 3318 Si
1215 3247 1332 3314 quis
1358 3247 1408 3300 in
1443 3247 1545 3302 hoc
1570 3262 1740 3316 genus
1767 3252 1937 3303 sacri-

348 3316 470 3385 legii
502 3316 827 3384 proruperit,
856 3326 914 3370 ut
936 3316 994 3370 in
1021 3317 1276 3372 ecclesias
1297 3331 1593 3386 earumque
1615 3333 1701 3371 res
1730 3318 1936 3372 irruens

348 3387 719 3456 sacerdotibus
744 3394 798 3440 et
826 3387 1087 3442 ministris
1121 3388 1201 3441 vel
1233 3388 1348 3456 ipso
1377 3388 1542 3442 cultui
1575 3389 1803 3454 locoque
1834 3387 1902 3440 ali
1927 3421 1933 3426 -

351 3455 478 3523 quid
499 3455 643 3524 quod
677 3471 780 3510 non
809 3465 1027 3525 oportet
1056 3455 1280 3511 iniuriae
1308 3456 1530 3520 inferat;
1577 3457 1739 3512 divini
1763 3457 1938 3512 cultus

353 3526 599 3578 iniuriam
629 3525 680 3580 in
697 3530 978 3581 convictos
993 3527 1109 3582 sive
1131 3527 1408 3582 confessos
1425 3542 1549 3582 reos
1575 3527 1788 3595 capitali
1808 3541 1936 3581 sen-

353 3595 517 3648 tentia
546 3595 755 3666 noverit
783 3596 944 3650 vinclii
965 3597 1182 3650 andum.
1211 3595 1318 3666 Nec
1347 3605 1708 3666 exspectetur,
1744 3605 1800 3651 ut
1825 3598 1940 3666 epi-

350 3679 548 3736 scopus
596 3665 822 3720 iniuriae
879 3666 1125 3736 propriae
1183 3665 1456 3720 ultionem
1497 3665 1797 3736 deposcat,
1852 3667 1939 3722 cui

351 3733 611 3790 sanctitas
632 3733 944 3802 ignoscendi
980 3733 1083 3790 soli
1121 3736 1344 3806 gloriam
1376 3733 1717 3804 derelinquit.
1749 3735 1940 3806 Sitque

349 3806 558 3860 cunctis
583 3821 689 3859 non
711 3806 883 3860 solum
914 3806 1159 3872 liberum,
1190 3805 1284 3860 sed
1307 3806 1466 3860 etiam
1507 3805 1774 3862 laudabile
1798 3849 1814 3874 ,
1855 3805 1939 3860 fa-

349 3885 462 3929 ctas
491 3885 702 3931 atraces
728 3876 1097 3930 sacerdotibus
1119 3885 1217 3930 aut
1245 3875 1742 3930 ministrisiniurias
1771 3877 1938 3932 veluti

351 3946 622 4028 publicum
645 3945 849 4002 crimen
879 3948 1128 4018 persequi
1151 3963 1215 4002 ac
1234 3947 1299 4002 de
1317 3947 1509 4003 talibus
1537 3947 1644 4002 reis
1676 3947 1939 4004 ultionem

351 4030 568 4071 mereri.

424 4105 546 4182 iiii.
582 4106 668 4182 _De
704 4109 806 4182 his,
829 4108 1605 4182 quiecflesiasticaprivilegia
1643 4110 1838 4165 violant
1862 4112 1942 4166 vel

355 4177 704 4252 dissimulant.
737 4181 792 4234 Si
821 4177 1082 4252 ecclesiae
1107 4177 1426 4252 venerabilis
1457 4177 1940 4252 privilegiacuius-

353 4262 514 4314 quam
546 4249 744 4304 fuerint
791 4251 1096 4304 temeritate
1147 4249 1343 4303 violata
1374 4252 1458 4305 vel
1515 4249 1942 4307 dissimulatione

354 4317 613 4388 neglecta,
635 4320 980 4374 commissum
1014 4320 1116 4374 hoc
1148 4319 1197 4373 in
1231 4320 1390 4388 triplo
1422 4323 1565 4375 iuxta
1610 4322 1784 4388 legum
1811 4337 1938 4376 san-

1272 185 1332 238 B.
1373 181 1624 239 CAROLI
1661 181 1872 241 MAGNI
1910 180 2060 238 Oi‘P.
2103 181 2284 239 PARS
2317 183 2356 238 i.
2399 183 2640 242 SECTIO
2675 184 2714 240 Ι.

3524 186 3621 242 ’764

1429 301 1754 356 ubstantiam
1803 304 1919 357 eius
1950 306 1994 362 Α
2024 301 2229 358 Idcirco
2254 304 2630 372 praecipimus,
2664 312 2724 358 ut
2749 302 2931 358 nullus
2967 300 3036 354 ab
3057 301 3136 358 eis
3155 299 3262 354 alia
3292 300 3396 356 nisi
3445 301 3623 357 divina

2031 373 2271 439 requirat
2298 375 2540 427 servitia.

2101 442 2220 496 H9.
2267 442 2350 497 Nc
2377 443 2583 498 Iudaeis
2611 444 2892 497 adhcrmnt
2913 444 2991 498 uel
3012 442 3304 496 deserviant
3329 441 3622 497 christiani.

2031 510 2262 584 Placuit,
2285 528 2352 568 ne
2373 513 2581 568 iudaeis
2635 514 2902 584 mancipia
2951 513 3264 568 deserviant
3321 512 3407 566 vel
3459 512 3626 566 adhe-

2029 589 2190 637 reant
2215 555 2526 638 christiana.

2102 651 2220 707 120.
2268 653 2341 705 De
2360 655 2632 725 sacriﬁciis
2657 672 2750 725 per
2771 654 3010 725 singulas
3036 656 3222 708 missas
3252 669 3285 706 a
3308 655 3622 725 sacri/iraa-

2030 721 2162 776 tibns
2189 724 2468 778 sumendis.
2497 721 2730 789 Placuit,
2749 733 2808 778 ut
2832 721 3286 792 quotiescumque
3307 723 3626 777 sacrificans

2028 808 2224 862 corpus
2252 803 2309 848 et
2337 796 2649 861 sanguinem
2701 795 2900 850 Christi
2949 793 3066 850 Iesu
3117 793 3321 848 domini
3354 794 3522 849 nostri
3573 794 3626 847 iu

2029 863 2224 935 altario
2247 864 2518 935 immolat,
2539 865 2736 919 totiens
2763 864 3126 934 perceptionis
3153 865 3400 935 corporis
3427 872 3483 919 et
3504 879 3629 917 san-

2029 932 2204 1005 guinis
2233 933 2428 1005 Christi
2471 949 2531 989 se
2560 932 2873 1005 participem
2909 932 3187 1002 praebeat.

2101 1002 2222 1073 121.
2268 1002 2346 1055 De
2371 1002 2769 1073 chorepiswpis,
2797 1020 2858 1059 ne
2899 1005 3141 1071 deinceps
3185 1005 3335 1068 ﬁant.
3369 1002 3585 1056 Placuit
3610 1043 3627 1065 ,

2031 1085 2100 1143 nc.
2129 1072 2501 1141 chorepiscOpi
2529 1072 2562 1127 'a
2589 1076 2950 1143 quibusquam
2980 1075 3234 1143 deinceps
3280 1075 3438 1136 iiant;
3488 1087 3632 1140 quo-

2030 1142 2176 1214 niam
2205 1143 2460 1197 hactenus
2491 1160 2520 1197 a
2553 1142 2918 1201 nescientibus
2963 1142 3275 1199 sanctorum
3330 1154 3546 1214 patrum
3575 1152 3633 1195 ct

2031 1213 2268 1283 maxime
2306 1215 2723 1281 apostolicorum
2753 1215 2971 1268 decreta
3000 1217 3218 1283 suisque
3261 1213 3537 1283 quietibus
3563 1227 3632 1266 ac

2032 1280 2482 1338 delectationibus
2531 1284 2904 1341 inherentibus
2955 1286 3077 1338 facti
3129 1280 3523 1339 suun—Idcirco
3575 1291 3634 1337 et
3725 1299 3734 1303 ’

2033 1351 2160 1404 olim
2193 1367 2419 1421 persepe
2448 1363 2504 1408 et
2533 1366 2717 1410 nostro
2747 1371 2776 1409 a
2809 1365 2994 1410 sancta
3015 1355 3307 1413 apostolica
3339 1355 3469 1408 sede
3498 1365 3633 1406 tern-

2035 1435 2165 1494 p'ztje
2189 1432 2314 1476 sunt
2361 1425 2636 1493 prohibiti;
2677 1434 2732 1479 et
2754 1442 2822 1479 ne
2850 1426 3106 1494 deinceps
3133 1439 3162 1477 a
3193 1439 3466 1493 quoquam
3521 1432 3630 1475 tam

2033 1491 2320 1546 ordinante
2343 1491 2502 1562 quam
2529 1497 2768 1550 ordinari
2817 1491 3068 1565 cupiente
3093 1491 3222 1548 talis
3257 1491 3635 1565 praesumptio

2034 1575 2358 1635 assumatur,
2392 1579 2422 1616 a
2460 1567 2670 1620 cunctis
2725 1563 2902 1620 nostri
2944 1568 3089 1635 regni
3132 1563 3397 1634 episcopis
3438 1571 3523 1618 est
3578 1563 3634 1617 in

2033 1633 2240 1700 synodo
2270 1635 2529 1688 canonice
2558 1636 2910 1700 prohibitum.

2107 1700 2230 1755 1‘22.
2275 1701 2360 1756 Ne
2387 1703 2575 1759 Iudaei
2618 1723 2773 1773 super
2809 1706 3121 1760 christianos
3152 1704 3388 1774 magistri
3429 1707 3510 1759 uel
3537 1707 3638 1759 mi-

2033 1772 2182 1824 nistri
2213 1784 2496 1840 ponantur.
2547 1777 2624 1830 Ne
2654 1772 2831 1830 Iudaei
2885 1772 3348 1830 adtniuistratorio
3381 1791 3480 1830 usu
3528 1776 3636 1831 sub

2033 1842 2225 1914 ordine
2255 1844 2536 1898 vilicorum
2561 1855 2724 1914 atque
2775 1853 3018 1899 actorum
3073 1846 3422 1900 christianam
3470 1847 3638 1899 fami-

2033 1910 2159 1963 liam
2201 1926 2391 1984 regere
2417 1910 2692 1984 audeant,
2745 1931 2846 1970 nec
2871 1916 2950 1969 eis
2979 1916 3083 1971 hoc
3111 1930 3140 1968 a
3189 1930 3465 1984 quoquam
3517 1916 3638 1970 ﬁeri

2037 1983 2418 2056 praecipiatur.
2446 1983 2502 2039 Si
2532 1987 2552 2015 '
2580 1987 2703 2053 quis
2729 2001 2857 2041 vero
2887 1997 3076 2039 con'ra
3109 1987 3250 2056 haec
3269 1998 3434 2052 agere
3460 2001 3630 2056 prae-

2032 2053 2343 2124 sumpserit,
2376 2054 2420 2108 si
2449 2056 2737 2124 episcopus
2759 2095 2774 2119 ,
2824 2056 3088 2124 presbiter
3110 2063 3202 2109 aut
3222 2053 3488 2109 diaconus
3518 2055 3640 2110 fue-

2036 2120 2123 2184 rit,
2157 2125 2374 2193 proprio
2415 2120 2800 2180 subniovcatur
2828 2120 3033 2193 ‘gradu;
3071 2126 3114 2179 si
3159 2141 3292 2179 vero
3332 2127 3640 2181 monachus

2035 2199 2125 2243 aut
2156 2191 2321 2266 laicus
2342 2193 2521 2266 fuerit,
2549 2191 2932 2266 communione
2965 2196 3241 2266 privetur.
3273 2193 3338 2247 Et
3364 2195 3411 2248 si
3441 2210 3639 2266 perse-

2035 2263 2342 2318 veraverint
2372 2264 2801 2325 inoboedientes.
2835 2265 3382 2318 anathcinatizentnr.

2108 2329 2231 2384 1‘23.
2276 2331 2354 2386 De
2374 2335 2573 2388 σιω-ἔαξε
2599 2337 2848 2398 {alsariis.
2873 2335 2928 2389 Si
2961 2336 3227 2404 presbiter
3254 2335 3336 2388 vel
3367 2334 3636 2389 diaconus

2034 2399 2087 2453 in
2113 2417 2274 2456 causa
2300 2405 2608 2472 pecuniaria
2640 2405 2832 2460 falsum
2866 2399 3233 2460 testiinonium
3256 2404 3517 2466 dixerint,
3540 2421 3640 2472 per

2035 2479 2144 2543 tres
2170 2487 2342 2526 annos
2359 2484 2681 2543 suparentur
2705 2491 2734 2526 a
2765 2491 2921 2530 sacro
2946 2475 3265 2530 ministerio.
3290 2475 3347 2529 Si
3371 2475 3424 2527 in
3445 2475 3636 2529 crimi-

2036 2541 2141 2593 nali
2171 2557 2332 2596 causa
2365 2541 2554 2598 fa‘sum
2587 2546 2856 2609 dixerint,
2886 2544 3227 2613 deponantur
3279 2553 3334 2598 et
3375 2545 3637 2611 legitimis

2034 2613 2224 2680 poenis
2257 2614 2608 2668 subician'ur.
2639 2615 2852 2669 Caeteri
2885 2630 3010 2668 vero
3049 2615 3228 2670 clerici
3280 2614 3333 2667 in
3358 2629 3636 2683 quacum-

2035 2697 2151 2754 quem
2163 2683 2395 2754 falsitate
2425 2685 2655 2739 convicti
2679 2685 2898 2749 fuerint,
2915 2685 3277 2754 degradeutur
3293 2693 3348 2740 et
3374 2685 3634 2753 legitimis

2034 2752 2368 2822 subiciantur
2395 2753 2714 2822 disciplinis.

2107 2821 2232 2876 εει.
2276 2823 2342 2877 Ut
2368 2821 2546 2878 clerici
2565 2841 2667 2879 non
2691 2827 2913 2880 habeant
2933 2825 3160 2878 aclionr's
3187 2824 3469 2878 seculares.
3507 2823 3636 2878 Cle-

2036 2893 2179 2948 ricus
2202 2893 2287 2947 vel
2317 2895 2613 2950 monachus
2643 2911 2817 2965 ineque
2839 2905 3066 2950 exactor
3089 2895 3427 2965 publicarum
3456 2909 3638 2962 neque

2039 2965 2338 3035 conductor
2391 2973 2486 3018 aut
2550 2964 2891 3033 vectigalium
2964 2965 3219 3035 magister
3271 2964 3356 3018 vel
3415 2975 3642 3019 curator

1958 3025 2004 3086 Ο
2039 3034 2058 3065 ³
2099 3035 2292 3087 domus
2321 3035 2403 3105 vel
2437 3025 2758 3105 procurator
2787 3037 2893 3090 litis
2918 3035 3004 3089 vel
3034 3025 3317 3105 lideiussor
3346 3035 3401 3087 in
3436 3035 3640 3088 talibus

2038 3119 2214 3158 causts
2238 3105 2350 3158 liat.
2373 3103 2580 3174 Siquis
2605 3115 2792 3160 contra
2823 3105 2959 3160 haec
2986 3113 3185 3158 statuta
3213 3104 3426 3170 fecerit,
3445 3105 3491 3156 si
3525 3105 3641 3174 epi-

2041 3188 2240 3242 scapus
2263 3182 2367 3241 est,
2399 3190 2587 3231 omnes
2618 3176 2840 3230 istorum
2871 3191 2958 3228 res
2998 3189 3062 3229 ev
3098 3189 3444 3244 quacumque
3475 3189 3638 3228 causa

2042 3245 2122 3297 νπιΙ
2154 3259 2401 3311 persona,
2447 3246 2562 3299 sive
2601 3253 2725 3299 ante
2754 3246 3124 3314 episcopatum
3167 3245 3284 3314 sive
3332 3255 3526 3313 postea
3571 3245 3640 3299 ad

2039 3330 2160 3369 eum
2185 3314 2546 3382 pervenerint,
2579 3313 2841 3369 ecclesiae
2862 3330 2993 3369 suae
3033 3330 3126 3368 eas
3154 3313 3428 3369 vendicari
3459 3315 3642 3369 sanci-

2043 3401 2190 3455 mus;
2221 3385 2264 3437 si
2295 3399 2424 3438 vero
2461 3386 2548 3439 alii
2581 3385 2760 3455 clerici
2791 3387 2891 3439 hoc
2931 3384 3156 3439 fecerint
3185 3429 3199 3452 ,
3255 3399 3494 3455 poenam
3544 3400 3642 3455 pe-

2042 3453 2339 3525 cuniarum,
2387 3470 2546 3523 quam
2601 3452 2884 3525 cpisc’opus
2929 3454 3317 3509 existimaverit
3373 3452 3637 3524 exigere,

2041 3524 2303 3595 ecclesiae
2333 3524 2738 3595 veniiicanilam.
2771 3526 2850 3579 liii
2875 3540 3035 3586 vero,
3091 3526 3180 3595 qui
3227 3528 3475 3578 actiones
3515 3540 3643 3579 suas

2041 3594 2121 3648 cis
2149 3594 2535 3648 commiserunt
2567 3597 2649 3649 vel
2679 3596 3019 3649 ﬁdeiussores
3051 3594 3146 3649 eas
3176 3610 3274 3660 pro
3308 3595 3643 3663 supradictzs

2041 3665 2219 3718 causis
2241 3673 2586 3733 acceperunt,
2620 3666 2820 3719 nullam
2850 3673 3037 3719 contra
3093 3665 3378 3718 ecclesiam
3411 3663 3497 3718 vel
3546 3665 3644 3718 ad-

2043 3733 2432 3788 ministratores
2463 3737 2579 3789 cius
2629 3736 2711 3789 vel
2739 3735 2993 3790 adversus
3021 3735 3164 3800 ipsas
3186 3748 3470 3803 personas,
3500 3749 3644 3804 quos

2040 3805 2402 3874 creilii‘lerunt,
2437 3805 2671 3860 habeant
2696 3806 2984 3874 actionem.
3014 3805 3070 3858 Si
3109 3819 3236 3858 vero
3263 3818 3336 3874 qu
3360 3820 3388 3858 s
3415 3819 3516 3858 eos
3544 3818 3642 3869 pro

2044 3873 2256 3940 publico
2287 3874 2469 3929 debito
2492 3876 2575 3930 vel
2601 3876 2814 3930 actione
2863 3873 3150 3929 crediderit
3173 3875 3257 3927 vel
3291 3874 3643 3930 tideiussores

2041 3944 2329 4012 receperit,
2360 3945 2428 3998 de
2450 3960 2546 3999 sua
2574 3946 2872 4001 Substantia
2925 3945 3040 4000 fisci
3061 3944 3304 3999 debitum
3336 3944 3645 4015 c0iupella-

2043 4020 2130 4066 tur
2156 4014 2458 4067 exsolvere.

2043 4020 2130 4066 tur
2156 4020 2458 4069 exsolvere.

2029 4097 2072 4156 '_
2114 4083 2262 4156 125.,
2284 4082 2364 4156 De
2391 4085 2593 4156 clericis
2642 4085 2730 4156 qui
2754 4086 2816 4138 de
2842 4083 3058 4156 ecclesia
3087 4083 3378 4156 desistunt.
3413 4083 3645 4156 Clericis

2043 4153 2111 4209 de
2152 4154 2380 4209 ecclesia
2431 4153 2814 4210 desistentibus
2839 4165 2895 4210 et
2933 4155 3051 4209 aliis
3083 4155 3134 4208 in
3179 4155 3298 4210 luco
3330 4155 3641 4219 revocatis,

2043 4225 2086 4278 si
2118 4224 2378 4278 redierint
2397 4225 2638 4289 discessi,
2666 4226 2796 4278 nihil
2846 4225 2923 4278 eis
2950 4232 3272 4294 praestetur.
3319 4225 3435 4278 iloc
3474 4237 3642 4288 vero,

2044 4294 2188 4362 quod
2215 4294 2552 4349 discedentes
2584 4296 2938 4365 reliquerunt,
2974 4309 3080 4349 non
3110 4296 3162 4349 in
3193 4310 3292 4351 usu
3322 4302 3601 4350 rectorum
3623 4333 3640 4361 ,

353 4365 613 4459 cubitem,
639 4389 920 4454 ecclesiae,
953 4389 1040 4443 cui
1072 4389 1270 4444 factum
1299 4365 1382 4444 Est
1420 4365 1792 4459 conponetur;
1845 4407 1935 4446 no-

2049 4365 2138 4420 seil
2165 4366 2576 4420 succedentibus
2598 4373 2776 4419 cedat.

2117 4432 2219 4459 ,ορ
2285 4432 2479 4459 η-.-1--
2497 4437 2596 4459 _.'-_s
2627 4437 2776 4459 -l._:-

358 4457 546 4532 bisque
571 4457 779 4532 bannus
811 4468 995 4513 noster
1023 4459 1075 4513 in
1106 4459 1288 4529 triplo,
1316 4459 1420 4516 hoc
1441 4457 1540 4516 esti
1555 4469 1637 4516 ter
1664 4462 1940 4532 sexaginta

355 4525 534 4585 solidi.
566 4529 958 4596 persolvantur.

429 4613 553 4668 H7.
597 4614 747 4690 Quod
756 4618 840 4690 hi,
873 4616 958 4690 qui
980 4617 1192 4690 praedia
1219 4619 1568 4674 ecclesiastica
1595 4621 1844 4690 diripiunt
1865 4621 1943 4676 vel

360 4694 582 4759 vastant,
603 4688 843 4758 sacrilegi
873 4689 1259 4759 sinterilioque
1283 4691 1588 4744 damnandi.
1641 4688 1722 4745 Ab
1765 4694 1942 4744 omni-

361 4757 460 4809 bus
491 4756 639 4827 illius
661 4756 1026 4827 usurpationis
1048 4756 1370 4814 contumelia
1402 4759 1714 4822 depellenda
1738 4768 1844 4827 est,
1873 4777 1940 4817 ne

357 4826 699 4902 pracdia_sibi
723 4826 1400 4902 caelestiumAsecretomm
1417 4829 1592 4884 dicata
1621 4826 1938 4902 quibusdam

359 4897 686 4969 irruentibus
712 4908 992 4953 vexentur.
1025 4897 1180 4964 Quod
1218 4899 1263 4952 si
1314 4900 1434 4966 quis
1482 4897 1941 4969 praesumpserit,

361 4968 711 5040 postdebitae
732 4969 949 5040 ultionis
985 4969 1359 5040 acrimoniam,
1389 4984 1526 5038 quae
1563 4985 1686 5040 erga
1730 4968 1944 5026 sacrile-

360 5053 458 5160 ξμς
482 5037 594 5162 iur:
619 5039 908 5108 promenda
934 5049 1036 5108 est,
1051 5039 1215 5094 exilio
1243 5037 1536 5110 perpetuae
1552 5037 1944 5111 deportationis

398 5123 554 5162 amne
582 5125 662 5162 ur.

398 5123 662 5162 atnnetur.

438 5197 558 5272 ii8.
602 5199 672 5254 Ut
698 5202 921 5270 episcopi
959 5213 1006 5256 et
1045 5201 1231 5272 reliqui
1275 5201 1571 5272 sacerdotes
1600 5204 1665 5256 ab
1709 5202 1945 5258 omnibus
1992 5176 2010 5195 ’

364 5268 574 5342 nmis;
617 5272 722 5324 sint
751 5268 916 5325 liberi.
943 5268 1594 5342 ConseoratioepiscOpos
1615 5281 1672 5328 et
1707 5275 1947 5342 reliquos

369 5334 574 5410 Domini
603 5342 909 5396 sacerdotes
936 5355 1042 5398 tam
1083 5357 1112 5394 a
1145 5334 1450 5406 servilibus,
1481 5334 1640 5410 quam
1686 5352 1742 5398 et
1765 5358 1794 5396 a
1821 5334 1946 5398 cae-

367 5408 496 5462 teris
533 5411 816 5480 adscriptis
841 5412 1238 5469 eonditionibus
1283 5408 1512 5483 semper
1549 5413 1752 5469 liberos
1798 5413 1944 5469 facit.

2117 4432 2240 4487 126.
2285 4432 2596 4497 Qualesst'nt
2620 4437 2812 4489 clerici.
2839 4434 3008 4490 Nemo
3022 4435 3113 4488 fiat
3135 4435 3390 4499 clericus,
3410 4433 3514 4489 nisi
3545 4433 3645 4507 qui

2043 4503 2242 4559 bonum
2277 4508 2639 4560 testiinonium
2665 4508 2826 4560 habet
2853 4515 2909 4560 et
2950 4507 3217 4559 litteratus
3240 4515 3344 4560 est.

2116 4595 2254 4668 1‘27.
2287 4597 2363 4653 De
2388 4598 2711 4653 multitudine
2738 4601 3061 4654 clericorum.
3090 4598 3167 4653 Ne
3194 4597 3394 4668 passim
3423 4597 3640 4667 episco-

2043 4682 2145 4737 pus
2159 4667 2549 4723 multitudinem
2567 4670 2882 4726 clericorum
2902 4671 3080 4735 l'aciat,
3096 4667 3503 4724 sedsecundum
3528 4682 3643 4722 me-

2043 4739 2206 4792 ritum
2233 4741 2313 4792 vel
2333 4740 2608 4792 redditum
2633 4741 2983 4795 ecclesiarum
3015 4755 3270 4794 numerus
3303 4738 3639 4793 moderetur.

2117 4827 2243 4883 128.
2283 4827 2362 4882 De
2378 4830 2788 4885 ordinationibus
2805 4831 2986 4885 sacris.
3012 4829 3226 4893 Lector,
3244 4831 3636 4895 subdiaconus,
3725 4873 3732 4878 .

2047 4897 2329 4966 diaconus,
2361 4899 2641 4968 presbiter,
2669 4903 2714 4954 si
2765 4902 3050 4957 clericatus
3080 4903 3338 4955 honorem
3391 4910 3644 4955 contem-

2049 4969 2273 5092 psermt,
2294 4969 2482 5024 curi..li
2510 4971 2807 5027 conditioni
2848 4987 2968 5027 cum
2992 4973 3106 5028 suis
3137 4971 3482 5028 facultatibus
3510 4971 3642 5025 sub-

2049 5053 2184 5092 ician
2215 5055 2296 5092 ur.

2046 5053 2296 5094 lClﬂﬂlili‘.

2119 5128 2245 5203 129.
2288 5129 2601 5187 Deiuiuria
2653 5134 2884 5203 episcopi
2929 5143 2978 5186 et
3016 5133 3210 5186 letania
3254 5131 3520 5203 suum.
3559 5129 3642 5203 _Si

2047 5200 2167 5281 quis
2193 5203 2558 5281 episcopovel
2587 5200 2706 5257 aliis
2733 5200 2989 5260 ministris
3015 5204 3153 5281 intra
3183 5203 3470 5281 ecclesiam
3497 5201 3642 5281 iniu-

2049 5272 2182 5326 riam
2229 5271 2434 5337 fecerit,
2462 5273 2704 5328 iubemus
2732 5288 2855 5328 eu-n
2903 5275 3187 5329 tormentis
3234 5273 3539 5326 subiectum
3581 5271 3638 5324 in

2047 5340 2212 5412 exilio
2235 5342 2390 5396 mori.
2418 5343 2523 5398 Sed
2553 5353 2607 5397 et
2627 5344 2670 5397 si
2702 5344 2814 5412 ipsa
2839 5353 3022 5412 sancta
3049 5344 3288 5399 oratoria
3342 5341 3433 5397 vel
3457 5341 3637 5412 divina

2049 5411 2346 5466 ministeria
2368 5409 2772 5470 conturbaver‘it
2791 5410 2877 5470 vel
2907 5415 3160 5470 letaniam
3178 5412 3462 5481 everterit,
3487 5409 3640 5481 capi-

1593 5524 1982 5581 VARIANTES
2020 5520 2419 5583 LECTIONES.

446 5627 626 5702 'iungi
657 5631 722 5689 G.
799 5636 816 5666 ί
847 5650 914 5690 es
949 5635 1096 5690 Trec.
1129 5635 1372 5692 Chalced.
1403 5635 1494 5693 ‘27.
1572 5638 1591 5665 ⁸
1617 5653 1802 5694 curam
1831 5638 1896 5695 (ἱ.
