4002 6146
239 283 338 338 765

692 274 844 331 COD.
885 273 1160 330 DlPLOM.
1200 303 1271 314 -
1299 271 1661 330 BENEDIC'I‘I
1697 271 2214 332 CAPITULARIUM
2253 273 2656 333 COLLECTIO.
2684 305 2754 315 -—
2775 273 2904 330 ΠΒ.
2944 274 3008 330 ll.

3405 277 3512 333 76ιί

241 399 324 453 iali
351 393 586 466 periculo
613 391 909 466 subiaceat.
945 389 1041 445 Sin
1065 397 1251 466 autem
1279 391 1661 466 contumeliam
1693 398 1810 446 tan—
1839 395 1887 455 Α
1916 399 1974 447 et
2002 393 2346 462 postmodum
2379 395 2753 466 poenitentiae
2780 393 3020 466 remedia
3048 406 3157 448 non
3205 395 3512 463 requirnnt,

239 461 572 527 tuin’l'ecerit,
605 461 890 516 tormentis
916 469 970 515 et
991 461 1156 515 exilio
1186 461 1449 515 tradatur.

294 536 422 590 150.
463 530 549 588 Ne
575 532 752 600 ﬁdeles
778 547 842 584 ea:
885 532 1100 600 propria
1125 532 1580 601 consanguinitate
1623 546 1811 585 uxores

236 611 453 668 ducant;
494 619 583 657 nec
607 601 707 666 illi,
736 601 821 671 qui
865 600 1060 654 dudum
1089 602 1302 655 minime
1327 600 1651 671 nupserunt,
1699 602 1814 656 sine

235 674 577 751 benedictione
595 670 887 751 sacerdotis
913 672 1098 751 nubere
1113 670 1467 751 praesumant.
1487 671 1810 751 Christiani

234 765 293 802 ex
324 743 725 818 propinquitate
762 741 844 796 sui
879 741 1157 818 sanguinis
1186 757 1354 812 usque
1380 743 1771 818 abseptimum
1793 742 1812 771 ³

232 811 448 886 giadum
486 811 751 886 cunnuhia
781 825 888 886 non
928 811 1154 886 ducant;
1195 811 1370 886 neme
1421 813 1540 866 sine
1571 811 1814 886 benedi-

233 882 406 943 ciione
433 884 753 948 sacerdotis,
784 883 875 951 qui
903 890 1029 937 ante
1051 882 1259 952 innupti
1287 890 1463 943 erant,
1493 883 1698 936 nubere
1723 895 1816 936 au-

230 960 409 1012 deant.

301 1026 422 1080 151.
468 1029 543 1078 De
580 1039 682 1078 non
721 1021 1027 1092 recipiendis
1050 1021 1235 1075 alienis
1283 1021 1682 1090 paenitentibus.
1710 1019 1812 1088 Qui

230 1113 323 1166 pro
354 1096 553 1150 delicto
582 1110 680 1148 suo
703 1109 733 1147 a
763 1093 1144 1166 communione
1167 1101 1504 1166 separantur,
1528 1093 1739 1166 placuit
1756 1102 1814 1145 ut

231 1159 278 1221 in
306 1167 731 1236 quibuscumque
760 1163 892 1217 locis
917 1159 1128 1215 fuerant
1157 1159 1381 1225 exclusi,
1415 1161 1468 1215 in
1495 1159 1698 1216 eisdem
1727 1163 1812 1216 lo-

227 1240 303 1292 cis
328 1235 768 1290 communionem
789 1240 1213 1300 consequantur.

297 1307 420 1361 153.
465 1303 533 1359 Ut
584 1319 687 1357 non
743 1303 896 1356 liceat
943 1301 1189 1356 clericum
1234 1301 1310 1354 vel
1360 1301 1668 1355 monachum
1700 1303 1814 1356 sine

227 1378 444 1446 epistola
467 1375 691 1446 episcopi
737 1372 817 1446 sui
846 1373 1126 1446 proﬁcisci.
1167 1369 1503 1446 Clericis‘vel
1531 1373 1812 1446 iniuracliis

225 1441 338 1502 sine
394 1441 848 1500 commendatitiis
895 1441 1136 1512 epistolis
1176 1441 1414 1512 episcOpi
1462 1442 1546 1496 sui
1591 1442 1810 1498 licentia

227 1533 330 1572 non
362 1523 548 1582 pateat
577 1513 859 1582 evagandi.

295 1531 548 1640 ῗόἓῗῐῗὲ
567 1531 859 1639 caliga???
895 1579 1113 1650 publicis
1163 1582 1374 1651 nuptiis.
1425 1581 1642 1635 Nullum
1692 1583 1812 1638 sine

223 1657 351 1712 dote
374 1657 465 1710 liat
493 1655 830 1722 coniugium:
882 1667 984 1707 nec
1009 1653 1127 1708 sine
1155 1652 1380 1722 publicis
1421 1653 1620 1722 nuptiis
1665 1655 1812 1722 quis-

222 1741 390 1796 quam
411 1725 616 1796 nubere
635 1733 967 1796 praesumat.

293 1795 422 1849 154.
469 1794 544 1848 De
569 1790 718 1847 rebus
746 1793 993 1848 ecclesiae
1013 1790 1199 1846 ablatis
1219 1800 1305 1845 aut
1335 1791 1594 1916 {raudutis
1622 1795 1698 1846 vel
1723 1808 1810 1846 rc-

293 1868 400 1916 itis.
427 1865 486 1916 Si
514 1867 634 1916 nuis
659 1865 1045 1916 cuiuscumque
1070 1877 1330 1916 munuscu
1354 1879 1383 1916 a
1411 1862 1673 1916 ecclesiae
1687 1877 1810 1916 san-

222 1868 400 1920 tentis.
427 1865 486 1919 Si
514 1867 634 1932 quis
659 1865 1045 1932 cuiuscumque
1070 1862 1383 1932 munuscula
1411 1862 1673 1917 ecclesiae
1687 1877 1814 1917 san-

221 1938 327 1992 ctis
379 1929 766 2002 scripturarum
811 1929 981 1986 titulis
1024 1935 1218 1988 collata
1265 1929 1469 1987 nefaria
1519 1932 1814 1988 calliditate

218 2007 524 2065 abstulerit.
557 2003 905 2069 fraudaverit,
934 2003 1211 2067 invaserit,
1242 2005 1600 2056 retentaverit
1647 2013 1814 2073 atque

217 2076 582 2147 suppresserit
609 2074 630 2104 ³
661 2081 852 2147 etnon
877 2072 1060 2147 statim
1085 2073 1430 2147 asacerdote
1445 2072 1811 2147 commonitus

221 2142 337 2201 Deo
365 2146 559 2200 collata
588 2143 903 2212 reddiderit,
928 2143 996 2198 ab
1023 2143 1284 2198 ecclesiae
1327 2142 1628 2198 catholicae
1655 2157 1810 2198 eom-

218 2217 481 2274 ninnione
505 2215 750 2284 pellatur.

289 2283 421 2338 155.
465 2282 532 2338 Ut
561 2299 708 2337 nemo
743 2299 826 2338 res
856 2282 1120 2346 ecclesiae,
1149 2283 1251 2336 nisi
1274 2282 1360 2336 cui
1395 2283 1509 2336 iure
1527 2282 1774 2336 debentur
1792 2323 1810 2350 ,

218 2355 268 2407 in
299 2354 603 2425 quibuslibet
633 2353 927 2425 regionibus
954 2354 1184 2407 iacentes
1212 2367 1496 2425 competere
1521 2353 1812 2425 audeatvel

218 2423 418 2480 tenere.
444 2423 512 2480 Ut
541 2423 717 2480 nullus
751 2425 1127 2494 episcoporum
1166 2431 1259 2477 aut
1286 2423 1589 2494 cuiuslibet
1609 2423 1812 2494 ordinis

218 2496 457 2550 clericus
508 2495 591 2548 vel
621 2495 726 2548 alia
779 2492 1151 2563 quaecumque
1197 2507 1429 2561 persona
1483 2492 1814 2562 quibuslibet

217 2565 620 2643 conditionibus
647 2579 740 2618 seu
769 2565 825 2620 in
875 2580 983 2618 uno
1016 2577 1190 2643 regno
1216 2577 1314 2618 seu
1343 2563 1397 2617 in
1451 2563 1559 2643 alio
1599 2563 1813 2643 positas

217 2637 444 2690 alterius
483 2635 864 2703 cuiuscumque
916 2633 1182 2703 ecclesiae
1239 2648 1326 2688 res
1373 2641 1470 2687 aut
1520 2641 1672 2702 petat
1721 2641 1814 2686 aut

219 2714 534 2773 praesumat
561 2702 830 2773 accipere.
848 2702 1001 2771 Quod
1021 2703 1066 2757 si
1091 2702 1300 2770 fecerit,
1321 2703 1522 2773 tamdiu
1552 2704 1814 2756 habeatur

217 2772 246 2826 a
272 2776 661 2829 communione
686 2772 950 2829 ecclesiae
988 2775 1071 2827 vel
1097 2775 1164 2827 ab
1200 2775 1440 2828 omnium
1473 2772 1695 2826 fratrum
1748 2787 1814 2828 ac

219 2845 458 2898 tilioruin
491 2845 714 2899 caritate
753 2858 1045 2913 suspensus
1075 2885 1091 2909 ,
1143 2843 1318 2899 donec
1357 2846 1473 2912 ipse
1515 2843 1810 2909 ecclesiae,

217 2916 378 2968 cuius
406 2916 612 2970 directo
641 2914 832 2970 ordine
857 2915 990 2970 iuris
1026 2922 1111 2970 est
1151 2914 1329 2969 ablata
1355 2914 1562 2982 legions
1587 2953 1604 2979 ,
1655 2913 1815 2968 resti-

223 2993 363 3038 tuat.

1915 468 2355 534 communionem
2407 465 2622 534 penitus
2663 481 2769 520 non
2802 465 3107 533 accipiant;
3166 477 3306 534 quos
3349 466 3511 520 etiam

1916 531 2164 588 iubemus
2190 533 2260 586 ad
2289 531 2573 589 clericatus
2600 534 2839 588 ol'licium
2869 531 2976 589 non
3007 531 3239 588 admitti.

1989 602 2111 655 142.
2159 603 2236 656 De
2264 606 2743 659 excommunicatis.
2799 603 2854 658 Si
2901 603 3083 672 quisa
3134 603 3514 658 communione

1915 673 2244 729 sacerdotali
2275 674 2434 728 fuerit
2462 675 2788 729 auctoritate
2813 689 3107 741 suspensus
3129 711 3148 739 ,
3206 673 3352 728 hunc
3404 689 3513 727 non

1917 745 2091 796 solum
2109 757 2139 797 a
2156 742 2499 809 clericorum,
2522 743 2618 798 sed
2635 747 2797 798 etiam
2815 760 2844 797 a
2861 745 3023 797 tOtitts
3046 743 3224 811 populi
3239 744 3516 810 colloquio

1916 822 2081 880 atque
2103 814 2352 868 convivio
2383 814 2584 884 placuit
2613 814 2847 880 excludi,
2875 815 3050 869 donec
3076 813 3401 882 resipiscens
3443 814 3511 869 ad

1916 884 2204 940 sanitatem
2235 885 2415 938 redire
2441 885 2682 939 l'estinet.

1991 952 2114 1008 145.
2157 952 2244 1008 Ne
2271 955 2465 1008 iudices
2514 954 2832 1023 perﬁdorum
2869 969 3108 1006 excessus
3157 951 3346 1023 absque
3383 969 3513 1023 pro-

1918 1024 2148 1090 priorum
2197 1027 2523 1078 sacerdotum
2577 1022 2792 1077 consilio
2858 1025 3106 1077 iudicent:
3173 1022 3250 1077 Ne
3307 1022 3512 1077 indit-es

1916 1094 2206 1162 quicquam
2236 1095 2305 1148 de
2328 1095 2656 1164 perllilornm
2689 1093 3003 1147 excessibus
3058 1104 3212 1148 extra
3258 1094 3512 1148 sacerdo-

1919 1173 2028 1218 tum
2059 1164 2419 1219 cohibentiain
2456 1164 2692 1218 iudicare
2723 1173 3089 1227 praesumant.

1989 1233 2112 1288 144.
2154 1233 2231 1288 De
2259 1235 2509 1301 ex,,ositis
2536 1233 2918 1304 infatttibusrac
2951 1234 3254 1287 collectione
3287 1248 3507 1304 eorum.

1919 1303 1976 1358 Si
1996 1305 2273 1374 expositus
2299 1314 2423 1358 ante
2443 1302 2726 1360 ecclesiam
2769 1303 3135 1374 cuiuscunque
3164 1302 3324 1357 fuerit
3349 1303 3513 1374 mise-

1916 1373 2130 1429 ratione
2170 1376 2464 1440 collectiis,
2523 1373 2932 1429 coiitestationis
2989 1382 3156 1442 ponat
3199 1373 3508 1440 epistolam.

1917 1443 2059 1499 Etsi
2089 1445 2153 1507 is,
2185 1445 2275 1513 qui
2307 1445 2568 1500 collectus
2623 1451 2725 1510 est,
2755 1443 2896 1497 intra
2919 1443 3107 1498 decem
3155 1443 3269 1497 dies
3297 1443 3508 1508 quaesi-

1917 1523 2006 1569 tus
2027 1517 2346 1584 agnitusque
2375 1530 2484 1568 non
2515 1514 2675 1568 fuerit
2700 1554 2717 1582 ,
2767 1529 2992 1569 securus
3040 1514 3234 1566 habeat
3262 1513 3353 1582 qni
3395 1513 3514 1568 col-

1918 1585 2065 1653 legit.
2083 1584 2226 1639 Sane
2245 1586 2334 1654 qni
2361 1595 2482 1652 post
2501 1585 2832 1654 praedictum
2857 1593 3070 1654 tempus
3081 1586 3199 1638 eius
3211 1584 3502 1637 calumnia-

1919 1665 2003 1709 tor
2029 1653 2291 1721 extiterit,
2339 1664 2397 1708 ut
2450 1653 2719 1710 humicida
2770 1653 3136 1708 ecclesiastica
3176 1654 3512 1708 districtione

1847 1746 1888 1804 Β
1917 1725 2454 1804 ἀθεηηρὺίέυτηείριρι
2489 1733 2702 1804 patrum
2730 1727 2910 1804 sanxit
2933 1725 3250 1804 auctoritas.

1987 1795 2111 1848 145.
2153 1795 2230 1848 De
2252 1795 2453 1849 clericis
2482 1793 2885 1864 relinquentibus
2905 1794 3128 1864 anicium
3157 1809 3326 1854 suum,
3350 1801 3413 1864 et
3440 1795 3509 1845 ad

1912 1867 2173 1936 sccnlares
2193 1862 2637 1936 confugientibus.—
2656 1863 2878 1926 Placuit,
2895 1862 2957 1918 ut'
2974 1863 3225 1936 clericus,
3250 1863 3294 1916 si
3322 1862 3512 1936 relicto

1914 1935 2095 1990 ollicio
2120 1951 2221 1990 suo
2260 1933 2481 2005 propter
2508 1935 2898 1990 districtionem
2945 1933 3013 2005 ad
3056 1933 3358 2005 secularem
3399 1933 3512 2005 ior—

1916 2015 2057 2058 tasse
2077 2003 2382 2074 confugerit
2407 2013 2465 2059 et
2506 2005 2757 2059 solatium
2811 2005 2860 2059 ei
2890 2003 3219 2059 defensionis
3264 2004 3368 2058 iste
3406 2004 3510 2057 im-

1913 2076 2184 2200 ratiqlderit,
2215 2091 2338 2131 cum
2362 2075 2556 2132 eodem
2579 2076 2648 2129 ah
2673 2074 2940 2130 ecclesiae
2967 2075 3350 2129 communione
3387 2074 3507 2143 pel-

1937 2155 2080 2199 atur.

1983 2215 2106 2270 “6.
2153 2214 2222 2270 Ut
2252 2232 2398 2271 seruo
2413 2231 2516 2270 non
2537 2215 2798 2280 credatur,
2823 2215 2868 2270 si
2888 2231 3044 2284 super
3071 2215 3338 2268 dominum
3355 2230 3509 2269 suum

1912 2285 1990 2339 vil
2018 2303 2170 2354 super
2200 2287 2360 2340 alium
2389 2286 2605 2342 liberum
2632 2287 2826 2339 crimen
2847 2286 3101 2340 iniecerit.
3125 2285 3296 2339 Servo
3319 2285 3508 2355 poeni-

1914 2364 2001 2410 tus
2027 2372 2135 2410 non
2161 2358 2420 2411 credatur
2435 2359 2479 2411 si
2510 2371 2671 2424 super
2716 2358 2948 2424 aliquem
2978 2357 3184 2410 crimen
3236 2355 3509 2422 iniecerit,

1913 2435 2010 2480 aut
2034 2427 2079 2481 si
2124 2427 2293 2480 etiam
2323 2427 2603 2483 dominum
2654 2441 2810 2480 suum
2842 2426 2896 2479 in
2924 2426 3150 2480 crimine
3193 2425 3508 2494 inpetierit;

1914 2512 2040 2550 nam
2071 2498 2283 2552 etiamsi
2315 2499 2369 2552 in
2398 2498 2685 2553 tormentis
2728 2496 2936 2564 positus
2960 2506 3201 2564 exponat
3222 2497 3366 2565 quod
3391 2495 3508 2549 obi-

1913 2568 2010 2630 cit,
2036 2566 2182 2620 eredi
2220 2575 2400 2622 tamen
2431 2568 2504 2622 illi
2537 2567 2686 2621 nullo
2717 2567 2879 2619 modo
2907 2566 3204 2633 oportebit.

1986 2636 2108 2690 M1.
2152 2635 2222 2691 Ut
2249 2645 2398 2692 testes
2427 2654 2490 2691 ea
2519 2647 2715 2706 tantum
2758 2637 3114 2702 testi/icentur,
3143 2652 3274 2706 quae
3303 2637 3357 2688 in
3383 2652 3511 2690 con-

1915 2723 1955 2770 s;
1976 2723 2088 2761 ecu
2124 2721 2300 2761 eorum
2329 2719 2445 2762 acta
2472 2704 2904 2762 csse'nmcuntur.
2947 2704 3279 2761 'l‘estes'non
3313 2707 3512 2762 absen-

1917 2786 2001 2831 tes
2025 2791 2201 2846 neque
2229 2792 2326 2848 per
2374 2780 2658 2848 epistolam
2713 2777 3083 2848 testimonium
3141 2778 3356 2837 dicant;
3414 2775 3510 2831 sed

1917 2847 2420 2918 praesentesquam
2462 2857 2729 2918 noverunt
2773 2857 2828 2918 et
2865 2847 3115 2918 viderunt
3149 2862 3264 2918 non
3296 2852 3513 2918 taceant

1920 2915 2222 2971 iii-ritatein.
2253 2917 2362 2971 Nec
2392 2919 2460 2973 de
2486 2919 2607 2972 aliis
2644 2916 2668 2947 ‘
2707 2915 3072 2979 testimonium
3129 2916 3315 2970 dicant
3336 2954 3354 2977 ,
3410 2915 3512 2967 nisi

1915 2986 1984 3040 de
2010 2989 2091 3042 liis
2152 2988 2561 3056 tantummodo,
2614 3001 2759 3056 quae
2807 2987 2908 3040 sub
2964 2993 3271 3056 praesentia
3322 2999 3513 3039 eorum

291 3054 420 3109 136.
465 3052 540 3108 De
570 3055 650 3110 Itis
673 3057 758 3125 qui
797 3055 1066 3128 facultates
1094 3055 1339 3110 ecclesiae
1363 3056 1642 3128 delegatus
1667 3057 1815 3126 anfe-
1843 3099 1886 3128 ί,
1919 3068 2049 3128 acta
2069 3073 2192 3128 esse
2219 3069 2538 3113 noscuntur.

217 3104 355 3177 riu—il
369 3104 448 3179 uel
465 3104 754 3180 reteiilaiit:
1181 3104 1379 3196 iiééiei
1841 3104 1889 3164 (ί
1920 3104 2592 3196 ῃῖλέῖνρἀέλξῗάἷίέιίηι
2636 3127 2923 3196 scripturae
2945 3125 3134 3179 valere.
3192 3123 3513 3191 Scripturae

219 3197 406 3264 clcsiis
431 3204 525 3249 aut
553 3197 896 3251 monasteriis
926 3196 1010 3251 vel
1058 3195 1405 3251 xenodocliiis
1429 3209 1528 3264 pro
1555 3209 1808 3262 quacum-

219 3279 329 3335 que
357 3265 635 3321 elimosina
667 3283 790 3320 cum
819 3267 1023 3320 iustitia
1044 3265 1318 3334 delegatus
1359 3274 1650 3328 retentare,
1683 3267 1816 3319 alie-

221 3351 376 3400 nare,
411 3348 572 3405 aique
594 3336 933 3391 subtrahere.
953 3336 1108 3402 Quod
1130 3337 1173 3389 si
1197 3336 1316 3404 quis
1331 3335 1536 3400 fecerit,
1562 3343 1814 3404 tanquam

223 3414 454 3476 necatur
511 3421 805 3476 pauperum
835 3407 1174 3474 antiquorum
1220 3421 1488 3459 caninum
1533 3406 1818 3460 sententiis

224 3475 558 3532 constrictus
587 3475 654 3530 ab
681 3478 944 3532 ecclesiae
971 3476 1244 3529 liminibus
1268 3476 1608 3540 excludatur,
1635 3490 1822 3544 qnam-

222 3548 318 3668 :iiu
340 3546 411 3666 lab
433 3547 551 3616 ipso
597 3561 684 3613 ea,
705 3562 842 3618 quae
884 3555 1014 3603 sunt
1060 3545 1236 3600 ablata
1265 3557 1360 3600 aut
1403 3553 1614 3600 retenta
1639 3587 1654 3614 ,
1690 3547 1816 3600 red.

261 3631 332 3668 an
363 3631 445 3668 ur.

261 3624 445 3668 antur.

294 3683 424 3737 157.
470 3683 538 3739 ω
567 3687 732 3741 socios
771 3702 891 3740 suos
937 3686 1185 3756 nominet,
1217 3687 1356 3756 apud
1385 3702 1532 3756 quem
1584 3703 1701 3754 pars
1725 3703 1820 3740 ra-

223 3757 385 3823 pinae
409 3757 564 3824 fuerit
593 3757 817 3810 inventa.
852 3755 1005 3826 Apud
1025 3770 1185 3825 quem
1210 3755 1406 3811 scelus
1427 3758 1736 3825 agnoscitur
1764 3765 1821 3810 et

228 3839 358 3891 pars
384 3827 604 3894 rapinae
628 3826 787 3881 fuerit
807 3828 1039 3888 inventa,
1072 3828 1253 3880 statim
1292 3829 1471 3882 socios
1495 3842 1624 3881 suos
1649 3827 1822 3881 nomi-

227 3906 622 4015 iiarq_cqgatiir.
646 3897 800 3962 Quod
821 3897 866 3950 si
892 3897 1172 3952 nominare
1194 3895 1446 3963 noluerit,
1476 3905 1725 3952 teneatur
1752 3897 1820 3951 ad

233 3979 342 4015 "Im
367 3981 416 4015 lc
442 3981 544 4015 am.

233 3974 544 4018 Vindictam.

302 4033 430 4107 158.
473 4034 550 4089 De
589 4035 668 4091 bis
710 4038 798 4105 qui
840 4035 1135 4107 diripienda
1172 4034 1416 4107 indicare
1432 4036 1815 4107 repperiuntur.

229 4103 570 4173 Quicumque
600 4103 862 4175 ingenuus
897 4103 978 4162 vel
1009 4122 1196 4162 servus
1221 4106 1423 4174 aliquid
1455 4103 1819 4176 diripiendum

231 4176 570 4241 indicaverit,
602 4185 660 4230 ut
697 4181 1084 4244 cuiuscumque
1112 4191 1198 4230 res
1222 4186 1529 4241 evertatur,
1581 4188 1674 4229 aut
1722 4192 1820 4246 pe-

231 4247 471 4318 coravel
499 4247 732 4318 iumenta
757 4246 1098 4318 diripiantur,
1125 4254 1180 4300 et
1205 4262 1266 4299 ex
1297 4247 1399 4300 hoc
1417 4246 1580 4300 certis
1623 4249 1819 4313 proba-

234 4314 470 4370 tionibus
497 4314 707 4384 publice
735 4314 1011 4372 convictus
1043 4317 1375 4378 inveniatur,
1421 4332 1518 4384 pro
1545 4332 1613 4371 eo
1676 4318 1820 4384 quod

234 4384 568 4464 indicaverit,
593 4397 804 4442 centum
841 4388 1025 4456 viginti
1053 4385 1261 4456 ﬂagella
1319 4387 1536 4455 publice
1563 4396 1820 4442 extensus

236 4463 492 4520 accrptat.

307 4523 436 4578 153.
482 4525 551 4580 Ut
567 4528 776 4581 abbates
803 4528 858 4581 in
887 4532 996 4582 eius
1025 4528 1216 4596 episcoi
1233 4527 1273 4592 i,
1301 4526 1356 4580 in
1378 4527 1522 4581 cuius
1546 4526 1822 4591 parrochia

234 4604 376 4667 sunt,
405 4607 653 4665 potestate
681 4601 974 4667 persisiant.
1008 4599 1245 4652 Abbates
1273 4612 1372 4666 pro
1403 4598 1704 4652 humilitate
1729 4613 1820 4652 re-

236 4665 452 4738 ligioois
475 4669 528 4720 in
559 4665 934 4738 episcoporum
986 4665 1612 4736 potestate’consistant.
1669 4667 1734 4720 Et
1775 4667 1821 4724 si

234 4735 363 4801 quid
385 4747 544 4807 extra
576 4735 811 4807 regulam
846 4735 1092 4802 fecerint,
1124 4741 1190 4792 ab
1223 4740 1496 4807 episcopis
1546 4740 1819 4806 corrigan-

238 4817 346 4882 tur.
372 4804 474 4871 Qui
507 4804 672 4862 setnel
696 4811 748 4862 in
774 4825 916 4882 anno
945 4813 996 4864 in
1037 4809 1177 4882 loco,
1207 4804 1296 4864 ubi
1327 4804 1610 4880 cpi—scopis
1642 4804 1822 4879 elege-

236 4879 328 4937 tit,
361 4885 584 4937 accepta
621 4880 906 4934 vocatione
933 4879 1274 4935 conveniant.

275 4944 436 5024 .140.
483 4944 564 5024 Ut
577 4950 752 5024 nullas
782 4951 1063 5024 monac/ius
1114 4951 1371 5024 relinquat
1394 4959 1829 5024 suttnt_monaste-_

239 5019 374 5066 rium
404 5027 456 5071 et
492 5019 648 5072 cellas
698 5030 962 5074 coiisiruat
991 5021 1104 5073 sine
1147 5022 1370 5088 epis-api
1401 5022 1477 5073 vel
1509 5020 1708 5074 abbatis
1748 5020 1828 5074 sui

243 5089 469 5158 licentia.
505 5089 573 5141 Ut
624 5090 801 5144 nullus
845 5093 1138 5145 monachus
1173 5089 1592 5158 congregatione
1639 5105 1830 5145 mona-

242 5157 396 5228 sterii
423 5159 680 5214 det‘eliCta
709 5162 1020 5214 ambitionis
1064 5168 1157 5213 aut
1195 5157 1447 5214 vanitatis
1472 5160 1685 5228 inpulsu
1715 5162 1830 5215 cel-

245 5224 354 5303 lam
384 5237 698 5284 construere
723 5230 840 5286 sine
860 5232 1094 5301 episcopi
1129 5231 1481 5302 permissione
1513 5224 1598 5286 vel
1619 5231 1832 5286 abbatis

245 5302 630 5369 sutvolniitate
653 5311 981 5369 praesumat.

287 5367 442 5445 .Ml.
481 5365 863 5445 De_ap'ostaiis.
889 5372 1222 5438 Quicumque
1270 5378 1394 5439 post
1439 5371 1834 5445 sanctaereli-

248 5441 421 5501 gioins
449 5441 843 5510 profeSsiouem
867 5458 984 5513 apo.
1004 5450 1120 5496 tant
1148 5451 1203 5497 et
1230 5445 1296 5495 ad
1325 5442 1568 5496 secutum
1599 5443 1832 5496 redeunt

1917 3213 2058 3265 quae
2085 3200 2228 3253 diem
2254 3209 2310 3253 et
2336 3212 2535 3252 annum
2566 3197 2854 3251 habuerint
2872 3196 3508 3263 evidenterexpressum,

1916 3275 2082 3337 atque
2107 3269 2405 3324 secundum
2439 3269 2568 3335 legis
2606 3266 2864 3337 ordinem
2895 3267 3240 3337 conscriptae
3267 3280 3388 3337 esse
3413 3278 3512 3317 no-

1915 3335 2156 3403 scuntur,
2183 3354 2278 3393 seu
2311 3337 2606 3392 conditoris
2631 3338 2716 3391 vel
2747 3336 2962 3390 testium
2991 3335 3390 3402 l'iierinttsignis
3415 3340 3512 3388 aut

1918 3409 2400 3478 subscriptionibus
2422 3411 2730 3470 roboratae,
2763 3409 2910 3460 omni
2950 3406 3254 3460 habeantur
3282 3405 3511 3459 stabiles

1920 3479 2193 3534 ﬁrmitate.

1991 3548 2115 3604 “9.
2159 3549 2236 3603 De
2275 3549 2442 3619 pactis
2473 3556 2524 3602 et
2568 3549 2772 3619 placitis
2800 3547 3183 3619 conscrrandis.
3216 3544 3382 3619 Pacta
3412 3543 3519 3619 _vel

1921 3619 2136 3690 placita,
2168 3617 2310 3690 quae
2359 3634 2454 3690 per
2499 3617 2793 3690 scripturas
2828 3617 3068 3690 legitime
3104 3632 3168 3670 ac
3223 3617 3517 3690 iustissime

1920 3686 2061 3744 facta
2085 3686 2228 3754 simi,
2259 3686 2552 3744 dummodo
2581 3686 2632 3743 in
2678 3689 2760 3742 his
2807 3686 2922 3741 dies
2963 3686 3046 3740 vel
3094 3701 3269 3741 annus
3299 3686 3368 3738 sit
3405 3687 3520 3741 evi-

1919 3760 2112 3814 denter
2141 3775 2448 3829 exprcssus,
2473 3760 2778 3829 nullatenus
2827 3758 3106 3829 immutari
3126 3756 3514 3829 permittimus.

1994 3831 2116 3884 150.
2161 3825 2355 3884 contra
2403 3834 2636 3900 priorum
2671 3828 3024 3900 deﬁnitionem
3073 3827 3186 3895 ﬁlio
3227 3826 3302 3878 rel
3342 3825 3520 3900 heredi

1923 3917 2026 3954 non
2063 3903 2218 3954 licere
2245 3897 2436 3954 uenire.
2480 3898 2617 3954 Filio
2671 3899 2752 3952 vel
2809 3897 2996 3950 heredi
3027 3908 3215 3949 contra
3275 3897 3356 3960 pri
3396 3911 3516 3960 rum

1924 3971 2116 4024 iustam
2139 3979 2232 4024 aut
2260 3969 2558 4039 legitimam
2579 3967 3166 4039 deliiiiiionenrvenire
3195 3980 3301 4039 non
3330 3965 3518 4030 liceat,

1922 4042 2045 4110 quia
2071 4042 2178 4094 iust
2197 4059 2208 4087 ε
2230 4033 2511 4107 repellitur
2532 4035 2897 4110 praesumptio
2938 4033 3098 4099 illius,
3127 4034 3224 4102 qui
3251 4033 3397 4088 facta
3427 4048 3516 4088 se-

1923 4107 2134 4164 niorum
2166 4111 2362 4163 iniuste
2391 4118 2618 4161 conatur
2647 4107 2980 4173 inrumpere.

1997 4179 2118 4232 151.
2162 4177 2248 4232 Ne
2266 4179 2535 4249 quisquam
2555 4185 2818 4249 accusetur
2830 4172 3205 4249 sclpuniatur,
3224 4172 3328 4227 nisi
3348 4173 3521 4249 mani-

1925 4244 2355 4320 festatisiudiciis
2392 4244 2853 4320 'scelushpatuerit.
2910 4245 3028 4320 Non
3058 4258 3280 4320 _pass:_m
3329 4244 3521 4320 damus

1924 4312 2215 4375 accusandi
2245 4319 2328 4372 vel
2362 4312 2620 4386 puniendi
2649 4317 2940 4381 licentiam,
2972 4312 3523 4386 nisi;autAnianil'estis

1924 4391 2134 4446 indiciis
2163 4383 2398 4460 patuerit
2445 4387 2621 4441 scelus
2648 4395 2743 4440 aut
2791 4387 3027 4460 legitime
3078 4383 3244 4460 fuerit
3286 4384 3515 4460 idipsum

1857 4473 1905 4530 ι)
1933 4462 2129 4514 malum
2163 4453 2472 4530 accusatum
2502 4468 2679 4530 atque
2708 4453 3048 4530 convictum;
3097 4454 3352 4522 quatinus
3374 4453 3520 4530 nulla

1930 4532 2213 4584 videantur
2261 4524 2684 4583 intentione—ml
2727 4528 2919 4582 ordine
2964 4537 3174 4596 patrum
3218 4524 3522 4592 transgredi

1929 4616 2092 4670 praec
2127 4608 2216 4670 pta
2245 4607 2551 4655 sanctorum
2575 4607 2670 4652 aut
2696 4597 2916 4653 obviare
2939 4596 3110 4652 sacris
3155 4596 3355 4664 regulis
3386 4596 3523 4649 anti-

1928 4687 2178 4730 quorum.

1945 4688 2432 4795 μιῗέἓῖηὐιυαιεαι
2466 4739 2797 4793 commutatio
2818 4739 2951 4792 sicut
2995 4747 3043 4792 et
3096 4739 3309 4808 emptio.
3359 4735 3523 4788 Com-

1932 4813 2158 4867 mutatio
2181 4813 2225 4866 si
2257 4826 2362 4864 non
2396 4811 2555 4864 fuerit
2586 4824 2682 4878 per
2729 4811 2838 4863 vim
2867 4818 2924 4864 et
2949 4817 3149 4862 metum
3172 4815 3406 4870 extorta,
3441 4812 3521 4857 ta-

1930 4883 2036 4938 lem
2064 4884 2277 4950 qiialem
2308 4891 2364 4934 et
2401 4881 2604 4949 emptio
2633 4880 2653 4909 ⁵
2681 4881 2876 4934 habeat
2905 4880 3232 4932 firmitatem.

2005 4951 2129 5006 155.
2172 4953 2235 5006 Si
2275 4953 2454 5006 timore
2489 4950 2770 5016 conpulsus
2798 4951 3070 5020 quisquam
3105 4962 3160 5000 se
3189 4959 3387 4999 servum
3413 4957 3524 4996 esse

1933 5023 2093 5076 dicat.
2138 5023 2238 5090 Qui
2291 5022 2486 5076 timore
2533 5022 3068 5092 conpulsusservum
3119 5028 3324 5092 seeise
3353 5021 3524 5092 extra

1935 5083 2190 5147 iudiciuin
2224 5093 2443 5154 dixerit,
2475 5083 2679 5144 niiiiiiiii
2713 5089 3098 5158 praeiudicium
3120 5155 3130 5158 Α
3150 5083 3414 5158 libertatis
3443 5083 3524 5134 ιιι-

1934 5173 2146 5230 currat,
2175 5164 2348 5218 donec
2389 5163 2585 5217 iudicio
2617 5154 3020 5232 praesentetur,
3052 5155 3136 5232 vel
3167 5155 3187 5184 ‘
3218 5154 3522 5232 libertatein

1934 5248 2108 5299 suam,
2131 5226 2175 5288 si
2217 5249 2336 5287 eam
2367 5226 2629 5303 probavit:
2665 5237 2948 5303 praesente
2995 5227 3172 5303 iudice
3195 5263 3212 5290 ,
3259 5226 3525 5303 obtineat.

1935 5305 2043 5357 Aut
2070 5295 2115 5358 si
2145 5319 2334 5359 servus
2368 5295 2740 5363 'convincitur,
2767 5299 2952 5355 statim
3004 5297 3229 5352 domino
3259 5295 3524 5350 reforme-

1939 5381 2048 5428 llll'.

2013 5441 2136 5498 154.
2183 5442 2264 5498 De
2283 5441 2577 5512 presbiteris
2604 5440 2685 5496 vel
2711 5437 3018 5495 diaconibus
3043 5439 3155 5494 sine
3179 5436 3405 5508 episcopi
3445 5434 3532 5489 συί

1477 5557 1872 5614 VARIANTES
1912 5559 2318 5616 LECTIONES.

322 5674 333 5704 ‘
366 5671 546 5747 Iudaei
570 5675 626 5731 in
648 5675 731 5730 tit.
764 5672 826 5730 L.
859 5673 1048 5747 Wisig.

1145 5676 1162 5704 ²
1193 5681 1405 5731 sextum
1437 5671 1500 5730 L.
1537 5675 1729 5748 Wisig.

306 5754 359 5800 ut
387 5744 455 5799 (ἰ.

1817 5677 1835 5708 ³
1865 5678 2167 5750 abrepserit
2193 5675 2313 5734 Bal.

2417 5679 2434 5710 ⁵
2468 5694 2516 5732 a.
2550 5677 2729 5734 causis
2758 5685 2796 5732 t.
2832 5675 2951 5732 Bal.
3033 5677 3052 5707 ⁵
3077 5692 3130 5749 q.
3163 5674 3436 5748 exemptio
3464 5672 3524 5731 G.
