4002 6146
383 237 478 292 771

1327 232 1386 290 Β.
1419 232 1668 290 CAROLI
1710 233 1920 288 MAGNI
1959 231 2107 289 OPP.
2150 231 2328 288 PARS
2365 231 2404 286 1.
2448 230 2688 286 SECTIO
2726 232 2764 286 Ι.

3546 229 3649 285 77‘s

379 345 659 422 presbiteri
686 343 877 422 eodem
907 343 1068 422 modo
1113 344 1253 400 sicut
1277 355 1694 422 vesperascente
1722 347 1948 400 sabbato
1979 353 2024 411 Α
2055 345 2238 401 bibere
2267 353 2630 422 praesumant.
2677 341 2834 409 Quod
2881 341 2924 397 si
2981 341 3212 397 fecerint
3249 378 3264 405 .
3317 341 3642 402 cantmicam

377 415 622 476 sanctinn
651 417 846 485 pascha
891 415 1215 485 celebratur,
1269 423 1327 468 et
1375 415 1547 484 ipsum
1578 416 1722 469 diem
1763 425 1952 484 pente-

376 498 556 544 costes
584 484 828 540 similiter
876 484 1283 539 celeberrimum
1321 487 1577 550 habeant,
1610 494 1668 538 ut
1704 495 1952 540 sanctum

375 557 572 629 pascha
599 563 656 629 e_t_
683 554 936 629 ieiunium
971 561 1027 606 et
1069 555 1368 629 missam-et
1393 555 1736 629 baptismum.

444 627 568 682 191.
611 623 678 678 Ut
707 624 1010 676 annuntient
1036 623 1298 689 presbiteri
1324 625 1529 691 populo.
1564 639 1619 676 se
1651 625 1714 676 ab
1737 624 1952 679 inlicitis

371 699 629 750 abstinere
652 694 945 764 connubiis.
974 695 1266 764 Annuntiet
1288 693 1652 764 unusquisque
1674 694 1953 764 presbyter

373 767 584 835 publice
601 764 741 835 plebi
773 765 842 815 ab
860 763 1074 835 inlicitis
1095 763 1378 835 conniubiis
1399 763 1670 835 abstinere
1682 773 1738 817 et
1755 763 1951 818 secun-

372 832 500 890 dum
534 833 740 887 Domini
763 832 1072 886 mamlatum
1104 834 1394 900 legitimum
1415 833 1722 898 coniugium
1748 849 1952 901 nequa-

371 922 530 970 quant
581 918 738 970 posse
784 903 888 954 ulla
918 903 1203 956 occasione
1231 902 1496 968 separari,
1529 911 1756 970 excepta
1785 917 1948 958 causa

371 973 772 1094 l'iiriiicatioiil'rs,.
785 972 882 1026 nisi
903 987 1170 1026 consensu
1192 973 1499 1036 amborum,
1522 980 1578 1025 et
1605 971 1706 1027 hoc
1725 985 1951 1042 propter

371 1057 647 1094 servulum
727 1058 794 1094 el.

371 1057 647 1101 servulum
681 1057 794 1094 uel.

445 1113 572 1166 I92.
617 1113 683 1164 lit
709 1112 907 1182 publice
934 1111 1197 1179 presbiteri
1219 1113 1526 1165 annunticnt
1558 1109 1694 1178 plebi
1720 1110 1950 1182 decimas

370 1193 420 1237 et
437 1183 718 1253 ‘primitias
743 1198 826 1236 om
867 1182 974 1253 inm
997 1182 1290 1253 [rngnmad
1311 1182 1712 1253 benedicendum
1735 1181 1947 1249 offerre.

373 1251 704 1307 Anuuntient
749 1252 1024 1317 presbiteri
1083 1252 1221 1319 plebi
1272 1251 1522 1316 publice,
1577 1260 1636 1303 ιιι
1683 1253 1950 1318 primitias

372 1325 613 1378 omnium
654 1321 862 1388 frugum
907 1329 1085 1373 terrae
1139 1320 1205 1372 ad
1255 1321 1682 1374 benedicendum
1719 1322 1951 1375 afferant

372 1395 436 1446 ad
468 1395 658 1446 domos
685 1393 897 1445 illorum
939 1399 994 1442 et
1039 1389 1119 1444 sic
1153 1401 1341 1457 postea
1367 1391 1491 1444 inde
1520 1394 1867 1456 manlucent,
1895 1400 1950 1446 et

374 1464 610 1518 decimas
653 1477 717 1516 ex
760 1459 1009 1514 omnibus
1047 1460 1311 1514 fructibus
1358 1470 1413 1514 et
1446 1461 1732 1528 pecoribus
1774 1469 1950 1515 terrae

373 1534 526 1586 annis
555 1531 773 1598 singulis
802 1531 869 1583 ad
904 1529 1164 1584 ecclesias
1183 1530 1410 1586 reddant
1437 1539 1493 1584 et
1515 1531 1582 1599 de
1600 1545 1791 1599 novem
1825 1546 1950 1599 par-

372 1604 516 1656 tibus
539 1645 552 1663 ,
594 1597 735 1668 quae
764 1599 1118 1652 remanserint
1142 1638 1160 1666 ,
1205 1600 1514 1655 elimosinas
1543 1597 1768 1660 faciant.
1797 1597 1854 1654 et
1878 1617 1945 1655 ex

373 1689 500 1731 lttﬁls

373 1738 662 1796 Elimosina
691 1757 722 1792 a
767 1748 928 1793 morte
970 1738 1174 1809 liberat.
1206 1738 1275 1792 Et
1305 1741 1416 1809 ipsa
1460 1748 1654 1809 purgat
1684 1749 1909 1806 peccata
1930 1781 1946 1804 ,

369 1815 514 1867 sicut
562 1812 613 1864 iu
670 1811 936 1877 sapientia
985 1808 1177 1880 legitur
1230 1825 1248 1880 ς
1301 1808 1472 1863 Sicut
1503 1825 1638 1879 aqua
1689 1811 1949 1880 extinguit

369 1886 561 1955 ignem,
591 1882 666 1955 ita
708 1880 980 1955 elimosina
1008 1878 1263 1955 e:_c_tinguit
1305 1878 1588 1948 peccatum.
1641 1948 1652 1955 _
1741 1927 1748 1934 .

446 1952 565 2007 193.
601 1950 670 2004 Ut
718 1949 893 2016 ﬁdeles
934 1947 1231 2019 intellegant
1265 1947 1470 2019 pactum
1516 1948 1652 2019 quod
1696 1965 1814 2002 cum
1837 1947 1950 2005 Deo

371 2025 425 2076 in
459 2022 766 2088 baptismate
789 2021 1038 2089 fecerunt.
1085 2017 1312 2089 Placuit,
1345 2027 1401 2089 ut
1426 2017 1951 2089 lideles_ii:tellegant

372 2086 591 2161 pactum
617 2132 630 2152 .
664 2086 807 2158 quod
848 2104 970 2141 cum
1011 2089 1120 2142 Deo
1148 2088 1199 2142 in
1246 2088 1568 2161 baptismate
1608 2086 1872 2144 fecerunt.
1907 2092 1950 2145 A

369 2157 550 2215 inultis
577 2176 706 2228 ergo
735 2175 802 2214 ex
850 2167 965 2213 toto
987 2167 1044 2212 et
1080 2172 1110 2211 a
1155 2157 1334 2212 multis
1357 2173 1439 2228 _ex
1492 2165 1646 2226 parte
1677 2168 1948 2227 transgre-

367 2233 531 2285 ditur.
586 2226 726 2295 Quid
773 2231 844 2283 sit
901 2229 1286 2282 abrenuntiare
1338 2226 1540 2283 diaboli
1579 2226 1842 2296 operibus
1895 2239 1950 2284 et

368 2302 580 2369 pompis
600 2301 717 2369 eius
744 2308 799 2353 et
840 2299 1090 2352 omnibus
1139 2297 1394 2367 operibus
1423 2299 1569 2362 eius,
1615 2299 1951 2354 instruantur

369 2367 402 2422 it
424 2367 571 2426 teles.
594 2367 650 2424 Si
675 2385 803 2422 vero
845 2369 960 2422 iura
1001 2369 1268 2422 humanae
1318 2369 1586 2435 pactionis
1635 2369 1786 2422 lirma
1813 2385 1944 2424 con—

366 2449 678 2504 servantur;
709 2447 912 2506 quanto
943 2441 1112 2506 magis
1139 2437 1436 2492 ferventius
1463 2439 1580 2492 iura
1610 2439 1744 2492 tanti
1781 2439 1920 2502 pacti

365 2525 506 2632 qua;
543 2525 664 2608 eum
696 2509 805 2563 Deo
833 2507 974 2562 facta
997 2517 1144 2572 sunt,
1162 2508 1589 2563 irreVocabiliter
1608 2517 1737 2563 sunt
1756 2509 1942 2565 obser.

365 2597 466 2632 van
509 2597 536 2632 a
557 2618 572 2632 .

365 2597 536 2633 Villii!!!
557 2597 572 2632 Ξ

439 2649 560 2703 191.
607 2647 675 2702 Ut
702 2649 992 2701 sacerdotes
1034 2648 1344 2701 etmaneat
1389 2646 1526 2701 uiros
1579 2655 1631 2699 et
1683 2647 1946 2712 mulieres,

364 2731 422 2774 ut
459 2719 738 2774 luminaria
781 2717 849 2770 ad
891 2717 1134 2771 basilicas
1185 2719 1472 2784 deportant.
1522 2718 1589 2770 ιιι
1635 2717 1950 2773 sacerdotes

368 2797 711 2843 ammoneant
743 2787 886 2843 viros
916 2797 970 2840 et
995 2788 1246 2841 mulieres
1270 2827 1286 2850 ,
1319 2796 1377 2840 nt
1411 2788 1476 2839 ad
1509 2787 1760 2842 basilicas
1791 2787 1949 2841 Intui-

368 2860 518 2913 naria
542 2867 596 2913 et
623 2859 898 2912 incensum
924 2867 978 2911 et
1023 2858 1262 2912 bucellas
1300 2866 1356 2910 et
1376 2857 1645 2925 primitias
1693 2856 1944 2921 all'erant,

365 2931 506 2983 sicut
547 2929 806 2999 scriptum
854 2935 937 2981 est
972 2947 985 2980 :
1029 2927 1244 2983 Honora
1295 2926 1573 2999 Dominum
1619 2927 1684 2980 de
1711 2937 1796 2979 tua
1813 2929 1944 2999 sub-

366 3000 558 3052 stantia
577 3041 591 3059 ,
621 2995 673 3051 et
698 2997 762 3050 de
798 2999 1036 3062 primitiis
1073 3014 1254 3066 rugum
1281 3007 1482 3066 tuarum
1513 2995 1582 3050 da
1610 2995 1940 3066 pauperibus.

441 3053 676 3123 l95.‘Ut
705 3053 1032 3121 ammoneant
1059 3053 1324 3136 presbiteri
1370 3065 1586 3136 plebem,
1610 3053 1678 3120 ite
1703 3053 1759 3120 in
1780 3068 1941 3122 eccle-
1969 3053 2015 3114 ο

365 3141 445 3193 sia
477 3139 700 3193 contenti
715 3138 882 3191 inibns
909 3148 956 3190 et
987 3137 1372 3192 verbositatibus
1388 3137 1695 3191 deserviant.
1712 3136 1940 3192 Ammo-

367 3218 531 3262 urant
555 3209 836 3278 presbitvri
869 3209 1110 3277 plebem,
1159 3209 1294 3278 utin
1336 3207 1582 3262 ecclesiis
1641 3207 1938 3264 verbosare

368 3287 476 3332 non
502 3277 862 3346 praesumant,
883 3279 977 3332 sed
1004 3293 1125 3332 cum
1149 3277 1277 3331 llrtu
1306 3287 1360 3330 ct
1380 3279 1797 3346 contpunctiOne
1819 3292 1939 3330 cor-

364 3349 447 3401 dis
496 3349 586 3403 Dei
622 3349 910 3417 implorent
949 3349 1206 3401 auxilium
1265 3358 1368 3399 tam
1403 3363 1500 3415 pro
1541 3363 1620 3410 se,
1673 3362 1832 3414 quam
1888 3357 1944 3401 et

367 3419 626 3488 proximis
659 3419 788 3488 suis.
823 3420 887 3472 Et
926 3419 1142 3485 quando
1189 3418 1454 3488 presbiter
1497 3418 1770 3488 i-aelebrat
1807 3417 1940 3488 tuis~

365 3486 498 3548 sam,
523 3489 686 3542 corda
718 3487 929 3540 illorum
976 3486 1201 3549 semper
1234 3487 1302 3540 ad
1328 3487 1582 3540 θοοοιεειὶθ
1623 3486 1937 3540 adtendunt.

365 3557 662 3621 thuando
709 3557 967 3610 lectiones
1010 3565 1230 3610 sanctae
1275 3556 1360 3608 vel
1395 3557 1676 3623 euangelia
1715 3556 1880 3610 recita
1908 3572 1939 3610 a

364 3626 596 3688 fuerint,
628 3642 749 3679 cum
779 3626 994 3679 silentio
1037 3635 1094 3680 et
1135 3625 1330 3680 devota
1376 3638 1556 3681 mente
1605 3626 1808 3694 pariter
1844 3641 1938 3679 an.

362 3698 530 3761 diant,
555 3697 693 3750 sicut
741 3695 879 3750 Deus
903 3695 1038 3766 dixit
1079 3711 1176 3763 per
1203 3696 1417 3766 Moysen
1448 3713 1460 3748 :
1491 3696 1628 3749 Audi
1680 3694 1845 3766 Israel
1889 3703 1938 3749 et

366 3776 496 3820 tace.
533 3769 596 3818 lat
627 3765 928 3819 oblationes
951 3763 1178 3820 offerant
1198 3775 1253 3818 et
1281 3763 1685 3820 communicare
1715 3765 1934 3820 faciant.

440 3835 559 3890 l96.
605 3835 674 3892 Ut
715 3835 976 3904 presbiteri
1029 3835 1251 3888 sollicite
1292 3845 1488 3899 curent,
1511 3853 1575 3889 ne
1597 3836 1868 3889 inhonesta
1888 3845 1939 3889 et

362 3909 536 3975 turpia
587 3906 836 3976 quaelibet
863 3905 992 3973 ﬁant
1032 3907 1086 3958 in
1131 3907 1378 3960 ecclesiis.
1429 3908 1658 3970 Quando
1705 3905 1938 3974 pupulas

364 3979 432 4030 ad
472 3975 726 4031 ecclesias
753 3975 961 4028 venerit
1001 3987 1107 4028 tam
1157 3991 1252 4044 per
1280 3976 1397 4030 dies
1437 3976 1739 4030 dominicos
1772 3989 1935 4042 qoam

364 4057 420 4099 et
451 4063 546 4115 per
584 4045 956 4100 solenmitates
1001 4053 1334 4108 sanctoiuin,
1368 4044 1514 4099 aliud
1560 4060 1666 4099 non
1709 4045 1779 4098 illi
1811 4056 1937 4112 agat

366 4117 467 4170 nisi
514 4120 656 4185 quot
697 4115 760 4167 ad
795 4115 883 4167 Dei
918 4116 1154 4185 pertinet
1181 4117 1479 4169 servitium.
1515 4115 1633 4168 Illas
1679 4129 1808 4168 vero
1841 4118 1935 4169 ba-

363 4184 591 4239 lationes
605 4194 660 4238 et
680 4185 990 4238 saltationes
1016 4184 1331 4253 canticaque
1364 4185 1535 4253 turpia
1566 4201 1629 4238 ac
1660 4186 1933 4238 luxuriosa

361 4265 416 4309 et
455 4257 540 4308 illa
573 4256 686 4308 lusa
723 4256 743 4284 ’
770 4255 1031 4308 diabolica
1063 4269 1168 4306 non
1203 4255 1363 4308 faciat
1394 4272 1491 4308 nec
1523 4255 1575 4307 in
1609 4254 1799 4322 plateis
1831 4269 1934 4308 nec

362 4328 415 4378 in
443 4325 688 4378 domibus
741 4338 914 4391 neque
959 4325 1009 4375 in
1035 4324 1144 4376 ullo
1169 4324 1322 4377 loco:
1364 4325 1487 4393 quia
1517 4325 1648 4377 haec
1673 4326 1740 4377 de
1770 4339 1932 4392 pagav

2055 415 2381 469 sententiam
2421 414 2710 481 accipiant.

2127 483 2252 539 198.
2295 481 2362 536 Ut
2403 500 2496 550 pro
2551 483 2805 550 defunctis
2861 481 3145 534 amicorum
3184 491 3426 550 parentes
3465 499 3643 538 eorum

2055 556 2121 608 tri
2137 557 2262 611 iinla
2292 553 2397 605 dies
2425 551 2707 622 adimplere
2729 553 2952 622 faciant.
3007 551 3216 622 Fideles
3248 567 3345 621 pro
3372 553 3644 612 defunctis

2053 624 2347 676 amicorum
2375 631 2431 675 et
2467 621 2777 690 parentibus
2822 635 3010 674 eorum
3049 621 3245 675 ieiunia
3265 629 3319 674 et
3339 622 3644 680 oblationes

2055 695 2266 760 triginta
2289 691 2404 746 dies
2451 691 2748 760 adimplere
2776 691 2973 746 faciant
3001 729 3017 752 ,
3075 699 3438 762 et‘mortuum
3480 708 3643 762 super

2052 758 2327 832 moi-tuum
2354 776 2459 832 non
2491 758 2748 832 ponant,_
2772 775 2872 832 nec
2899 775 3023 832 ossa
3046 758 3438 832 defunctorum
3479 758 3644 832 super

2053 842 2250 886 terram
2282 829 2568 884 dimittant.
2601 829 2753 896 Quod
2795 829 2841 884 si
2891 829 3140 898 fecerint,
3173 832 3475 887 canonicae
3521 829 3645 889 sen-

2054 910 2075 955 t
2112 901 2256 954 ntiae
2281 901 2618 954 subiaceant.
3349 900 3353 904 ’

2122 971 2246 1026 199.
2286 969 2362 1022 De
2401 971 2499 1033 his,
2546 985 2672 1041 quos
2700 969 2968 1041 episcopus
2996 979 3096 1041 aut
3141 971 3382 1041 s_arerd.s
3429 988 3640 1029 excom-

2050 1043 2402 1101 municauer.'t,
2433 1056 2497 1093 ne
2525 1039 2611 1094 eas
2639 1039 2815 1107 ﬁdeles
2850 1039 3120 1108 recipiant.
3153 1039 3378 1104 Placuit,
3415 1050 3475 1095 ut
3507 1043 3637 1100 fide-

2053 1111 2131 1163 les
2165 1127 2281 1171 eos.
2315 1126 2450 1179 quos
2477 1111 2760 1178 episcopus
2789 1117 2881 1161 aut
2909 1111 3162 1163 Sacerdos
3191 1123 3415 1179 propter
3442 1126 3635 1168 eorum

2052 1190 2272 1248 pet-cata
2319 1178 2897 1242 excommunicaverit,
2956 1193 3061 1232 non
3117 1178 3414 1249 recipiant,
3467 1192 3634 1239 ante-

2050 1265 2211 1319 quam
2259 1251 2646 1318 poemtentiam
2701 1249 2968 1318 acipiant
3011 1256 3066 1304 et
3117 1248 3185 1302 ad
3233 1248 3640 1309 confessionem

2053 1321 2293 1374 Veniant.

2120 1389 2244 1444 200.
2293 1387 2362 1443 Ut
2389 1390 2559 1442 nullus
2589 1389 2838 1455 presbiter
2881 1405 3025 1442 suam
3066 1390 3335 1444 ecrlesiam
3380 1392 3494 1446 sine
3514 1409 3641 1447 con-

2052 1477 2205 1514 :ensn
2219 1461 2442 1529 episcopi
2468 1460 2545 1512 sui
2561 1460 2897 1530 derelinquat.
2923 1455 3307 1530 Cogupcllimur
3327 1471 3531 1515 statuta
3553 1479 3643 1517 ca-

2051 1546 2252 1584 nonum
2283 1537 2339 1583 et
2368 1531 2416 1582 in
2462 1531 2564 1584 hoc
2606 1543 2822 1583 servare
2846 1568 2860 1588 .
2891 1537 2949 1581 ut
2978 1529 3152 1583 nullus
3181 1532 3446 1598 presbiter
3472 1534 3646 1593 credi-

2052 1609 2161 1652 tam
2207 1599 2306 1653 sibi
2333 1599 2617 1653 ecclesiam
2652 1600 3062 1669 sinerconsmsu
3083 1599 3170 1669 sui
3210 1601 3450 1669 episcopi
3481 1602 3642 1659 dere-

531 1667 750 1751 peccata
778 1670 1326 1759 illornnuedirnant,
1357 1671 1494 1725 sicut
1520 1671 1781 1759 scriptum
1825 1680 1907 1724 est
1932 1688 1945 1724 :
1984 1700 2026 1759 Β
2055 1671 2264 1759 Ιίιιιιίιιξιι
2294 1667 2994 1759 p’t‘laicorum.suasione'pd
3023 1667 3470 1759 aliam-transeat.

2121 1739 2245 1794 £0l.
2290 1737 2358 1792 Ut
2383 1755 2536 1792 sacra
2573 1739 2802 1792 misteria
2831 1738 3001 1792 nullus
3031 1737 3279 1807 presbiter
3304 1742 3407 1794 nisi
3437 1743 3495 1794 in
3526 1742 3640 1798 loco

2053 1817 2348 1880 consecrato
2378 1817 2519 1880 agat.
2569 1809 2636 1880 Ut
2667 1809 2843 1862 nullus
2885 1809 3146 1880 presbiter
3189 1823 3344 1864 sacra
3370 1810 3498 1864 mist
3533 1814 3642 1877 ria,

2055 1879 2156 1933 nisi
2187 1879 2239 1932 in
2271 1877 2514 1934 locis'ab
2541 1879 2799 1948 episcopo
2829 1879 3154 1934 consecratis
3178 1919 3194 1944 ,
3235 1893 3397 1948 agere
3427 1897 3644 1949 praesu-

2054 1958 2185 2003 mat.

2125 2017 2250 2072 202.
2292 2015 2378 2072 Ne
2399 2017 2540 2072 aliud
2585 2019 2750 2073 altare
2795 2019 2851 2072 in
2899 2017 3113 2071 ecclesia
3143 2031 3487 2086 consecrata,
3540 2025 3644 2078 nisi

2051 2089 2189 2152 quod
2234 2090 2298 2142 ab
2327 2105 2367 2153 el
2392 2089 2564 2156 isropo
2611 2100 2962 2144 consecratam
3000 2098 3114 2150 est,
3149 2089 3351 2159 _aliqnis
3387 2096 3643 2159 presbiter

2053 2161 2235 2226 erigat.
2271 2159 2362 2229 _Ut
2414 2159 2590 2213 nullus
2637 2159 2904 2229 presbiter
2938 2157 3275 2229 ‘iuierclesia
3322 2157 3641 2218 consecrata

2053 2229 2197 2282 aliud
2236 2227 2404 2283 altare
2451 2226 2655 2295 erigat,
2688 2230 2786 2286 nisi
2809 2226 2950 2298 quod
2978 2228 3044 2280 ab
3065 2228 3320 2298 episcopo
3338 2234 3642 2288 sanctifica-

2054 2305 2163 2356 tum
2185 2307 2288 2365 cst,
2321 2306 2381 2353 ut
2399 2298 2470 2354 sit
2490 2298 2746 2356 discretio
2765 2300 2904 2353 inter
2931 2307 3198 2352 sacratum
3221 2311 3277 2354 et
3321 2314 3430 2356 non
3460 2319 3616 2359 sacra

2059 2377 2192 2422 tum.

2120 2437 2244 2494 203.
2289 2439 2358 2494 Ut
2393 2439 2661 2508 episcopus
2683 2480 2698 2504 ,
2747 2440 2993 2507 presbiter
3018 2451 3068 2494 et
3106 2441 3358 2494 diaconus
3403 2457 3508 2495 non
3541 2444 3642 2496 iiut

2050 2507 2305 2565 aleatores
2327 2519 2376 2564 et
2391 2507 2596 2564 ebriati.
2626 2509 2779 2574 Quod
2815 2511 3120 2579 episcopus,
3150 2511 3416 2580 presbiter
3444 2521 3502 2567 et
3528 2514 3640 2566 dia-

2051 2592 2218 2636 conus
2241 2581 2448 2636 aleator
2481 2587 2538 2636 et
2575 2581 2758 2636 ebrius
2807 2593 2926 2634 esse
2975 2596 3080 2636 nan
3130 2581 3338 2636 delicat.
3382 2582 3642 2640 similiter

2049 2648 2235 2704 clerici
2262 2664 2317 2706 et
2349 2650 2494 2716 laici,
2523 2648 2568 2704 si
2601 2653 2992 2719 permanserint
3021 2652 3072 2708 in
3093 2649 3229 2718 alea,
3257 2653 3644 2710 commonione

2052 2729 2348 2786 thVentul'.

2119 2786 2242 2842 201.
2275 2789 2345 2844 Ut
2367 2806 2516 2844 nemo
2544 2789 2846 2846 clericorum
2873 2807 3056 2845 usuras
3095 2792 3333 2856 accipiat.
3369 2789 3638 2858 Quoniam

2050 2860 2339 2930 venerandi
2369 2875 2605 2914 canones
2633 2869 2688 2914 et
2711 2859 2890 2916 divina
2923 2861 3171 2930 prohibet
3197 2877 3266 2916 au
3302 2866 3496 2917 toritas
3516 2880 3640 2919 usu-

2049 2942 2138 2983 ras
2165 2929 2433 2998 accipere,
2466 2930 2587 2984 ideo
2613 2930 2791 2986 nullus
2811 2929 3251 2987 lioc’clericorum
3276 2931 3456 2986 facere
3481 2949 3636 2999 prae-

2047 3006 2259 3123 gntana‘t,
2289 3009 2350 3056 et
2391 2999 2444 3055 in
2471 3007 2730 3069 quantum
2761 3003 3066 3070 potuerint,
3113 3001 3259 3057 laicis
3289 3011 3479 3058 vetare
3523 3014 3639 3058 stu-

2084 3084 2115 3123 e
2155 3085 2186 3122 n
2220 3108 2232 3122 .

2084 3082 2147 3123 ea
2155 3079 2232 3122 [ιι.

2112 3137 2347 3213 2058M
2381 3139 2518 3213 diem
2544 3140 2856 3213 dominicum
2877 3179 2892 3204 ,
2922 3142 2985 3196 'in
3021 3159 3122 3213 quo
3164 3142 3420 3198 Dominus
3463 3160 3636 3213 resur-

2039 3208 2193 3270 rexit,
2233 3212 2406 3264 cuncti
2449 3211 2808 3264 venerabiliter
2835 3208 3045 3266 cola'nt.‘
3082 3213 3289 3267 Placuit
3312 3253 3325 3273 ,
3369 3224 3428 3266 ut
3451 3212 3640 3270 fideles

2040 3277 2180 3348 diem
2207 3280 2556 3342 dominicum,
2594 3281 2645 3333 in
2675 3297 2783 3348 quo
2809 3280 3067 3336 Dominus
3096 3285 3431 3348 resurrexit,
3464 3299 3627 3340 vene-

2040 3347 2344 3420 rabiliter‘
2385 3349 2588 3420 eolaat.
2621 3347 2751 3403 Nam
2792 3351 2837 3406 si
2891 3353 3082 3420 pagani
3111 3353 3182 3407 ob
3226 3353 3547 3408 memoriam
3587 3364 3639 3407 et

2040 3419 2397 3489 reverentiam
2443 3418 2668 3474 deorum
2700 3418 2917 3475 suorum
2948 3418 3208 3489 quosdam
3261 3424 3377 3476 «cies
3426 3428 3632 3484 uolunt.

2039 3496 2095 3542 et
2123 3487 2299 3543 Iudaei
2345 3504 2496 3543 more
2537 3491 2738 3545 carnali
2788 3487 3065 3546 sabbatum
3113 3491 3400 3547 carnaliter
3447 3496 3634 3547 obser-

2038 3567 2185 3628 vant,
2232 3570 2434 3624 quanto
2481 3561 2650 3628 magis
2701 3559 3004 3615 chriSIiani~
3032 3562 3131 3616 iste
3160 3562 3274 3615 dim
3330 3564 3633 3617 honorifice

2037 3627 2293 3682 colemlus
2319 3639 2435 3690 est,
2483 3645 2551 3683 ne
2581 3627 2633 3684 in
2669 3631 2759 3685 illo
2801 3639 2992 3683 sancto
3017 3631 3104 3686 die
3133 3633 3279 3684 vanis
3307 3631 3507 3686 fabulis
3537 3643 3629 3686 aut

2043 3695 2405 3752 locationibus
2454 3699 2568 3752 sive
2613 3699 3007 3756 cantationibus
3065 3701 3147 3756 vel
3211 3702 3628 3764 saltationibus.

2034 3767 2226 3839 stando
2257 3768 2493 3839 inbiviis
2533 3782 2587 3823 et
2615 3771 2821 3839 plateis.
2851 3779 2909 3824 ut
2945 3771 3112 3836 solet,
3167 3771 3487 3828 inserviant.
3522 3772 3630 3826 Sed

2037 3835 2102 3888 ad
2143 3838 2481 3912 sacerdotem
2507 3835 2628 3892 aut'
2651 3839 2993 3912 a-.l__:iliq_uem
3020 3843 3404 3912 sapientemet
3424 3841 3627 3895 bonum

2035 3906 2252 3984 veniant
2277 3917 2332 3960 et
2355 3922 2544 3984 eorum
2575 3906 3063 3984 praedicationibus
3083 3906 3161 3965 ἐι
3209 3911 3360 3964 boni-
3394 3911 3628 3984 lo_cutio-

2034 3975 2210 4047 nibus,
2257 3991 2396 4045 quae
2443 3978 2508 4031 ad
2535 3975 2766 4032 animam
2817 3983 3125 4047 pertinent,
3157 3989 3399 4035 utantur.
3435 3979 3504 4035 Et
3534 3983 3626 4035 illo

2036 4045 2125 4118 die
2154 4061 2246 4099 seu
2287 4048 2512 4101 sabbato
2538 4049 2605 4104 ad
2639 4045 2888 4118 vesper-as
2914 4057 2970 4102 et
2997 4051 3060 4103 ad
3091 4053 3381 4104 tuntntinas
3410 4054 3533 4104 sive
3562 4052 3626 4102 ad

2034 4117 2251 4170 missam
2302 4132 2424 4170 cum
2474 4132 2661 4190 eorum
2712 4117 3088 4183 oblationibus,
3148 4121 3191 4173 si
3243 4122 3352 4175 neri
3413 4131 3625 4190 pote-1.

2033 4199 2222 4239 omnes
2248 4190 2489 4240 canendo
2519 4187 2644 4241 kirie
2669 4190 2877 4251 eleison,
2911 4190 3145 4255 veniant,
3174 4199 3229 4243 et
3253 4187 3510 4243 eundoet
3539 4205 3626 4243 re-

2033 4255 2248 4310 denmlo
2276 4257 2403 4308 lu'rie
2423 4257 2616 4310 eleison
2643 4258 2950 4312 decantent.
2987 4257 3243 4313 Similiter
3270 4269 3326 4314 et
3374 4269 3626 4327 pastores

2036 4339 2292 4397 pecorum
2319 4333 2526 4397 _eumto
2572 4337 2627 4380 et
2655 4329 2930 4383 redeundo
2959 4329 3010 4381 in
3054 4345 3300 4397 ca.npum
3328 4339 3380 4382 et
3412 4332 3479 4382 ad
3529 4333 3625 4380 du-

363 4410 552 4448 norum
591 4394 973 4448 consuetudine
1003 4404 1395 4447 remanserunt.
1437 4393 1500 4446 Et
1527 4399 1616 4462 qui
1647 4394 1668 4424 ³
1717 4394 1833 4464 ipsa
1856 4396 1932 4448 fe-
1965 4398 2010 4451 ο
2038 4409 2181 4464 muni
2233 4395 2462 4455 faciant.
2515 4404 2572 4449 ut
2599 4412 2786 4450 omnes
2813 4413 2908 4451 eos
2934 4393 3196 4453 veraciter
3223 4398 3546 4453 christianos
3569 4407 3626 4452 et

362 4465 518 4524 cerit,
549 4465 859 4518 canonicam
885 4464 1208 4515 sententiam
1245 4465 1490 4527 accipiat.

432 4531 555 4586 197.
595 4530 679 4584 Ne
711 4535 763 4583 in
791 4539 1104 4606 mortuorum
1144 4532 1403 4606 [uultibus
1442 4533 1933 4606 inatarpaganornm

359 4604 514 4656 ritum
542 4612 746 4670 agatur.
776 4601 1177 4654 Admoneantnr
1205 4601 1413 4665 fideles,
1456 4601 1518 4655 ut
1543 4605 1607 4654 ad
1635 4618 1760 4655 suos
1785 4618 1932 4655 mor-

361 4683 482 4726 tuos
508 4687 612 4724 non
660 4679 818 4738 agant
847 4685 930 4732 ea,
959 4685 1098 4737 quae
1135 4672 1202 4723 de
1224 4684 1324 4738 pag
1345 4686 1552 4724 .norum
1595 4673 1698 4724 ritu
1727 4687 1932 4726 reman-

359 4749 562 4796 seruiit.
585 4741 690 4795 Sed
723 4740 1081 4807 unusquisque
1109 4741 1301 4794 devota
1349 4751 1529 4794 mente
1555 4750 1610 4793 et
1635 4753 1756 4794 cum
1808 4757 1934 4794 con-

361 4813 654 4880 punctione
685 4811 865 4864 cordis
888 4822 985 4880 pro
1015 4809 1131 4863 eius
1158 4813 1334 4862 anima
1370 4809 1463 4865 Dei
1503 4810 1926 4866 misericordiam

359 4879 626 4948 imploret.
664 4883 729 4932 Et
754 4879 968 4948 quando
993 4894 1087 4933 eos
1108 4880 1172 4932 ad
1202 4880 1535 4947 sepulturam
1569 4882 1924 4949 portaverint,

357 4954 506 5005 illmn
563 4951 816 5004 ululatum
869 4949 1139 5004 excelsum
1193 4966 1298 5003 non
1354 4951 1587 5017 faciant;
1641 4953 1735 5005 sed
1792 4953 1933 5005 sicut

353 5022 602 5088 superius
655 5021 920 5082 diximus,
961 5021 1153 5072 devota
1201 5030 1376 5073 tuente
1415 5030 1470 5074 et
1517 5037 1638 5075 cum
1685 5037 1930 5091 conpun-

355 5092 538 5144 ctione
581 5091 777 5153 cordis,
830 5091 880 5142 iu
928 5098 1186 5157 quantum
1229 5105 1442 5144 sensum
1473 5092 1778 5152 habuerint,
1835 5105 1934 5160 pro

356 5175 474 5212 eius
510 5162 682 5213 anitna
713 5161 1000 5228 implorare
1034 5163 1122 5213 Dei
1156 5161 1584 5214 misericOrdiam
1623 5159 1845 5215 faciant.
1870 5159 1935 5213 Et

358 5231 451 5291 illi,
483 5230 815 5298 quipsalmos
845 5246 950 5282 non
983 5239 1184 5292 tenent,
1214 5231 1426 5284 excelsa
1447 5246 1600 5295 voce,
1639 5233 1783 5284 liirte
1810 5233 1934 5284 elei-

351 5313 472 5364 son,
513 5299 710 5353 Christe
738 5301 948 5364 eleison,
979 5300 1105 5352 viris
1131 5301 1466 5354 incoantibus
1512 5301 1930 5368 mulieribusque

355 5371 657 5440 respondeo
688 5369 804 5422 ibus
843 5371 950 5421 alta
977 5383 1109 5422 voce
1157 5384 1354 5440 canere
1393 5371 1642 5424 studeant
1673 5386 1771 5440 pro
1812 5373 1931 5423 eius

353 5439 553 5490 annua.
589 5441 654 5492 Et
683 5453 843 5508 super
868 5452 1054 5491 eorum
1085 5438 1318 5496 tumulos
1350 5455 1450 5494 nec
1475 5438 1802 5494 manducare
1829 5454 1928 5492 nec

2035 4462 2260 4533 devotos
2287 4480 2406 4518 esse
2430 4477 2779 4533 cognoscant.

2103 4532 2227 4607 296.
2253 4533 2328 4585 De
2354 4532 2754 4607 reconcilialidis
2774 4537 3167 4607 poenitentibas.
3197 4537 3331 4604 Quia
3359 4553 3491 4592 vera
3525 4551 3623 4589 ne-

2033 4603 2289 4657 cessitate
2318 4606 2694 4672 praepedimnr
2739 4603 3004 4661 canonum
3035 4603 3234 4661 statuta
3263 4609 3332 4661 de
3372 4623 3521 4661 recoi
3544 4607 3623 4660 cio

2035 4673 2226 4745 liamlis
2272 4674 2670 4745 poenitentibus
2695 4676 2920 4744 pleniter
2969 4677 3254 4730 observare
3281 4719 3294 4742 ,
3329 4685 3555 4745 propter
3589 4692 3621 4728 ει

2033 4743 2254 4820 pinnino
2308 4758 2414 4820 non
2451 4743 2785 4820 dimittatur,
2819 4754 2890 4820 Διιι
2940 4749 3303 4820 unusquisque
3333 4743 3627 4820 presbiter

2034 4812 2268 4884 iussione
2289 4813 2525 4884 episcopi
2575 4819 2643 4870 de
2679 4817 2903 4870 occultis
2948 4812 3176 4883 tantum,
3205 4812 3330 4884 quia
3353 4812 3424 4870 (te
3451 4817 3623 4868 inani-

2034 4879 2183 4936 festis
2235 4879 2518 4952 episcopos
2562 4901 2776 4952 semper
2803 4887 3055 4939 convenit
3101 4879 3372 4950 indi-are,
3434 4886 3618 4938 statim

2037 4961 2152 5016 post
2180 4962 2455 5020 acceptam
2475 4955 2829 5008 confessionis
2851 4956 3197 5024 penitentiam
3226 4957 3468 5022 singulos
3491 4958 3617 5008 data

2033 5023 2278 5075 oratione
2307 5025 2660 5078 reconciliari.
2695 5023 3045 5079 Morientibus
3074 5041 3205 5080 vero
3243 5026 3360 5080 sine
3391 5034 3612 5080 cuncta-

2037 5093 2179 5143 tnine
2200 5093 2506 5147 communio
2535 5103 2589 5146 et
2627 5095 2992 5148 reconciliatio
3021 5097 3356 5156 praebeatur.

2105 5160 2250 5233 207._
2273 5160 2410 5233 Quot
2451 5165 2554 5215 sint
2602 5165 2709 5216 dies
2765 5167 3143 5233 puri/.cationis
3187 5167 3443 5219 mulieris.
3477 5163 3608 5216 Cum

2036 5230 2194 5303 enixa
2226 5230 2384 5284 fuerit
2422 5233 2630 5295 mulier,
2663 5230 2782 5303 post
2810 5247 2940 5300 qu0t
2967 5236 3081 5289 dies
3103 5237 3208 5288 deb
3231 5245 3298 5288 at
3322 5234 3611 5288 ecclesiam

2039 5300 2258 5363 intrare,
2293 5304 2594 5356 testamenti
2627 5300 2826 5356 veteris
2873 5307 3246 5373 praeceptiooe
3297 5306 3606 5373 didicimus.

2037 5379 2092 5440 ιιι
2122 5385 2226 5440 pro
2247 5377 2482 5425 masculo
2527 5373 2714 5427 diebus
2743 5373 2831 5435 ‘55,
2862 5389 2958 5440 pro
2989 5372 3184 5428 letuina
3215 5384 3398 5428 autem
3427 5372 3497 5425 66
3519 5374 3609 5422 de-

2034 5437 2158 5491 beat
2183 5439 2474 5495 abstincre.
2527 5460 2546 5494 ι
2593 5442 2746 5509 Quod
2774 5437 2971 5507 tamen,
2994 5453 3050 5498 ut
3070 5445 3144 5498 ait
3169 5455 3388 5499 sanctus
3413 5442 3608 5509 Grego-

1558 5553 1952 5610 VARIANTES
1990 5551 2392 5608 LECTIONES.

429 5663 444 5692 ³
475 5664 610 5714 deest
640 5661 703 5715 (ἔ.
778 5665 796 5693 ¹
819 5671 877 5718 et
895 5663 1048 5720 illusa
1079 5663 1142 5718 (ἶ.

1225 5665 1244 5697 ³
1281 5680 1403 5722 cum
1431 5665 1546 5721 Bal.
1624 5665 1647 5698 ⁸
1685 5682 1873 5722 omnes
1901 5684 1949 5721 v.
1983 5665 2100 5725 Bal.
