4002 6146
291 257 386 311 ΤΠ
775 256 923 311 COD.
970 256 1234 310 Dll‘l.0.\l.
1263 286 1329 295 —
1359 255 1710 311 BI'INEDIC'I'I
1748 257 1861 313 CM

1966 259 2259 315 ULARIUM
2288 258 2396 313 COI
2424 258 2681 315 Li'Iﬂl'l’lU.
2716 292 2781 299 -—-
2809 260 2931 315 LIB.
2960 261 3020 315 II.

3409 266 3510 323 773

288 385 436 427 suum
467 369 733 423 notarium
786 368 1038 422 habeant.
1073 367 1123 422 ι.
1176 367 1250 421 De
1294 367 1521 421 caeteris
1567 368 1856 436 disciplinis
1887 389 1923 434 Α
1960 371 2161 423 Imbcut.
2196 370 2268 424 De
2297 380 2562 424 armatura
2597 374 2644 423 in
2671 373 2930 434 exercitu,
2963 373 3099 426 sicut
3140 386 3294 430 antea
3328 376 3378 429 in
3411 379 3514 430 alio

284 441 569 504 ecclesiae,
613 448 668 489 ut
693 437 984 490 secundum
1034 453 1269 491 canones
1292 437 1373 489 vel
1421 437 1655 505 regulam
1704 442 1851 491 tiant.

280 510 334 563 5.
387 509 461 562 De
491 507 792 560 medicinali
821 515 956 571 arte,
999 515 1055 559 ut
1086 507 1314 560 infantes
1342 507 1705 571 liancdiscere
1736 509 1857 560 tuit-

281 589 485 632 tantur.
532 576 587 629 6.
642 576 714 629 De
743 569 985 628 ecclesiis
1004 575 1119 629 sine
1146 569 1706 628 ltonoretnanentibtis
1736 580 1856 630 abs-

281 663 386 715 que
417 645 609 699 officiis
649 654 705 715 et
747 644 1135 715 luminaribus;
1176 652 1231 696 et
1261 643 1327 697 de
1371 642 1452 715 his
1492 646 1582 711 qui
1622 644 1774 715 decio
1799 660 1858 715 as

284 712 564 769 assumunt
579 723 635 768 et
650 713 717 767 de
732 713 974 766 ecclesiis
990 729 1093 766 non
1118 721 1326 776 curant,
1347 722 1403 765 ut
1417 712 1519 766 hoc
1540 714 1859 769 tunnimodis

284 788 630 847 errremletur;
672 792 725 836 et
750 783 816 837 de
845 782 1123 844 altaribus.
1152 793 1335 835 utnon
1359 781 1632 850 superﬂua
1653 784 1759 837 sint
1804 784 1857 837 in

285 854 549 906 eet-.lesiis.

352 921 481 973 257.
519 920 594 974 De
635 920 780 973 lnicis
808 919 895 989 qui
926 921 1122 973 naviter
1141 926 1258 972 sunt
1300 919 1547 973 conversi.
1591 920 1665 975 De
1713 920 1860 975 laicis

284 992 501 1043 noviter
524 990 816 1051 conversis,
842 1004 930 1055 ne,
955 996 1242 1057 antequam
1265 1003 1412 1041 suam
1439 990 1607 1055 legem
1632 990 1861 1058 pleniter

288 1060 520 1112 vivendo
551 1061 774 1120 discant,
804 1058 867 1109 ad
899 1058 1003 1110 alia
1027 1058 1547 1125 negotiamittantur

283 1162 303 1178 μ
354 1126 486 1180 9.58.
520 1127 584 1181 Ut
613 1130 808 1180 scribae
837 1126 970 1195 [also
1000 1124 1111 1179 non,
1134 1124 1382 1180 scribant.
1438 1126 1510 1180 De
1540 1126 1749 1191 scribis,
1803 1135 1862 1181 ut

285 1213 393 1251 non
426 1198 615 1250 vitiose
637 1198 896 1249 scribant.

356 1264 484 1318 259.
531 1266 597 1318 (ﬁt
630 1272 895 1329 computus
921 1264 1172 1317 discatur.
1203 1262 1278 1317 Ite
1310 1273 1587 1333 cornpoto,
1628 1272 1684 1318 ut
1713 1279 1861 1319 vera-

284 1336 424 1390 citer
454 1337 468 1365 ¹
497 1335 704 1388 discant
736 1348 944 1386 omnes.

357 1403 483 1455 261).
512 1402 591 1456 De
612 1402 1079 1469 derelinquentitus
1119 1401 1344 1454 seculum
1370 1412 1577 1471 propter
1605 1405 1864 1456 servitum

288 1473 406 1526 Dei.
439 1472 511 1525 De
534 1473 615 1526 his
634 1472 726 1540 qui
752 1472 989 1524 seculum
1018 1470 1321 1540 relinquunt
1353 1470 1569 1539 propter
1587 1487 1659 1525 sei
1678 1474 1750 1524 vit
1775 1489 1861 1525 um

286 1542 876 1611 inpediendumettuuc
899 1548 1143 1592 neutrum
1163 1539 1382 1611 faciunt,
1412 1550 1467 1591 ut
1491 1556 1649 1611 unum
1680 1557 1710 1595 e
1731 1551 1864 1594 «tuo-

284 1607 387 1665 bus
417 1612 654 1678 eligant,
702 1618 793 1678 aut
824 1607 1367 1678 plemtersecundum
1410 1610 1721 1663 canonicam
1771 1618 1866 1663 aut

282 1676 578 1735 secundum
602 1677 813 1745 regulae
842 1677 1227 1732 institutionem
1249 1676 1450 1742 vivant,
1469 1685 1561 1730 aut
1586 1679 1861 1733 servitium

283 1749 618 1803 dominicum
645 1747 861 1800 faciant.

356 1818 485 1871 26L
512 1815 580 1870 Ut
608 1818 737 1870 serui
768 1831 880 1884 pro;
900 1814 966 1867 rii
994 1829 1096 1867 non
1118 1815 1401 1884 laudantur
1423 1815 1734 1869 relancillue
1754 1833 1857 1871 non

283 1890 305 1917 ²
337 1887 569 1939 celentur
594 1887 696 1937 nisi
746 1883 815 1935 ad
844 1899 1156 1936 mensuram.
1194 1883 1266 1937 De
1304 1885 1473 1937 servis
1501 1885 1729 1952 propriis
1779 1887 1863 1940 vel

283 1957 521 2017 ancillis,
552 1962 613 2008 ut
634 1970 736 2007 non
777 1954 1006 2020 amplius
1054 1953 1344 2005 tondantur
1373 1955 1453 2005 vel
1485 1955 1733 2007 velentur
1762 1956 1862 2008 nisi

282 2025 585 2078 secundum
614 2037 939 2076 mensuram.
969 2022 1035 2074 Et
1057 2032 1112 2075 ut
1134 2021 1205 2075 ibi
1233 2022 1478 2089 satisliat,
1502 2031 1558 2078 et
1578 2024 1734 2078 vdae
1757 2040 1863 2078 non

283 2094 402 2147 sint
431 2092 729 2146 desolatae.

359 2160 487 2214 262.
522 2160 588 2215 Ut
614 2162 901 2231 superﬂuae
930 2159 1684 2231 congregationesnullatenus
1708 2162 1860 2231 ﬁant.

288 2233 367 2286 De
381 2230 880 2299 congregationibus
892 2230 1198 2299 super-ﬂuis,
1214 2238 1269 2282 ut
1283 2229 1582 2283 nullatenus
1598 2229 1724 2283 tlant
1743 2249 1757 2295 ;
1773 2231 1865 2285 sed

284 2310 471 2355 tantos
499 2307 788 2368 congreget
812 2298 1196 2367 unusquisque,
1212 2304 1424 2367 quantis
1435 2299 1712 2354 consilium
1739 2304 1866 2355 dare

325 2378 493 2424 otest.

286 2387 493 2442 powsr.

360 2440 488 2493 263.
524 2437 599 2491 De
628 2438 706 2491 Itis
742 2437 827 2506 qui
864 2436 1138 2489 secundum
1168 2437 1395 2506 regulam
1443 2452 1543 2489 non
1573 2437 1862 2506 pulsantur.

287 2508 369 2562 De
405 2509 487 2562 his
531 2507 621 2576 qui
669 2523 773 2560 non
800 2505 933 2559 iiunt
976 2506 1267 2560 secundum
1295 2506 1530 2574 regulam
1559 2505 1779 2576 pulsati,
1812 2518 1868 2561 ut

284 2576 911 2647 deincepseaendetiir.

362 2641 503 2701 εϋιξ
521 2644 588 2700 Ut
610 2644 894 2713 infantulae
916 2660 1019 2697 non
1051 2643 1298 2715 vitentur.
1326 2641 1395 2698 Ut
1424 2641 1715 2715 infantulae
1745 2660 1868 2715 par-

286 2732 396 2770 vae
419 2717 611 2769 aetatis
642 2715 978 2783 portlaenon
1004 2713 1267 2775 Vcletttur,
1299 2721 1586 2782 antequam
1621 2713 1866 2770 illae'eli-

284 2800 424 2856 gere
440 2782 772 2856 sciamquod
796 2782 979 2843 velint,
1012 2788 1159 2856 salva
1183 2782 1442 2856 canonica
1473 2783 1814 2856 auctoritate.

361 2852 491 2909 265.
529 2853 603 2906 De
627 2851 791 2913 laicis,
821 2861 875 2903 ut
902 2867 1001 2904 non
1029 2851 1133 2903 siut
1161 2852 1437 2921 praepositi
1477 2853 1863 2908 monac/torum.

288 2924 366 2980 Ut
388 2925 506 2976 laici
530 2938 633 2977 non
655 2922 759 2975 sint
782 2920 1071 2991 praepositi
1104 2920 1487 2991 incnaclrorum
1519 2921 1653 2973 infra
1678 2936 1866 2976 mona-

285 2994 541 3056 sterium,
575 3007 671 3046 nec
699 2989 1064 3043 archidiaconi
1096 2991 1201 3043 sint
1229 2989 1372 3042 laici.

1959 440 2238 511 capitulari
2265 441 2653 511 mandavimus,
2684 442 2752 493 ita
2780 452 3020 511 sertclur
3074 442 3129 495 Iit
3157 443 3371 511 insuper
3398 464 3514 498 om-

1957 509 2038 560 nis
2061 510 2220 561 lromo
2249 507 2312 579 ile
2356 509 2639 562 duodecim
2672 510 2869 562 muusis
2899 512 3140 563 luruniam
3171 507 3380 565 habent.
3414 514 3554 579 Qui‘

1957 592 2084 647 vero
2113 576 2353 647 bruniam
2383 580 2584 630 habt-ns
2615 595 2731 630 t-am
2769 594 2951 632 secum
2975 597 3077 633 ι.υιι
3106 580 3337 647 duxerit,
3357 576 3517 638 omne

1957 646 2274 716 beneficium
2298 661 2419 699 cum
2454 647 2642 716 bruuia
2671 648 2877 716 perdat.

2025 713 2148 768 275.
2208 715 2280 767 De
2321 713 2717 783 negoiatoribns
2757 719 2838 780 qui
2866 726 3039 781 partes
3087 716 3391 774 Sclavorum
3446 724 3519 776 rel

1957 785 2178 836 aliarum
2207 785 2430 855 gentium
2462 803 2493 848 ιι
2522 787 2715 839 ter'nt.
2767 788 2838 839 De
2882 787 3305 853 negotiatoribus
3333 791 3423 855 qui
3454 793 3519 845 ad

1959 854 2482 925 partes_ScI:ivoritrri
2512 866 2571 925 et,
2604 855 2896 908 Avarorom
2924 865 3191 925 pergunt,
3244 854 3523 925 quousque

1961 922 2251 994 procedere
2281 921 2533 994 debeant,
2563 924 2575 974 i
2600 934 2611 973 ι
2643 934 2744 994 est,
2799 923 3035 994 partibus
3057 921 3325 977 Saxoniae
3359 921 3524 994 usque

1959 989 2381 1063 adllardenwic,
2417 992 2502 1063 ulti
2532 989 2835 1063 praevideat
2864 991 3031 1063 Ilerti,
3075 1001 3132 1045 tl.
3156 995 3241 1063 ad
3284 989 3450 1049 Ccsla'
3480 998 3523 1063 ³,

1962 1059 2048 1112 ubi
2073 1059 2449 1125 Madalgaudus
2481 1061 2498 1089 ³
2534 1059 2865 1127 praevideat;
2888 1061 2951 1113 ad
2984 1061 3167 1126 Magad
3203 1062 3349 1123 burc,
3374 1087 3385 1128 ι
3408 1059 3525 1118 τηυξ

1960 1129 2138 1199 videat
2168 1129 2292 1199 Atto
2312 1129 2369 1199 _‘;
2404 1128 2470 1182 ad
2493 1128 2863 1199 Ilerpliesfurt,
2887 1131 3195 1199 praevidcat
3222 1131 3525 1199 illatlalgau-

1960 1196 2092 1259 dus;
2125 1205 2179 1251 et
2208 1198 2273 1250 ad
2294 1197 2586 1266 Alagastat,
2615 1197 2859 1266 similiter
2892 1196 2958 1250 ad
2988 1197 3280 1252 Foracliem
3332 1202 3352 1230 ⁸⁵
3381 1196 3435 1255 et
3461 1206 3525 1256 ad

1964 1266 2313 1335 llreliembret
2351 1269 2368 1297 ⁷
2403 1265 2466 1319 ιιι
2490 1267 2557 1320 ad
2611 1265 2990 1333 Rageneslmrc
3019 1268 3039 1297 ⁸
3077 1269 3384 1335 praevidtat
3434 1274 3522 1325 υι-

1964 1334 2142 1397 tulfus,
2176 1334 2241 1387 ad
2272 1335 2613 1390 Lavariocam
2648 1336 2975 1399 Warnarim,
3006 1334 3248 1390 rt’aruia
3296 1348 3350 1392 ιι
3397 1340 3515 1394 bru-

1963 1404 2078 1456 nias
2106 1420 2209 1457 non
2240 1404 2437 1457 ducant
2465 1404 2530 1456 ad
2562 1405 2914 1459 vendendum.
2949 1406 3098 1471 Quod
3124 1405 3166 1457 si
3196 1406 3392 1461 IIIVi'IIlI
3419 1416 3527 1463 tue-

1965 1473 2069 1525 rint
2093 1481 2388 1540 portantes,
2421 1488 2634 1526 onmem
2672 1474 3020 1526 substantiam
3054 1491 3240 1528 eorum
3283 1478 3529 1532 auferant

1964 1541 2029 1594 ab
2061 1541 2167 1604 eis;
2219 1542 2342 1594 dimi
2386 1543 2432 1611 ia
2476 1542 2709 1611 quiem
2738 1558 2858 1609 iars
2904 1560 2967 1611 pa
3005 1543 3143 1597 tibus
3179 1546 3380 1611 palatii,
3426 1549 3529 1602 alia

1966 1623 2106 1730 ὃςῑῆ
2123 1611 2381 1665 medietas
2412 1610 2550 1664 inter
2578 1610 2851 1665 iamdictos
2899 1610 3088 1666 missos
3129 1610 3189 1665 et
3224 1613 3529 1671 inremotus

2004 1691 2087 1730 Wlt
2113 1690 2251 1730 alur.

2004 1690 2251 1733 Wltltlllll‘.

2036 1746 2158 1800 ⁸171.
2188 1746 2252 1817 Ut
2284 1745 2537 1800 cautedici
2566 1748 2648 1817 qui
2688 1748 3014 1817 adquiescere
3041 1749 3313 1815 noluerint,
3360 1754 3529 1805 reclu-

1967 1814 2176 1868 dantur.
2201 1815 2274 1870 De
2305 1814 2682 1870 clamatoribus
2705 1814 2788 1869 vel
2810 1818 3120 1881 causedii-is,
3144 1819 3233 1885 Qui
3267 1814 3366 1873 nec
3394 1822 3531 1875 iudi-

1966 1885 2105 1954 cium
2135 1886 2473 1939 scabis.orum
2514 1886 2580 1937 ad
2604 1886 2858 1950 ,uiescere
2888 1901 2987 1940 nec
3023 1887 3393 1954 blasphemare
3436 1906 3531 1944 vo-

1969 1952 2098 2015 lunt,
2124 1964 2339 2023 antiqua
2379 1956 2711 2008 (orisuezudo
2742 1965 3003 2020 serietur,
3043 1955 3093 2009 id
3123 1952 3205 2009 est
3236 1967 3290 2010 ut
3313 1959 3367 2011 in
3407 1974 3531 2013 cus-

1969 2023 2166 2075 todiant
2200 2024 2538 2077 rccludantur
2561 2024 2731 2077 donec
2763 2039 2921 2076 unum
2945 2038 2976 2077 e
2997 2025 3202 2078 duobus
3232 2026 3447 2081 faciant.
3467 2028 3532 2082 Et

1966 2091 2007 2144 si
2029 2093 2093 2143 ad
2126 2093 2378 2160 palatium
2404 2108 2500 2160 pro
2542 2092 2641 2145 hac
2665 2108 2719 2145 re
2764 2092 3174 2147 reclamaverint
3221 2102 3276 2148 ct
3324 2096 3528 2151 litteras

1966 2160 2273 2229 detulerint,
2308 2177 2413 2214 non
2434 2160 2645 2229 quidem
2677 2161 2754 2213 eis
2779 2161 3047 2226 credatur,
3084 2179 3181 2217 nec
3207 2170 3332 2218 tunc
3356 2175 3532 2221 tamen

1967 2228 2019 2303 in
2050 2245 2318 2303 caicerem
2349 2230 2646 2303 inittaniur,
2676 2230 2771 2283 sed
2795 2245 2913 2284 cum
2943 2240 3094 2303 casto
3115 2233 3178 2283 lia
3201 2241 3388 2303 etcum
3407 2238 3532 2303 ipsis

1968 2297 2155 2351 litteris
2176 2314 2270 2352 eos
2299 2296 2362 2350 ad
2394 2298 2643 2367 pala'ium
2676 2307 2914 2352 nostrum
2942 2301 3211 2357 remittant
3241 2310 3294 2354 et
3321 2302 3392 2356 ibi
3421 2296 3530 2358 ins-

1966 2369 2255 2432 culiautur,
2285 2368 2420 2421 sicut
2448 2367 2661 2434 dignum
2688 2376 2787 2421 cst.

2196 2435 2271 2488 De
2299 2448 2614 2509 ntrant_er_t.'o,
2644 2445 2698 2487 ut
2727 2436 2864 2509 nulli
2898 2436 3046 2494 alteri
3075 2438 3173 2509 nisi
3199 2441 3407 2509 proprio
3450 2457 3533 2496 se-

1967 2504 2099 2556 niori
2130 2507 2402 2558 iuranunti
2437 2505 2661 2573 ﬁdelitas
2700 2507 3050 2574 promittatur.
3092 2507 3167 2560 De
3200 2504 3528 2573 Viuiarncntn,

1970 2583 2025 2645 ut
2053 2575 2140 2645 nul
2168 2575 2356 2645 ialtesi
2388 2589 2436 2643 pi
2456 2590 2483 2645 r
2506 2584 2897 2645 sacramentum
2931 2575 3156 2629 fidelitas
3186 2578 3531 2645 promittatur

1968 2643 2065 2695 nisi
2116 2644 2267 2698 nobis
2294 2651 2350 2697 et
2377 2643 2590 2710 unicuiq
2618 2662 2661 2696 .e
2690 2644 2908 2712 proprio
2934 2645 3128 2697 seniori
3155 2643 3220 2698 ad
3245 2646 3528 2704 utilitatem

1968 2719 2202 2785 nostram
2230 2721 2284 2766 ct
2304 2714 2393 2785 sui
2413 2712 2632 2785 seniori~
2650 2713 3015 2785 ;_exeep_toltis
3027 2716 3372 2785 sacramentis
3392 2732 3531 2785 quae

1968 2780 2101 2834 iuste
2121 2781 2409 2835 secundum
2441 2782 2611 2847 legem
2640 2782 2792 2835 alteri
2822 2780 2889 2835 ab
2918 2785 3087 2836 altero
3128 2780 3425 2839 debentur:
3464 2787 3531 2841 Et

1975 2849 2225 2910 infantes,
2254 2851 2344 2917 qui
2372 2859 2530 2903 antea
2555 2866 2661 2905 non
2691 2860 2974 2918 potuerunt
3004 2860 3221 2919 propter
3248 2855 3531 2910 iuvenilem

1968 2927 2199 2987 aetatem
2233 2919 2427 2983 iurare,
2450 2919 2608 2972 modo
2639 2921 2945 2971 tidelitatem
2978 2929 3309 2987 pronnttant.

2039 2985 2162 3061 276.
2195 2989 2267 3061 Ue
2292 2989 2387 3047 tis,
2439 2988 2531 3061 qti
2551 2985 2990 3061 conspirationem
3012 2990 3248 3061 [@erint,
3289 3002 3342 3041 ut
3370 2993 3534 3061 tripli-

365 3061 493 3114 266.
530 3053 612 3115 ὐι
652 3061 922 3113 incestuo.~.i
967 3059 1207 3112 canonice
1251 3059 1625 3112 examinentur.
1664 3059 1738 3113 De
1788 3060 1865 3114 in-
1895 3053 1940 3115 C
1973 3056 2100 3109 citer
2145 3057 2252 3108 iutli
2285 3053 2460 3109 cntur.
2495 3053 2929 3123 ConSpiratimics
2978 3053 3298 3126 quicumque
3360 3053 3537 3115 facere

286 3132 583 3196 cestuosis,
612 3139 669 3182 ut
692 3129 949 3184 canonice
980 3129 1373 3191 examinentur,
1406 3143 1504 3181 nec
1535 3130 1866 3196 propterali-

289 3204 453 3257 cuius
489 3199 777 3253 amicitiam
829 3197 1047 3265 quidam
1097 3203 1425 3260 relaxentur,
1471 3197 1685 3265 quidam
1736 3214 1867 3253 con-

287 3272 646 3333 stringantur.

367 3339 493 3391 S67.
538 3337 617 3390 De
646 3338 723 3389 Itis
752 3335 836 3405 qui
865 3352 954 3403 per
996 3334 1205 3403 aliquod
1252 3334 1414 3387 scelus
1453 3334 1666 3387 rebelles
1708 3336 1861 3404 ﬁunt.

294 3408 372 3463 Ut
402 3409 518 3478 paci
550 3421 737 3478 omnes
781 3405 1061 3468 studeant;
1087 3413 1142 3458 et
1189 3405 1278 3471 qui
1311 3419 1407 3472 pro
1442 3405 1620 3473 aliquo
1663 3410 1866 3460 δαείω-θ

289 3477 653 3535 sibirebelles
681 3484 823 3528 sunt.
849 3478 1300 3539 constringamur.

370 3544 496 3598 268.
531 3544 605 3597 De
632 3543 841 3597 iustitiis
861 3544 1188 3612 ecclesiarum
1218 3539 1356 3612 θείη
1384 3541 1581 3611 trp/tun
1618 3557 1749 3612 rum,
1777 3560 1866 3612 pu-

291 3618 545 3685 pillorum
574 3630 634 3666 ac
655 3613 945 3667 viduarum.
977 3610 1594 3685 lustitiae__cccle51arum
1627 3610 1865 3685 Dei,‘_‘vi-

294 3678 557 3748 durum,
606 3685 967 3751 orphanorum
1018 3689 1074 3732 et
1106 3678 1425 3751 pUpillorum
1470 3681 1596 3751 etin
1638 3681 1864 3750 publicis

294 3754 510 3808 iudiciis
542 3768 647 3805 nou
675 3749 1053 3818 despiciantur
1086 3749 1402 3815 clamantes,
1449 3750 1542 3803 sed
1587 3749 1867 3817 diligenter

293 3823 607 3876 audiantur.

368 3891 495 3943 269.
536 3889 614 3942 De
652 3888 859 3941 iustiliis
888 3886 1186 3957 gregalibus.

300 3960 549 4029 plen:_ter_
567 3956 1013 4029 inquisitaeiiaut.

367 4027 494 4080 $70.
524 4026 602 4080 [te
634 4021 768 4096 fame
790 4024 1068 4096 ueLreteris
1089 4023 1518 4096 tribulationibus.
1569 4021 1625 4076 Si
1649 4025 1866 4096 venerit

295 4097 493 4160 fartres,
516 4092 714 4162 clades,
746 4104 837 4147 aut
868 4094 1216 4160 inaequalitas
1244 4094 1383 4147 aeris
1428 4093 1508 4146 vel
1538 4092 1864 4160 qualiscum-

296 4180 409 4234 que
453 4164 743 4227 tribulatio,
777 4177 882 4215 non
914 4173 1225 4234 expectetur
1259 4163 1492 4234 edictum
1519 4162 1860 4234 dgminicum,

296 4229 397 4290 sed
428 4235 610 4288 statim
640 4229 995 4299 depraecetur
1018 4229 1112 4284 Dei
1141 4231 1524 4285 misericordia.
1542 4230 1605 4282 Et
1634 4230 1685 4283 in
1710 4245 1863 4298 prac-

296 4305 443 4358 senti
474 4318 616 4356 anno
637 4302 703 4355 de
739 4300 894 4353 fatuis
924 4299 1122 4367 impia.
1159 4309 1215 4353 ut
1246 4314 1380 4352 unus
1401 4301 1608 4366 ,uisque
1650 4301 1863 4354 adiuvet

299 4381 463 4435 prout
503 4379 702 4440 potest,
745 4379 809 4440 et
856 4383 1013 4421 nemo
1056 4383 1205 4440 suam
1236 4383 1498 4421 annonam
1543 4369 1698 4440 niniis
1741 4383 1864 4440 care

298 4436 523 4496 venith
560 4439 623 4491 Et
644 4455 712 4492 ne
739 4436 868 4492 loris
889 4437 1166 4505 imperium
1210 4446 1450 4491 uestrum
1474 4438 1735 4492 vendatur
1765 4439 1863 4491 a.i-

296 4509 429 4580 quid
453 4510 758 4580 alimoniae.

370 4579 500 4633 27L
531 4578 598 4632 Ut
625 4593 771 4629 arma
798 4576 939 4646 infra
964 4577 1183 4644 patriam
1225 4591 1327 4628 non
1356 4584 1642 4644 portentur.
1679 4575 1751 4629 De
1778 4591 1867 4630 ar-

294 4651 404 4701 mis
432 4648 570 4701 infra
611 4645 988 4712 patriam'non
1029 4646 1324 4712 portandis,
1358 4645 1409 4698 id
1456 4654 1539 4697 est
1578 4648 1762 4710 scutis,
1815 4654 1871 4700 et

301 4664 404 4701 mts
432 4664 570 4701 lllll'a
645 4664 836 4698 atrtam
883 4664 988 4697 11011
1030 4664 1324 4712 ροιίειιιιιιδ,
1358 4664 1409 4698 ιιι
1456 4664 1539 4697 Cal.
1578 4664 1762 4710 SCUUS,
1815 4664 1867 4700 οι

301 4719 513 4771 lanceis
537 4664 641 4770 vel)
671 4715 869 4768 loricis.
900 4716 955 4767 Si
982 4713 1215 4767 faidosus
1260 4716 1377 4782 quis
1422 4714 1511 4777 sit,
1548 4713 1867 4768 discutiatur

300 4795 453 4849 tunc,
486 4787 606 4854 quis
636 4804 664 4835 e
693 4784 900 4837 duobus
921 4784 1219 4836 contrarius
1245 4786 1315 4835 sit
1339 4801 1351 4847 ;
1380 4792 1433 4835 et
1457 4793 1513 4836 ut
1536 4784 1707 4854 pacati
1736 4785 1864 4851 sint,

298 4853 736 4921 coostringantur
763 4856 829 4905 ad
877 4865 1079 4920 pacem,
1122 4854 1340 4921 etiamsi
1388 4853 1676 4905 noluerint.
1710 4855 1773 4905 lit
1816 4871 1859 4907 ει

300 4926 463 4976 aliter
491 4920 768 4992 paCilicare
797 4922 1008 4992 nolunt,
1030 4920 1359 4992 adducantur
1378 4923 1428 4974 in
1452 4930 1684 4975 nostram
1708 4936 1861 4990 prae-

302 4990 558 5047 sentiain.
608 4991 671 5043 Et
702 4993 746 5044 si
787 4990 979 5059 aliquis
1005 4998 1127 5057 post
1169 4990 1592 5059 pacificationem
1635 4992 1859 5045 alterum

304 5062 586 5125 occiderit,
616 5069 905 5127 componat
924 5058 1071 5128 illum
1093 5068 1148 5112 et
1173 5075 1408 5121 manum,
1438 5075 1593 5127 quam
1624 5061 1860 5128 periura-

303 5134 401 5194 vit,
428 5134 625 5198 absque
651 5128 755 5181 ulla
787 5127 1151 5198 redemptione
1189 5129 1376 5196 perdat
1399 5138 1451 5181 et
1481 5127 1698 5195 insuper
1725 5132 1855 5182 ban-

305 5193 436 5252 num
465 5193 790 5251 dominicum
812 5193 1004 5251 solvat.
1052 5193 1114 5246 Et
1139 5193 1202 5249 utw
1215 5198 1351 5251 servi
1376 5198 1586 5250 lanceas
1605 5193 1719 5251 ton
1740 5213 1858 5264 por-

307 5277 441 5321 tent.
464 5269 562 5332 Qui
593 5270 835 5321 inventus
862 5266 1017 5318 fuerit
1039 5274 1159 5319 post
1178 5266 1432 5330 bannum,
1460 5275 1573 5318 asta
1593 5267 1863 5334 frangatur

310 5356 363 5389 ι.ι
394 5339 555 5393 dorso
574 5338 710 5390 eius.

380 5405 500 5457 97:2.
536 5404 602 5458 Ut
632 5405 797 5458 omnis
816 5403 965 5456 homo
994 5404 1058 5455 tle
1085 5403 1350 5456 duodecim
1379 5404 1572 5456 mansis
1626 5404 1858 5458 bruniam

1270 3885 1338 3940 Ut
1388 3886 1619 3940 iustitiae
1660 3886 1867 3955 regales

1975 3129 2420 3196 praesumpserint
2440 3132 2500 3196 et
2520 3134 2869 3196 sacramento,
2887 3140 3223 3196 (piceumque
3253 3130 3530 3196 conspira-

1968 3194 2166 3264 tionem
2191 3193 2532 3255 ﬁrmaverint,
2559 3194 2750 3264 triplici
2774 3195 2979 3248 ratione
2997 3195 3311 3248 iudicentur.
3336 3193 3533 3264 Primo,

1968 3270 2026 3315 ut
2056 3263 2373 3334 ubicumque
2402 3262 2615 3334 aliquod
2648 3262 2843 3334 malum
2871 3273 3094 3334 propter
3130 3268 3229 3318 hoc
3260 3262 3537 3334 perpetra;

1970 3341 2077 3384 tum
2100 3332 2276 3395 fuertt,
2296 3341 2543 3386 auctores
2568 3332 2684 3384 facti
2709 3333 2834 3385 inter
2851 3332 3123 3397 liciantur;
3153 3332 3426 3390 adiatorcs
3447 3353 3537 3391 ve-

1965 3415 2026 3453 ro
2055 3416 2238 3454 eorum
2255 3401 2447 3469 singuli
2474 3400 2610 3454 alter
2639 3402 2705 3455 ab
2736 3401 2905 3455 altero
2933 3397 3266 3468 llagelleutur
3300 3413 3353 3455 et
3379 3421 3532 3461 nares

1966 3468 2065 3522 sibi
2098 3471 2320 3524 inv.cem
2352 3468 2702 3543 praecitant.‘
2726 3469 2836 3543 _Ubi
2860 3486 2994 3543 vero
3021 3472 3154 3543 nihil
3173 3473 3294 3524 mali
3339 3489 3419 3539 per
3435 3490 3532 3543 pe-

1968 3547 2161 3609 tratum
2205 3549 2308 3605 est,
2352 3540 2595 3609 similiter
2616 3538 2829 3609 quidem
2855 3541 2993 3593 inter
3024 3554 3081 3593 se
3124 3538 3458 3609 tlagellentur
3478 3556 3533 3598 et

1965 3608 2187 3674 capillos
2223 3609 2320 3662 sibi
2347 3607 2568 3677 inxicem
2591 3607 2907 3661 denudant.
2940 3608 2992 3662 Si
3022 3622 3146 3662 vero
3171 3607 3264 3677 per
3285 3616 3534 3667 dexteras

1966 3677 2139 3746 aliqua
2162 3678 2487 3746 conspiratio
2538 3676 2743 3730 firmata
2786 3677 2963 3742 fuerit,
2994 3679 3038 3731 si
3069 3676 3221 3731 liberi
3254 3695 3400 3744 sum,
3441 3694 3536 3736 aut

1965 3745 2140 3815 iurent
2175 3745 2532 3800 cumideueis
2571 3746 2913 3810 iuratoribus,
2954 3748 3097 3814 quod
3137 3747 3238 3802 hoc
3272 3764 3365 3815 pro
3393 3761 3532 3805 niato

1966 3829 2071 3867 non
2100 3814 2381 3879 fecissent;
2432 3824 2523 3868 aut
2562 3815 2605 3871 si
2637 3815 2740 3869 hoc
2766 3816 2942 3870 facere
2991 3832 3095 3869 non
3128 3814 3416 3884 potuerint,
3446 3838 3534 3874 se«

1964 3885 2202 3953 eundum
2233 3887 2401 3951 lt-gem
2428 3899 2574 3936 suam
2611 3894 2951 3951 componant.
2979 3887 3032 3938 Si
3064 3900 3189 3938 Vct'u
3218 3889 3354 3940 servi
3387 3902 3530 3953 sunt,

1964 3950 2330 4018 ﬂagellentur’;
2363 3964 2415 4006 ut
2436 3955 2502 4005 de
2539 3950 2754 4005 caetero
2780 3952 2832 4004 in
2861 3968 3025 4021 regno
3054 3962 3236 4008 nostro
3266 3958 3407 4010 nulla
3435 3950 3533 4011 Ιιιιὲ

1964 4021 2254 4074 iuscentodi
2299 4022 2625 4089 cospiratio
2660 4036 2756 4089 per
2794 4030 3185 4076 sacramentum
3212 4039 3384 4090 neque
3412 4029 3529 4079 :ine

1963 4099 2298 4143 sacramento
2330 4090 2436 4141 Iial.

2032 4156 2158 4232 277.
2180 4157 2258 4211 De
2284 4158 2543 4229 periuriis,
2598 4168 2652 4209 ut
2697 4169 2990 4232 caueantur.
3041 4156 3423 4232 Praecipimus,
3474 4172 3532 4217 ut

1963 4228 2194 4294 periuria
2224 4236 2531 4294 ca-eautur,
2582 4242 2681 4281 nec
2708 4228 3055 4281 admittuntur
3087 4228 3247 4284 testes
3291 4231 3354 4282 ad
3384 4230 3528 4285 inra—

1965 4304 2201 4349 mentum
2229 4310 2512 4365 antequam
2553 4299 2924 4349 discutiantur.
2961 4301 3023 4349 lit
3052 4298 3095 4352 si
3144 4301 3298 4353 aliter
3335 4299 3528 4355 d.scuti

1973 4382 2075 4436 non
2109 4375 2347 4434 possunt,
2380 4375 2694 4436 separentur
2722 4368 2788 4418 ab
2822 4367 3048 4421 invicem
3094 4378 3148 4420 et
3190 4370 3482 4436 singulariti
3504 4386 3529 4424 r

1972 4434 2323 4506 inquiruntur.
2358 4436 2420 4488 Et
2445 4450 2548 4488 non
2582 4435 2738 4506 liceat
2761 4446 3100 4506 accusatores
3144 4434 3305 4492 testes
3332 4438 3529 4506 eligere

1973 4503 2191 4557 absente
2217 4519 2314 4557 suo
2343 4513 2640 4558 CDUrBIttl'e.
2671 4503 2968 4559 Etcumino
2996 4505 3169 4559 nullus
3199 4509 3294 4560 nisi
3322 4503 3532 4561 ieiunus

1971 4575 2035 4624 ad
2063 4573 2417 4627 iuramentum
2452 4573 2532 4625 vel
2573 4574 2638 4625 ad
2679 4574 3035 4627 testimonium
3087 4577 3415 4631 admittatur.
3463 4576 3530 4630 Et

1970 4642 2080 4708 ille,
2108 4644 2199 4711 qui
2227 4642 2292 4695 ad
2324 4642 2682 4713 teslilttoniurn
2710 4643 3009 4707 adducitur,
3059 4646 3101 4713 si
3130 4650 3409 4711 refutatur,
3443 4645 3526 4698 di-

1968 4722 2056 4764 cat
2076 4714 2163 4765 itle
2191 4713 2280 4779 qui
2318 4726 2438 4781 eum
2477 4711 2689 4777 refutat,
2714 4720 2767 4765 et
2795 4714 2987 4780 probet
3015 4711 3181 4781 quare
3210 4717 3526 4769 illum'reci-

1969 4795 2095 4849 pere
2125 4781 2274 4834 IIUlil.
2310 4780 2376 4833 Et
2411 4781 2475 4834 de
2526 4781 2641 4847 ipso
2666 4795 2818 4849 pago,
2864 4796 2969 4835 non
3009 4780 3076 4836 de
3120 4785 3312 4850 altero,
3363 4793 3526 4837 testes

1966 4850 2251 4917 eligantur,
2301 4851 2398 4903 nisi
2429 4852 2566 4920 [orte
2596 4851 2799 4920 longius
2829 4862 2978 4904 extra
3021 4856 3330 4907 comitatum
3362 4868 3525 4905 causa

1965 4920 2034 4971 sit
2064 4923 2394 4991 inquirenda.
2426 4918 2493 4972 Et
2522 4919 2565 4971 si
2595 4918 2713 4991 quis
2746 4923 3025 4974 convictus
3073 4921 3230 4976 fuerit
3278 4922 3522 4991 periurii,

1964 4989 2149 5057 perdat
2179 5004 2389 5057 manum
2418 4997 2507 5039 aut
2532 4990 2774 5042 redimat.

2034 5056 2158 5110 278.
2187 5056 2253 5111 Ut
2276 5058 2595 5123 ricedontini,
2626 5057 2863 5110 advoc..ti
2885 5065 2932 5109 et
2955 5059 3232 5111 centenarii
3258 5058 3401 5127 praui
3430 5074 3523 5111 au-

1965 5128 2218 5196 ferantur.
2249 5128 2321 5181 De
2367 5127 2657 5196 advocatis,
2691 5127 3050 5196 Vicedominis,
3083 5128 3313 5192 \icariis,
3338 5140 3522 5182 cente-

1963 5195 2128 5250 nariis
2152 5197 2348 5264 pravis,
2391 5204 2445 5248 ut
2476 5195 2752 5259 tollantur,
2775 5206 2828 5247 et
2867 5195 2999 5247 tales
3037 5196 3300 5261 eligantur
3333 5198 3422 5264 qui
3468 5208 3523 5252 et

1967 5278 2138 5319 sciant
2166 5275 2221 5319 et
2250 5269 2414 5318 vetuit
2440 5266 2799 5317 inStecausam
2820 5264 2898 5315 dis
2931 5280 3118 5318 eruere
3142 5275 3196 5317 et
3218 5270 3523 5321 terminare.

1969 5334 2033 5391 lit
2062 5337 2301 5402 qui~quis
2331 5348 2524 5403 pravus
2547 5332 2791 5386 inventas
2822 5332 2999 5399 fuerit,
3041 5335 3196 5389 nobis
3237 5351 3336 5406 pro
3374 5348 3525 5391 certo

1966 5415 2264 5459 ιιιιιιιιθιιιτ.

1512 5516 1892 5573 VARIANTES
1928 5514 2325 5572 LECTIONES.
2798 5550 2809 5567 ι

388 5607 495 5678 Ἀὰθ
527 5626 577 5664 c.
609 5623 661 5661 v.
696 5608 842 5661 illum
870 5607 923 5662 d.
954 5607 1070 5678 Bal.
1144 5606 1163 5636 ²
1190 5606 1276 5678 vel
1298 5604 1359 5659 (ἰ.
1429 5605 1655 5678 jCcslic
1687 5606 1798 5661 But.
1879 5609 1900 5639 ’⁵
1929 5606 2284 5678 Madegaudus
2317 5606 2433 5664 Βιι..
2519 5608 2540 5639 ³
2572 5604 2696 5663 Otto
2720 5606 2782 5663 (ἱ.
2861 5609 2880 5638 ⁸
2913 5607 3177 5665 Forlicern
3210 5610 3272 5663 (λ.
3347 5613 3363 5642 ⁷
3398 5621 3452 5666 ct
3480 5623 3529 5667 in

315 5675 384 5730 ad
412 5676 779 5734 ltereliembret
808 5678 871 5731 (ἐ.
946 5679 966 5707 ⁸
996 5676 1395 5741 Gragenesburc
1419 5672 1481 5728 ϐ.

592 5769 862 5827 ΡΑτιιυι.
915 5761 1160 5825 XCVII.

2949 5769 3026 5826 27.3
