4002 6146
496 254 597 308 779

1407 248 1465 301 Β.
1508 249 1756 304 CAROLI
1797 248 2006 304 MAGNI
2045 246 2192 302 OPP.
2235 247 2412 302 PARS
2448 245 2487 303 ἰ.
2529 247 2767 304 SECTIO
2803 249 2842 303 l.

3641 256 3738 312 780

567 372 693 426 279.
727 371 1031 439 1.⁹ιαηιῑφια
1061 368 1256 421 teloneo
1291 376 1354 439 et
1399 370 1531 420 insta
1577 368 1854 438 exigantur
1883 384 1934 439 a
1972 384 2063 420 ne-
2097 368 2140 426 Α
2169 367 2403 439 legitime
2430 370 2767 439 exigebatur,
2795 365 3131 439 Volumusut
3172 368 3304 439 inde
3346 368 3592 425 solvatur
3629 373 3741 430 sive

496 442 852 513 gotiatoribus,
885 436 1014 513 nova
1041 453 1158 491 vero
1199 446 1246 513 et
1283 438 1474 513 iniustn
1503 436 1838 506 repellantur.
1880 436 2066 513 Placet

498 505 653 565 nobis
679 513 772 574 ita,
806 518 862 561 ut
890 510 1105 575 antiqua
1142 513 1196 558 et
1225 505 1374 572 iusta,
1408 505 1616 560 telonea
1655 521 1683 558 a
1711 505 2066 575 negotiatori—

496 581 598 635 bus
630 573 1046 647 exiganturtam
1074 575 1140 629 de
1171 575 1632 647 pontiluus,_quam
1664 573 1811 647 etde
1839 574 2065 647 navigiis

494 665 590 703 seu
622 643 891 702 mefcatis.
921 643 1067 698 Nova
1095 643 1224 698 vero
1257 645 1370 698 sive
1400 643 1615 706 iniusta,
1647 644 1733 696 ubi
1785 644 1867 697 vel
1913 643 2066 710 funes

499 719 788 771 tenduntur
815 713 900 769 vel
946 729 1064 766 cum
1121 714 1342 767 navibus
1385 713 1484 766 sub
1511 712 1764 781 pontibus
1812 713 2068 768 transitur

493 801 587 839 seu
611 786 692 838 his
713 783 924 844 similia,
954 783 1006 837 in
1036 783 1229 852 quibus
1257 782 1455 836 nullum
1478 783 1796 852 adiutorium
1825 781 2068 852 iteranti-

446 849 451 858 ’
495 855 594 907 bus
617 862 939 922 praestatur,
970 861 1029 906 ut
1053 849 1159 906 non
1185 851 1945 922 exigantur.Similiteretiam
1970 864 2068 904 nec

495 922 564 977 de
607 920 691 977 his
720 924 809 990 qui
832 923 947 976 sine
985 921 1287 990 negotiandi
1315 935 1476 974 causa
1505 920 1866 990 substantiam
1913 933 2065 990 suam

493 993 562 1044 de
591 1008 693 1046 una
720 987 880 1046 domo
907 1006 1000 1045 sua
1031 987 1096 1044 ad
1129 991 1286 1043 aliam
1342 997 1430 1043 aut
1467 989 1532 1042 ad
1571 988 1826 1058 palatium
1873 997 1976 1058 aut
2013 987 2066 1041 in

496 1062 794 1130 exercitum
825 1062 1044 1114 ducunt.
1071 1059 1124 1113 Si
1164 1058 1289 1130 quid
1331 1074 1460 1130 vero
1501 1056 1661 1113 fuerit
1691 1059 1831 1130 unde
1859 1056 2069 1130 dubite-

499 1139 604 1196 tur,
638 1130 702 1183 ad
729 1125 1248 1199 placitumgnostru'm
1271 1169 1286 1192 ,
1310 1127 1453 1195 quod
1500 1143 1623 1183 cum
1659 1126 1834 1183 missis
1870 1125 2068 1180 nostris

501 1197 742 1254 habituri
756 1214 961 1264 sumus,
983 1197 1363 1264 interrogetur.

567 1267 694 1322 “.80.
740 1267 819 1322 De
845 1263 1068 1338 fitgi'ivis
1103 1263 1303 1338 clericis
1332 1275 1379 1338 et
1409 1266 1555 1320 laicis
1585 1265 1715 1320 illud
1758 1263 2069 1338 sternendum

495 1347 590 1402 est,
615 1339 751 1406 quod
778 1343 830 1390 in
845 1332 1130 1406 capitulari
1149 1337 1402 1406 dominico
1426 1338 1735 1406 continetur.
1771 1333 1845 1406 De
1887 1332 2070 1406 fugiti-

495 1401 584 1461 vis
605 1401 814 1461 clericis
834 1401 947 1460 sive
974 1406 1144 1473 laiciS,
1170 1404 1254 1458 vel
1282 1407 1444 1458 etiam
1475 1404 1689 1459 feminis
1719 1445 1736 1470 ,
1778 1405 1916 1458 sicut
1961 1401 2069 1456 iam

497 1479 549 1532 in
575 1477 680 1530 alio
709 1476 989 1544 capitulari
1013 1487 1196 1529 nostro
1218 1474 1605 1544 praecepimus,
1629 1473 1702 1527 ita
1732 1480 1996 1544 servetur.

564 1545 691 1599 28L
745 1541 818 1598 De
847 1546 926 1598 his
965 1547 1050 1614 qui
1079 1544 1267 1614 aerei
1297 1541 1554 1614 servitium
1585 1546 1760 1614 colunt
1778 1541 2068 1614 “accedere,

494 1625 549 1668 ut
576 1616 764 1684 absque
787 1609 994 1684 licentia
1023 1613 1185 1684 regali
1228 1629 1329 1666 non
1356 1613 1411 1684 id
1438 1621 1629 1684 agunt,
1655 1609 1918 1684 quiﬁbert'
1959 1611 2070 1664 exi-

2169 435 2241 490 de
2266 436 2477 504 propria
2501 451 2726 504 persona
2756 435 2987 490 hominis
3015 437 3128 490 sive
3155 437 3222 489 d.-
3250 439 3427 492 rebus.

2235 505 2358 559 287.
2395 503 2532 568 Quid
2555 506 2617 556 de
2643 505 2923 560 latronibus
2945 507 3199 575 agendum
3227 509 3313 561 sit.
3342 509 3415 564 De
3443 507 3742 566 latronibus

2164 575 2302 656 sicut
2341 575 2442 628 iam
2486 583 2611 629 ante
2640 577 2692 629 in
2746 575 2852 629 alio
2901 575 3182 644 capitulari
3225 577 3740 645 commendaviums,

2166 652 2240 698 ita
2273 652 2506 697 maneat.

2233 711 2356 784 288.
2402 711 2536 784 Quid
2562 713 2636 784 de
2661 712 2764 784 illis
2793 714 2878 784 qui
2921 730 3108 784 uxores
3149 715 3335 768 habent
3358 717 3650 784 ﬁscalinas,
3680 723 3746 774 sit

2165 781 2557 852 agendumaDe
2587 781 2766 836 liberis
2803 783 3108 838 hominibus
3147 785 3234 849 qui
3269 781 3464 840 uxores
3493 788 3562 840 de
3607 789 3743 844 εἰδοῖς

2165 850 2432 921 regalibus
2456 850 2673 921 habent,
2712 861 2760 904 et
2798 852 2866 906 de
2896 853 3108 907 feminis
3142 869 3280 921 quae
3310 856 3509 910 liberae
3538 867 3665 911 sunt
3691 868 3745 912 et

2166 919 2411 975 hmnines
2436 919 2681 973 similiter
2725 921 2990 976 ﬁscalinos
3021 919 3196 990 regios
3229 924 3331 976 Itub
3367 935 3425 976 nt
3463 935 3560 978 aut
3599 930 3741 980 acci-

2168 990 2315 1058 piunt
2345 1004 2361 1042 :
2395 995 2451 1042 ut
2480 1004 2579 1058 nec
2608 990 2673 1044 de
2703 990 3001 1044 hereditate
3040 1000 3321 1058 parentum
3364 995 3446 1047 vel
3487 995 3556 1047 de
3585 1011 3743 1050 causa

2166 1057 2260 1112 sua
2288 1057 2595 1128 quaerenda
2619 1073 2717 1112 nec
2744 1058 2812 1113 de
2841 1057 3150 1116 testimonio
3173 1076 3271 1128 pro
3292 1062 3391 1115 hac
3420 1078 3480 1118 re
3505 1065 3743 1117 abiciun-

2167 1125 2411 1198 tur;i'sed
2443 1128 2562 1180 talis
2603 1128 2852 1198 nobisin
2903 1128 3004 1184 hac
3051 1125 3211 1185 causa
3260 1131 3434 1185 honor
3479 1143 3743 1198 servetur,

2167 1197 2339 1271 qualis
2361 1204 2414 1250 et
2453 1197 2887 1251 antecessoribus
2926 1200 3122 1271 nostris
3152 1199 3364 1268 regibus
3395 1200 3476 1255 vel
3509 1197 3742 1271 impeiaé

2167 1266 2376 1319 toribus
2399 1273 2640 1318 servatus
2661 1280 2780 1320 esse
2808 1266 3170 1330 cognoscitur.

2236 1333 2360 1389 289.
2404 1333 2482 1388 De
2521 1333 2664 1389 libris
2712 1337 3004 1399 canonicis,
3051 1347 3107 1390 ut
3153 1339 3399 1392 veraciter
3442 1338 3741 1394 habeantur.

2169 1402 2438 1478 Volumus
2455 1404 2814 1478 et__|ta_‘mi_ssis
2843 1405 3039 1478 nostris
3080 1407 3347 1478 mandare
3363 1410 3741 1478 praecipimus,

2170 1481 2228 1544 ut
2256 1472 2570 1544 inecclesiis
2599 1471 2718 1544 libri
2747 1474 2990 1544 canonici
3018 1489 3232 1544 veraces
3264 1471 3590 1544 habeantur,
3613 1471 3746 1534 sicut

2169 1541 2273 1610 iam
2306 1542 2359 1594 in
2389 1542 2494 1610 alio
2518 1541 2797 1609 capitulari
2826 1544 3005 1610 sepius
3035 1543 3422 1599 mandavimus.

2241 1609 2365 1666 290.
2402 1609 2478 1664 De
2505 1611 2682 1677 laicis,
2713 1619 2768 1664 ut
2791 1609 3073 1666 orationem
3120 1614 3429 1667 dominicam
3457 1616 3745 1670 utem'riter

494 1696 655 1770 stunt.
682 1676 866 1770 Liberi
888 1676 1184 1765 homines,
1214 1682 1400 1770 qui‘ad
1436 1676 1712 1770 servitium
1745 1680 1836 1734 Dei
1849 1689 2067 1770 rseotra:
2102 1709 2148 1770 Β
2175 1682 2394 1770 discant.
2429 1679 2495 1770 lit
2522 1680 2642 1770 laici
2671 1676 2962 1770 'sli‘mbo‘lum
2993 1691 3047 1736 et
3089 1684 3388 1770 orationem
3403 1683 3742 1770 dominicam

495 1755 626 1806 dere
654 1752 858 1816 volunt,
889 1753 1248 1820 praecipimus
1279 1760 1338 1804 ut
1381 1751 1530 1820 prius
1555 1751 1659 1804 hoc
1701 1765 1806 1820 non
1849 1748 2068 1820 faciant,

497 1836 656 1886 quam
672 1834 713 1900 _a
747 1818 905 1874 nobis
929 1821 1195 1900 licentiam
1225 1818 1532 1900 postulent;
1567 1833 1686 1900 nam
1706 1818 1833 1900 quia
1867 1818 2072 1872 audivi-

499 1906 618 1943 mus
638 1891 846 1960 aliquos
875 1904 942 1944 ex
970 1890 1075 1960 illis
1105 1905 1209 1960 non
1237 1897 1344 1942 tam
1375 1903 1532 1943 cau=a
1563 1888 2069 1960 devotion_is,quam

497 1956 792 2014 exercitum
821 1962 935 2014 sive
977 1959 1133 2014 aliam
1162 1957 1486 2012 functionem
1519 1957 1750 2024 regalem
1798 1956 2070 2026 fugiendo,

499 2029 757 2096 quosdam
783 2043 911 2083 vero
941 2029 1252 2098 cupiditatis
1289 2041 1448 2082 causa
1483 2027 1550 2080 ab
1579 2027 1662 2098 his
1687 2027 1790 2098 qui
1819 2042 1907 2081 res
1947 2026 2070 2098 illo-

499 2095 616 2152 rum
641 2095 1062 2167 concupiscunt,
1093 2097 1485 2152 circumventos
1523 2095 1856 2163 audivimus,
1887 2104 1942 2151 et
1969 2095 2073 2152 hoc

502 2167 622 2220 ideo
652 2166 782 2236 fﬁeri,
796 2166 1166 2236 prohibemus.

570 2235 692 2289 282.
738 2233 812 2289 Ui
831 2238 1140 2304 potentiores
1189 2251 1436 2306 pauperes
1488 2251 1589 2289 non
1644 2233 1952 2306 obprimunt.
2000 2235 2075 2290 De

499 2306 848 2373 olipressione
883 2305 1197 2374 pauperum
1221 2305 1505 2360 liberorum
1547 2305 1841 2367 hominum,
1881 2311 1937 2357 ut
1969 2319 2074 2358 non

503 2377 632 2452 liant
661 2389 690 2427 a
733 2376 1124 2452 potentioribus
1153 2374 1520 2452 per-aliquod
1551 2375 1751 2452 malum
1803 2374 2072 2440 ingenium

497 2451 688 2497 contra
739 2443 993 2497 iustitiam
1040 2443 1300 2512 obpressi,
1352 2446 1423 2496 ita
1470 2451 1528 2512 ut
1563 2443 1735 2512 coacti
1770 2457 1857 2512 res
1886 2457 2073 2512 eorum

498 2513 734 2565 vendant
759 2519 850 2566 aut
882 2511 1125 2567 tradant.
1143 2511 1271 2568 Ideo
1302 2515 1436 2565 haec
1461 2511 1529 2565 de
1557 2511 1738 2565 liberis
1767 2511 2075 2566 hominibus

497 2581 746 2645 dicimus,
771 2596 840 2636 ne
873 2582 1008 2635 forte
1035 2593 1282 2650 parentes
1310 2589 1496 2636 contra
1537 2580 1801 2650 iustitiam,
1820 2579 1955 2650 ﬁant
1981 2596 2076 2636 ex-

498 2651 740 2724 heredati
771 2658 826 2704 et
850 2649 1380 2724 regale’obsequium
1410 2650 1680 2724 minuatur
1693 2657 1764 2724 _et
1792 2649 1890 2718 ipsi
1919 2649 2075 2704 here-

497 2719 594 2772 des
639 2717 860 2788 propter
903 2717 1249 2788 indigentiam
1290 2718 1520 2773 mendici
1547 2720 1650 2788 vel
1693 2717 1930 2772 latrones
1979 2733 2075 2774 seu

495 2787 870 2843 malefactores
893 2788 999 2842 emi
1018 2787 1212 2843 iantur.
1243 2790 1308 2841 Et
1329 2796 1386 2841 ut
1413 2787 1624 2856 saepius
1645 2802 1750 2840 non
1784 2790 1914 2840 liant
1932 2802 2079 2842 man-

498 2858 687 2938 niti.ad
715 2859 966 2929 placitum
1011 2861 1052 2926 ί,
1084 2859 1184 2913 nisi
1213 2859 1354 2913 sicut
1381 2857 1433 2911 in
1463 2857 1569 2911 alio
1599 2856 1879 2926 capitulari
1920 2873 2076 2927 prae-

499 2941 759 2991 cepimus.

565 2995 689 3050 28'5.
738 2997 806 3051 Ut
833 3014 901 3051 ec.
921 2998 1077 3052 lesiae
1102 2998 1296 3052 naviter
1322 2997 1557 3050 inventae
1580 2997 1690 3051 sine
1711 2995 1936 3066 episcopi
1955 3013 2075 3066 pro-

497 3063 702 3119 batione
727 3083 830 3120 non
861 3082 1173 3122 venerentur.
1200 3067 1272 3120 De
1300 3067 1544 3122 ecclesiis
1569 3081 1662 3121 seu
1692 3063 1892 3120 sanctis
1917 3063 2070 3121 novi-

499 3143 582 3204 ter
610 3138 728 3190 sine
755 3137 1079 3191 auctoritate
1110 3136 1361 3198 inventis,
1404 3135 1506 3190 nisi
1537 3135 1792 3204 episcopo
1813 3135 2076 3204 probante

498 3203 718 3258 minime
750 3215 1072 3260 venerentur
1097 3224 1108 3258 :
1134 3206 1278 3261 salva
1306 3204 1467 3260 etiam
1495 3203 1697 3260 de’hoc
1725 3203 1781 3260 et
1807 3203 1875 3259 de
1901 3206 2075 3261 omni-

498 3271 598 3324 bu~
627 3275 870 3328 ecclesiis
895 3276 1151 3329 canonica
1181 3275 1524 3328 auctoritate.

567 3340 695 3414 284.
739 3343 814 3396 De
841 3344 990 3414 falsis
1017 3345 1253 3406 monetis,
1283 3354 1618 3414 quae‘contra
1642 3343 1893 3400 iustitiam
1922 3344 2072 3412 ﬁunt.

499 3411 574 3466 De
606 3413 750 3467 falsis
795 3411 1048 3484 monetis,
1089 3415 1213 3484 quia
1243 3411 1305 3484 in
1326 3412 1508 3468 multis
1534 3412 1663 3471 locis
1701 3425 1888 3484 contra
1918 3411 2074 3469 iusti-

499 3485 629 3535 tiam
657 3494 710 3537 et
739 3493 922 3537 contra
963 3481 1192 3536 edictum
1244 3481 1394 3544 liunt,
1436 3484 1681 3538 vo'umus
1723 3491 1781 3538 ut
1821 3483 1874 3538 in
1929 3485 2076 3540 nullo

499 3552 608 3629 alio
640 3554 760 3607 loco
777 3560 1001 3629 moneta
1029 3551 1312 3629 sit.nisi_in
1346 3550 1546 3629 palatie
1571 3553 1909 3629 no_stro,_n_isi
1939 3552 2076 3608 forte

499 3620 692 3672 iterum
744 3619 903 3673 aliter
955 3634 984 3673 a
1033 3621 1187 3674 nobis
1230 3619 1388 3673 fuerit
1433 3619 1757 3674 ordinatum.
1787 3619 1866 3674 Illi
1896 3631 2074 3676 tamen

498 3687 727 3760 denarii,
777 3689 867 3760 qui
905 3688 1074 3760 modo
1121 3688 1396 3743 monedati
1443 3695 1585 3756 sunt,
1617 3689 1666 3746 si
1707 3700 1992 3760 pensantes
2020 3699 2077 3746 et

500 3757 633 3809 meri
660 3756 873 3819 fuerint,
904 3757 1226 3811 habeantur.

567 3824 820 3900 2S3.__Ut"
848 3827 1158 3900 hcribannus
1211 3826 1496 3900 dominicus
1539 3827 1762 3900 ﬁdeliter
1811 3831 2070 3900 eagigatur.

496 3894 574 3948 Dc
604 3895 900 3949 hcribanno
925 3897 1172 3950 volumus
1191 3938 1205 3962 ,
1235 3906 1292 3950 ut
1321 3896 1466 3949 missi
1499 3894 1666 3950 uestri
1709 3897 1812 3952 hoc
1848 3894 2077 3953 ﬁdeliter

493 3967 716 4032 exigant
768 3967 971 4033 absque
1020 3965 1179 4019 ullius
1235 3980 1496 4033 personae
1541 3968 1750 4034 gratia,
1785 3967 2075 4022 blanditiae

495 4035 511 4117 ί
522 4034 809 4117 blainlitiel
825 4043 1154 4117 seuterrere
1173 4035 1465 4117 secundum
1489 4034 1774 4116 iussionem
1799 4046 2036 4117 nostram
2056 4055 2071 4104 ;

497 4103 549 4158 id
580 4113 663 4158 est
692 4106 758 4158 de
786 4103 1014 4158 homine
1059 4103 1292 4159 habente
1317 4103 1481 4159 libras
1509 4119 1604 4158 sex
1635 4104 1687 4159 in
1717 4121 1869 4171 auro,
1901 4106 1954 4160 in
1982 4103 2072 4159 ar?-

495 4184 682 4244 gento,
711 4175 938 4241 hruniis,
970 4183 1303 4244 aeramento,
1330 4175 1521 4244 pannis
1562 4175 1804 4242 integris,
1829 4175 2071 4243 caballis,

497 4242 708 4306 ovabiis,
738 4245 919 4298 vaccis
957 4243 1043 4297 vel
1072 4244 1180 4298 alio
1210 4242 1440 4312 peculio,
1472 4244 1546 4297 ita
1573 4253 1633 4298 ut
1659 4259 1856 4300 uxores
1887 4242 2072 4300 eorum

497 4313 583 4366 vel
612 4313 839 4383 infantes
869 4328 975 4367 non
1005 4314 1134 4365 fiant
1161 4313 1428 4383 dispoliati
1460 4328 1557 4383 pro
1583 4313 1683 4368 hac
1712 4328 1789 4379 re,
1816 4315 1881 4369 de
1909 4315 2070 4369 vesti-

2101 3039 2150 3104 C

2177 1751 2404 1820 pleniter
2420 1749 2658 1820 discant.
2688 1750 2927 1820 Comites
2965 1765 3176 1820 quoque.
3207 1761 3262 1807 et
3299 1755 3624 1819 centenarii,
3655 1771 3744 1807 nn-

2173 1819 2308 1891 biles
2329 1819 2454 1891 viri,
2492 1819 2662 1887 legem
2690 1834 2842 1891 suam
2874 1819 3104 1891 pleniter
3129 1821 3356 1885 discant,
3386 1823 3530 1878 sicut
3561 1824 3614 1877 in
3643 1824 3743 1879 alio

2172 1889 2292 1944 loco
2313 1888 2586 1944 decretum
2621 1897 2724 1943 est.
2751 1888 3115 1957 Praéeipimus
3135 1899 3311 1944 autem
3341 1891 3519 1947 missis
3550 1895 3744 1948 nostris

2173 1968 2338 2025 utea,
2368 1973 2506 2026 quae
2529 1957 2709 2012 multis
2746 1958 2850 2012 iam
2881 1959 3035 2029 annis
3071 1975 3167 2028 per
3202 1961 3432 2029 capitula
3483 1972 3667 2015 nostra
3697 1963 3745 2016 in

2173 2035 2288 2082 toto
2334 2041 2500 2095 regno
2535 2036 2724 2081 nostro
2765 2027 3136 2082 mandavimus
3177 2027 3355 2096 agere,
3387 2030 3620 2092 discere,
3651 2032 3744 2086 ob-

2173 2111 2392 2151 servare
2420 2096 2502 2150 vel
2526 2097 2576 2150 in
2606 2097 3048 2152 consuetudinem
3079 2097 3300 2160 habere.
3323 2108 3381 2152 ut
3402 2099 3539 2153 haec
3567 2102 3746 2156 omnia

2172 2181 2315 2221 nunc
2360 2166 2644 2232 diligenter
2691 2165 2960 2234 inquirant
3003 2175 3059 2222 et
3102 2169 3319 2222 omnino
3368 2167 3438 2222 ad
3469 2170 3748 2224 servitium

2177 2236 2269 2289 Dei
2297 2245 2351 2290 et
2379 2235 2444 2288 ad
2488 2235 2772 2290 utilitatem
2816 2244 3054 2290 nostram
3101 2237 3185 2290 vel
3233 2237 3299 2290 ad
3327 2238 3571 2292 omnium
3611 2239 3748 2293 ebri-

2175 2304 2470 2359 stianorum
2494 2305 2767 2358 hominum
2793 2304 3090 2371 profectum
3121 2307 3376 2361 innovare
3395 2309 3675 2373 studeant,
3697 2320 3748 2362 ιι

2174 2383 2433 2442 quantum
2466 2374 2692 2444 Domino
2724 2375 2960 2444 donante
2989 2377 3330 2443 praevalent,
3357 2376 3421 2429 ad
3449 2377 3746 2444 perfectura

2176 2458 2344 2516 usque
2385 2443 2679 2516 perducant
2720 2451 2776 2498 et
2821 2443 2972 2516 nobis
3025 2446 3244 2516 omnino
3281 2443 3611 2516 renuntient,
3635 2449 3750 2516 quis

2177 2513 2300 2584 inde
2328 2512 2599 2584 certamen
2629 2512 2833 2584 bonum
2873 2513 2977 2584 hoc
3019 2513 3314 2584 adimplere
3357 2512 3668 2580 habuisset,
3695 2525 3750 2569 ut

2176 2595 2207 2634 a
2239 2581 2353 2652 Deo,
2373 2590 2432 2652 et
2457 2596 2486 2634 a
2508 2582 2670 2652 nobis
2696 2582 2937 2652 gratiam,
2969 2581 3180 2638 habeat;
3207 2584 3306 2647 Qui
3344 2593 3524 2639 autem
3567 2587 3747 2652 negle-

2175 2663 2306 2722 gens
2343 2651 2465 2705 inde
2492 2650 2660 2722 fuerit
2696 2651 2735 2716 ³,
2779 2662 2837 2704 ιιι
2875 2651 3032 2705 talem
3079 2653 3411 2722 disciplinam
3452 2650 3744 2722 percipiat,

2176 2717 2386 2784 Qualem
2437 2719 2557 2793 talis
2603 2721 2672 2774 sit
2701 2728 3042 2793 contemptor
3070 2717 3312 2792 recipere
3339 2717 3567 2793 dignus,
3594 2717 3666 2777 ita
3694 2734 3745 2777 ut

2177 2796 2231 2842 et
2251 2789 2455 2860 caeteri
2483 2797 2682 2860 metum
2715 2789 2946 2860 habeant
2974 2789 3222 2860 amplius.

2245 2854 2373 2928 29L
2407 2859 2644 2928 Capitula
2673 2875 2802 2928 quae
2827 2863 2893 2928 at
2922 2854 3082 2928 legrni
3107 2861 3334 2915 Salicum
3354 2862 3605 2916 mittenda
3632 2871 3746 2915 sunt

2177 2927 2240 2981 de
2264 2927 2516 2998 occisione
2537 2927 2846 2998 clericorum
2877 2927 2897 2958 ⁸
2933 2927 3008 2982 uel
3033 2931 3152 2984 aliis
3173 2933 3360 2987 causis.
3400 2932 3503 2998 Qui
3534 2931 3746 2986 subdia-

2179 3011 2375 3069 conum
2402 2996 2679 3065 occiderit,
2711 3004 2981 3069 trecentos
3004 2998 3043 3069 _"
3071 3000 3271 3056 solidos
3321 2996 3630 3069 conponat;
3658 3001 3746 3068 qui

2179 3067 2499 3140 diaconum,
2546 3066 2956 3140 quadringentos
2997 3067 3018 3098 ⁸
3065 3070 3265 3140 solidos
3303 3066 3609 3140 conponat;
3660 3066 3746 3138 qui

2177 3135 2566 3219 presbiterum,
2609 3144 2893 3219 sescentos
2923 3139 2942 3169 τ
2966 3156 2993 3219 ς.
3011 3139 3098 3219 qui
3140 3135 3748 3219 episcepum,nnong_en-

2179 3204 2260 3276 tne
2279 3207 2334 3276 0;
2364 3204 2456 3276 qui
2484 3205 2826 3276 monachum,
2859 3204 3256 3275 quadringentis
3291 3204 3526 3264 "solidis
3565 3204 3745 3276 culpa-

2175 3275 2297 3346 bilis
2321 3273 2604 3346 iudicetur.
2625 3274 2682 3329 Si
2704 3275 2824 3346 quis
2845 3273 2897 3330 in
2923 3273 3240 3346 inmunitate
3260 3279 3510 3333 damnum
3535 3273 3750 3346 aliquod

2177 3344 2402 3418 fecerit,
2451 3353 2754 3418 sexcentos
2784 3345 2823 3374 ⁸ο
2864 3345 3064 3418 solidos
3115 3357 3409 3418 conponat.
3458 3347 3515 3418 Si
3569 3344 3749 3418 autem

2175 3414 2338 3469 homo
2368 3413 2565 3484 furtum
2604 3421 2698 3467 aut
2741 3413 3064 3484 homicidum
3106 3413 3293 3472 fecerit
3331 3427 3426 3470 aut
3466 3413 3753 3484 quodlibet

2175 3484 2377 3553 crimen
2404 3481 2535 3538 foris
2572 3483 2915 3553 committens
2953 3483 3085 3538 infra
3128 3481 3501 3540 inmunitatem
3533 3483 3746 3553 fugerit,

2175 3552 2393 3623 mandet
2419 3567 2603 3623 eomes
2648 3551 3016 3623 velepiscopo
3051 3554 3134 3608 vel
3179 3555 3360 3609 abbati
3405 3554 3491 3608 vel
3535 3551 3750 3608 vicedu-

2175 3622 2320 3692 mino
2349 3621 2435 3675 vel
2468 3620 2575 3692 illi,
2605 3620 2696 3690 qui
2742 3620 2914 3678 locum
2945 3620 3181 3692 episcopi
3214 3625 3295 3679 \el
3322 3623 3532 3692 abbatis
3563 3631 3751 3677 tenue~

2175 3691 2263 3756 rit,
2295 3697 2352 3742 ut
2388 3688 2580 3744 reddat
2620 3688 2670 3744 ei
2701 3705 2872 3746 reum.
2905 3691 2962 3745 Si
2982 3688 3081 3746 ille
3109 3688 3502 3748 contradixerit
3530 3701 3587 3746 et
3623 3707 3746 3746 eum

2173 3760 2400 3829 reddere
2429 3759 2680 3823 noluerit,
2708 3759 2758 3829 in
2791 3761 2959 3829 prima
2988 3763 3412 3817 contradictione
3439 3761 3747 3829 quindecim

2172 3828 2372 3899 solidos
2399 3836 2690 3899 conponat.
2722 3827 2776 3882 Si
2793 3827 2870 3883 'ad
2892 3831 3177 3884 secundam
3201 3827 3602 3899 inquisitionem
3624 3844 3746 3883 eum

2173 3895 2398 3966 reddere
2437 3895 2686 3962 uoluerit,
2735 3899 2948 3966 triginta
2991 3899 3194 3960 solidos
3236 3895 3529 3966 conponat.
3560 3897 3619 3953 Si
3651 3914 3748 3953 nec

2171 3966 2240 4038 ad
2269 3965 2481 4038 tertiam
2510 3965 2823 4038 consentire
2844 3967 3074 4038 voluerit
3097 3965 3364 4038 quicquid
3413 3983 3539 4024 reus
3565 3969 3750 4022 damni

2173 4032 2380 4099 fecerit,
2415 4043 2582 4104 totum
2609 4035 2716 4100 ille,
2748 4039 2838 4104 qui
2868 4051 2990 4092 eum
3031 4032 3166 4092 infra
3207 4032 3586 4093 inmunitatem
3616 4038 3744 4090 neti-

2173 4111 2265 4157 net
2294 4118 2392 4157 nec
2421 4103 2670 4176 reddere
2715 4103 2846 4176 vult,
2874 4108 3090 4176 solvere
3132 4117 3376 4176 cogatur.
3412 4108 3479 4160 Et
3508 4106 3625 4174 ipse
3653 4120 3749 4176 eo-

2172 4187 2286 4246 mes
2314 4175 2532 4246 veniens
2570 4173 3062 4246 licentiamhabeat
3091 4173 3263 4246 ipsum
3290 4173 3567 4246 hominem
3614 4173 3750 4228 infra

2172 4243 2545 4314 inmunitatem
2590 4245 2918 4311 quaerendi,
2970 4243 3288 4314 ubicumque
3331 4261 3453 4301 eum
3503 4244 3751 4314 invenire

2170 4313 2427 4380 p0tuerit.
2457 4313 2514 4382 Si
2565 4321 2744 4367 autem
2773 4315 2825 4367 in
2856 4313 3026 4382 prima
3061 4313 3404 4382 inquisitione
3445 4313 3631 4369 comiti
3664 4328 3751 4367 re.-

498 4382 695 4454 mentis
732 4398 916 4437 comm
956 4383 1223 4454 accipiant
1249 4381 1556 4454 legitimum
1588 4383 1974 4454 iheribannum,
2019 4385 2070 4438 id
2097 4383 2148 4445 D
2173 4396 2429 4454 sponsum
2459 4381 2638 4454 fuerit,
2660 4383 2802 4454 quod
2828 4381 3109 4454 reusﬁiufra
3132 4381 3500 4441 inmunitatem
3528 4383 3748 4454 quidem

495 4461 578 4505 est
608 4452 770 4506 libras
791 4463 922 4508 tres.
954 4451 1055 4517 Qui
1083 4467 1212 4506 vero
1238 4451 1344 4507 non
1380 4452 1626 4506 habuerit
1651 4453 1878 4521 amplius
1901 4454 1952 4507 in
1982 4471 2072 4508 su-

499 4521 798 4591 prascripto
827 4523 1001 4591 pretio
1033 4522 1245 4577 valente
1292 4523 1391 4576 nisi
1431 4522 1593 4576 libras
1623 4529 1760 4587 tres,
1785 4523 1941 4578 solidi
1975 4524 2071 4577 tri-

496 4590 644 4656 ginta
677 4591 746 4643 ab
774 4590 839 4644 eo
868 4593 1168 4657 erigantur.
1198 4591 1296 4656 Qui
1323 4600 1498 4647 autem
1529 4605 1638 4645 non
1674 4591 1919 4646 habuerit
1953 4607 2068 4646 am-

497 4657 637 4728 plius
664 4660 762 4711 nisi
783 4660 913 4713 duas
936 4661 1116 4724 libras,
1139 4660 1326 4715 decem
1348 4661 1550 4714 solidos
1569 4661 1830 4714 exsolvat.
1861 4660 1918 4715 Si
1942 4676 2071 4716 vero

501 4729 600 4782 nisi
631 4730 651 4758 ‘
681 4743 836 4781 unam
861 4729 1048 4782 libram
1086 4729 1350 4794 habuerit,
1391 4730 1592 4784 solidos
1611 4730 1868 4798 quinque,
1901 4731 1973 4785 ita
2015 4740 2073 4786 ut

498 4799 690 4869 iterum
712 4813 770 4852 se
793 4798 961 4869 Valeat
989 4813 1235 4869 reparare
1255 4799 1320 4852 ad
1345 4798 1436 4853 Dei
1463 4799 1738 4852 servitium
1761 4806 2071 4869 etnostram

498 4868 807 4921 utilitatem.
865 4867 930 4921 Et
981 4867 1127 4922 missi
1183 4869 1350 4921 nostri
1400 4875 1630 4922 caveant
1682 4876 1741 4921 ut
1795 4868 2078 4937 diligenter

498 4937 790 5004 inquirant,
833 4953 901 4991 ne
931 4952 1026 5005 per
1062 4937 1276 5006 aliquod
1307 4937 1503 4991 malum
1537 4937 1805 5004 ingenium
1835 4948 2075 4994 nostram

498 5007 815 5128 iubnl‘ahant
851 5008 1103 5062 iustitiam
1153 5007 1306 5061 alteri
1353 5006 1614 5062 tradendo
1662 5015 1757 5060 aut
1801 5022 2077 5062 commen-

544 5092 624 5127 arzr
651 5092 704 5128 ο.

544 5092 704 5130 anno.

569 5146 695 5219 280.
733 5147 800 5200 Ut
828 5163 1006 5202 census
1029 5149 1217 5219 regalis
1247 5147 1366 5201 inde
1388 5148 1635 5219 solvatur.
1667 5148 1801 5202 unde
1818 5148 1942 5202 olim
1964 5148 2077 5219 eati-

499 5217 711 5286 gebatur
754 5219 992 5288 legitime.
1045 5217 1248 5271 Leusus
1293 5218 1486 5286 regalis
1533 5217 1900 5286 undecumque
1945 5217 2076 5272 olim

2178 4451 2380 4522 luisset,
2410 4452 2502 4522 sed
2545 4451 2666 4522 fuga
2713 4452 2900 4522 lapsus
2944 4452 3132 4522 fuerit;
3173 4455 3354 4508 statim
3404 4454 3564 4518 iuret,
3601 4452 3751 4519 quod

2178 4520 2292 4588 ipse
2319 4521 2385 4572 ad
2416 4521 2667 4575 iustitiam
2697 4520 2981 4576 cuiuslibet
3006 4521 3386 4577 disfaclendam
3414 4523 3597 4588 lugere
3622 4536 3751 4574 eum

2177 4605 2284 4643 non
2323 4589 2565 4654 fecisset,
2595 4599 2651 4644 et
2674 4591 2746 4644 sit
2780 4591 2831 4646 ei
2871 4591 2922 4644 in
2953 4591 3057 4646 hoc
3083 4591 3430 4647 satisfactum.
3463 4589 3518 4645 Si
3564 4601 3752 4642 autem

2178 4659 2395 4714 intranti
2426 4661 2476 4714 in
2507 4660 2673 4729 ipsam
2705 4661 3073 4715 inmunitatem
3103 4662 3284 4716 comiti
3332 4661 3557 4716 collec1a
3587 4674 3752 4712 uianu

2177 4729 2428 4799 quislibet
2474 4732 2722 4783 resistere
2765 4731 3072 4796 tentavit-it,
3100 4745 3280 4784 comes
3315 4729 3421 4784 hoc
3467 4729 3534 4781 ad
3564 4741 3753 4796 regem

2179 4797 2263 4870 vel
2292 4797 2964 4870 aduprincipemideferat,
2999 4809 3057 4855 ut
3100 4800 3300 4870 ibidem
3352 4799 3642 4870 iudicetur.
3689 4799 3755 4852 ει

2175 4868 2312 4923 sicut
2343 4866 2450 4930 ille,
2497 4866 2590 4936 qui
2619 4869 2670 4921 iu
2713 4869 3032 4924 inmunitate
3079 4869 3330 4922 damnum
3376 4867 3524 4931 fecit,
3557 4881 3756 4936 sese".

2177 4935 2526 4992 tos“solidos
2554 4953 2862 5006 conponere
2889 4938 3066 4996 debet.
3099 4939 3170 4991 ita
3189 4939 3280 5005 qui
3310 4938 3495 4992 comiti
3523 4935 3755 4990 collecta

2175 5022 2338 5075 manu
2348 5008 2597 5062 resistere
2618 5006 2928 5075 praesumit,
2944 5016 3226 5062 sescentos
3239 5009 3441 5061 solidos
3456 5015 3753 5075 coiiponat.

2246 5074 2368 5130 292.
2411 5074 2649 5146 Capitula
2675 5093 2804 5146 quae
2829 5077 3048 5129 domnus
3075 5075 3300 5132 Karo'us
3319 5074 3603 5140 imperator
3629 5090 3753 5146 cou-

2171 5147 2355 5201 stituit.
2411 5145 2494 5201 Ut’
2524 5145 2698 5202 nullus
2743 5146 2809 5200 ad
2852 5147 3104 5215 placitum
3147 5163 3295 5200 arma
3337 5146 3474 5201 inira
3524 5145 3755 5215 patriam

2173 5224 2371 5286 portet.

1703 5350 2094 5406 VARIANTES
2129 5350 2526 5405 LECTIONES.

577 5467 591 5496 ³
625 5465 878 5534 palatium
906 5466 968 5520 (ι.
1055 5468 1076 5496 ³
1104 5481 1154 5520 ν.
1186 5480 1362 5519 minus
1391 5481 1444 5519 ιι.
1478 5464 1544 5520 G.
1638 5465 1657 5497 ³
1689 5464 1860 5519 fuerat
1884 5463 1949 5519 G.

509 5537 528 5567 "
555 5550 714 5589 occec
752 5552 816 5588 ea:
859 5551 996 5590 corr.
1038 5534 1103 5589 θ’.

2036 5464 2057 5495 ⁸
2086 5463 2434 5518 diaconorum
2465 5461 2564 5518 Bal
2637 5466 2657 5497 ⁵
2683 5479 2810 5519 cccc
2839 5480 2904 5518 es:
2933 5480 3064 5517 corr.
3095 5463 3158 5517 (ἶ.

1197 5535 1218 5565 ⁸
1245 5537 1312 5590 de
1341 5537 1446 5589 vita
1491 5545 1778 5604 componat
1805 5552 1869 5588 ea:
1918 5551 2054 5588 corr.
2085 5533 2150 5588 G.

3253 5464 3274 5492 ⁸
3303 5479 3366 5516 oc
3401 5481 3466 5518 ex
3515 5480 3650 5520 corr.
3687 5464 3749 5517 (ἱ.

2243 5534 2264 5564 ⁹
2295 5549 2421 5588 cccc
2447 5543 2503 5588 et
2547 5535 2764 5601 insuper
2806 5534 3037 5588 baunum
3070 5533 3120 5586 id
3157 5544 3240 5588 est
3268 5532 3353 5588 LX
3383 5535 3484 5588 sol.
3517 5543 3574 5588 et
3598 5548 3754 5588 arma

473 5604 770 5690 ‘relin‘quat
800 5614 961 5687 atque
1016 5602 1636 5690 in‘niouas'tenigdiebu‘s
1679 5605 1819 5658 vitae
1845 5619 1974 5658 suae
2001 5605 2292 5690 sublardna
2336 5605 2628 5673 penitentia
2660 5604 3017 5690 Deoscruiat.
3066 5602 3123 5658 Si
3151 5606 3270 5671 quis
3323 5605 3376 5657 iu
3429 5604 3760 5659 inmunitate

492 5687 590 5724 etc.
625 5676 804 5728 Codex
841 5676 1008 5742 regius
1039 5674 1211 5730 Paris.
1244 5674 1314 5728 Ν.
1349 5673 1506 5729 4576.
1585 5675 1626 5705 ¹⁰
1653 5689 1812 5730 DCCCC
1837 5690 1899 5728 ea:
1927 5691 2062 5727 corr.
2096 5673 2157 5729 G.

2239 5676 2276 5704 “
2311 5689 2470 5730 ucccc
2500 5691 2564 5730 ex
2591 5690 2724 5729 corr.
2755 5676 2822 5729 (ἱ.
