4002 6146
333 283 426 338 781

789 287 940 342 COD.
983 287 1252 344 DIPLOM.
1287 317 1356 328 —
1391 288 1745 344 BENEDIUTI
1783 267 2296 347 CAPITULAIUUM
2331 287 2726 346 COLLECTIO.
2767 311 2836 320 —-
2872 282 2996 336 LIB.
3039 282 3098 334 ll.

3457 285 3557 340 75?.

394 395 520 468 995.
544 396 638 468 _De
665 397 960 468 latronibus.
987 399 1316 468 Quicumque
1345 409 1464 468 post
1491 400 1634 453 illam
1663 401 1875 456 missam
1911 403 1952 461 Α
1981 402 2122 456 tibus
2169 402 2391 462 ncaotiis
2439 401 2710 465 insidunt,
2761 399 3064 458 faciendun
3117 405 3217 452 est.
3255 397 3552 467 Unicuique

326 467 494 520 sancti
543 465 791 536 Iohannis
813 469 1090 536 praeteriti
1120 465 1247 524 anni
1269 465 1478 523 eui-lam
1511 469 1700 522 latroni
1729 485 1879 524 man-

325 537 528 588 siouem
559 535 785 598 dederit,
809 535 854 589 si
884 537 1117 591 Francus
1142 547 1245 602 est,
1273 553 1396 592 cum
1425 537 1703 591 duodecim
1731 541 1880 594 sitni-

326 603 460 657 libus
487 602 704 658 Franris
745 607 906 669 iuret,
944 605 1086 672 quod
1123 607 1384 660 latronem
1419 621 1540 660 eum
1587 607 1746 661 fuisse
1775 623 1880 663 non

323 672 532 746 scisset,
563 673 701 746 liget
713 683 866 746 pater
893 677 1006 730 eius
1031 675 1100 730 sit
1127 685 1216 728 aut
1242 677 1404 730 frater
1431 675 1512 730 vel
1539 675 1730 746 aliquis
1757 693 1883 746 pro-

323 742 569 812 pinquus.
603 741 660 796 Si
691 741 792 796 lioc
821 743 997 797 iurare
1032 761 1138 798 non
1175 746 1405 812 potuerit
1443 751 1499 796 et
1527 745 1594 796 ab
1623 741 1728 798 alio
1754 741 1882 800 con—

323 810 492 863 victus
516 810 689 872 fuerit.
721 812 866 878 quod
895 813 1154 866 latronem
1177 810 1250 866 in
1277 813 1506 880 hospitio
1535 814 1878 880 suscepisset,

321 882 472 947 quasi
504 880 754 950 latrosit,
787 883 910 950 quia
940 881 1166 935 inlidelis
1196 892 1276 936 est
1311 889 1494 935 noster
1525 883 1540 910 ¹
1569 889 1631 950 et
1650 881 1882 938 Franco-

323 963 468 1018 rum;
488 957 550 1018 et
573 949 664 1016 qui
703 949 850 1002 illum
880 953 1130 1018 suscepit,
1161 951 1346 1004 similis
1367 959 1449 1004 est
1475 951 1570 1003 illi.
1612 949 1669 1002 Si
1703 959 1880 1006 autem

317 1017 544 1076 audivit.
585 1018 727 1084 quod
757 1017 893 1073 lalro
921 1017 1124 1083 fuisset,
1157 1028 1212 1072 et
1237 1030 1412 1074 tamen
1459 1035 1564 1072 non
1591 1018 1692 1072 scit
1720 1019 1884 1074 lirmi-

322 1095 420 1147 ter,
454 1088 591 1140 iuret
620 1087 786 1152 solus,
817 1089 959 1156 quod
1007 1103 1274 1156 nunquam
1330 1103 1449 1141 eum
1501 1087 1736 1140 audisset
1781 1105 1883 1144 nec

319 1169 414 1223 per
444 1157 747 1222 veritatem,
778 1171 876 1211 nec
921 1172 1017 1225 per
1057 1157 1390 1210 mendacium
1443 1157 1741 1220 latronem;
1793 1169 1885 1212 aut

318 1225 385 1274 sit
413 1235 650 1291 paratus,
676 1226 720 1277 si
769 1225 858 1279 ille
881 1235 1065 1294 postea
1095 1225 1161 1280 de
1207 1225 1484 1280 latrocinio
1529 1226 1881 1294 convincitur,

320 1300 376 1344 ut
413 1294 660 1346 similiter
684 1294 1024 1360 dampnetitr.

388 1360 512 1433 297i.
555 1361 636 1433 Ne
671 1364 856 1432 aliquis
903 1364 965 1417 de
991 1365 1164 1433 ignoto
1216 1363 1418 1416 homine
1456 1378 1658 1431 equum,
1712 1363 1884 1418 bouem

315 1431 392 1502 pel
419 1431 563 1484 aliud
591 1431 784 1502 animil
811 1443 964 1485 emat.
1000 1431 1065 1488 Ct
1094 1433 1268 1486 nullus
1295 1439 1570 1502 comparet
1595 1433 1882 1502 caballum,

317 1499 511 1552 bovem
568 1509 662 1554 aut
715 1501 1006 1555 iumentum
1045 1503 1129 1556 vel
1169 1501 1310 1554 aliud
1355 1499 1570 1566 animal,
1605 1504 1706 1556 nisi
1737 1499 1884 1558 illum

317 1569 588 1622 hominem
613 1579 933 1636 cognoscat,
980 1573 1072 1638 qui
1120 1586 1242 1624 eum
1293 1569 1524 1640 vendidit
1567 1579 1623 1624 et
1665 1571 1732 1627 de
1775 1586 1884 1640 quo

315 1647 646 1707 pagoestiet
672 1639 760 1692 ubi
791 1648 972 1693 manet
1002 1641 1022 1669 ¹
1051 1647 1104 1693 ει
1132 1641 1252 1707 quis
1276 1649 1358 1694 est
1385 1639 1496 1692 eius
1523 1639 1720 1694 senior.

1981 472 2182 525 homini
2213 471 2350 524 Deus
2376 471 2522 524 dedit
2546 479 2734 534 artem,
2759 485 2862 536 qua
2885 469 3150 537 pascitur;
3181 473 3242 537 et
3267 469 3553 536 unusquis-

1977 552 2083 606 que
2103 541 2168 594 dc
2193 547 2308 594 arte
2336 555 2450 604 sua,
2484 539 2552 592 de
2579 553 2684 606 qua
2715 535 2956 607 corporis
2981 535 3280 590 necessaria
3311 537 3394 590 vel
3423 535 3550 607 sub-

1978 608 2110 664 sidia
2139 609 2315 674 habet,
2341 608 2550 662 animae
2567 622 2800 675 quoque,
2815 606 2966 676 quod
2995 607 3164 674 magis
3188 606 3548 660 neccharium

1979 687 2078 737 est,
2111 679 2402 732 subsidium
2429 677 2798 730 administrare
2819 676 2999 728 debet.

2047 748 2170 802 500.
2206 747 2272 801 Ut
2309 747 2661 800 ecclesiasticis
2707 745 2970 798 uudienia
3015 743 3225 796 minime
3271 743 3548 812 denegctur

1979 816 2388 888 provocantibus.
2419 813 2822 888 Plaeuittut‘a
2853 814 3258 888 quibuscumque
3288 812 3548 888 iudicibus

1979 881 2354 940 ecclesiasticis
2383 883 2449 936 ad
2489 883 2623 936 alios
2667 881 2871 937 iudices
2898 881 3309 946 ecclesiasticos,
3351 882 3437 934 ubi
3467 892 3550 936 est

1979 956 2152 1008 maior
2179 953 2503 1012 auctoritas,
2537 950 2694 1004 fuerit
2719 961 3088 1020 provocatum,
3123 964 3227 1003 non
3266 950 3343 1002 eis
3382 951 3550 1004 dene-

1979 1033 2150 1092 getur,
2177 1026 2266 1092 qui
2297 1021 2728 1092 provocaverint.

2049 1091 2171 1146 501.
2195 1087 2586 1158 ’Νέερὶεσοριιε
2613 1089 2820 1159 quilibet
2865 1089 3076 1159 alterius
3105 1087 3298 1156 plebem
3328 1087 3553 1159 episcopi

1981 1161 2056 1214 vel
2085 1163 2210 1229 fines
2235 1157 2459 1229 usurpet.
2495 1157 2562 1212 Ut
2605 1157 2886 1226 episcopus
2913 1157 3132 1212 alterius
3171 1159 3406 1228 episcopi
3440 1157 3555 1226 ple-

1981 1227 2189 1282 bes'vel
2219 1227 2350 1280 lines
2383 1242 2486 1280 non
2519 1235 2759 1293 usurpet.
3113 1283 3116 1286 ,

2051 1297 2175 1352 502.
2212 1297 2285 1350 De
2311 1297 2510 1349 cltricis
2531 1297 2780 1366 superbis,
2809 1303 2863 1347 ut
2891 1303 3239 1349 coerceantur.
3265 1294 3333 1348 Ut
3350 1293 3554 1360 clerici,

1981 1369 2072 1435 qui
2099 1365 2312 1434 su,erbi
2349 1367 2448 1435 vel
2499 1365 2844 1435 contumaces
2887 1373 3031 1428 sunt,
3079 1371 3462 1435 coerceantur;
3497 1372 3556 1416 ut

1983 1433 2236 1497 minores,
2267 1434 2357 1502 qui
2399 1434 2686 1486 maioribus
2731 1434 3112 1501 iurogaverunt
3141 1433 3409 1496 iniuriam,
3443 1447 3557 1485 me-

1981 1515 2094 1558 tum
2118 1501 2378 1568 habeant;
2401 1503 2524 1571 quia
2556 1502 2894 1556 manifestum
2913 1513 2996 1556 est
3023 1502 3141 1556 illos
3163 1517 3268 1557 non
3291 1516 3408 1556 esse
3437 1501 3552 1566 llei,

1983 1575 2076 1642 qui
2103 1573 2452 1628 humilitatem
2477 1581 2844 1642 contemnunt,
2874 1573 2968 1642 sed
2989 1571 3208 1642 diaboli,
3239 1571 3330 1642 qui
3359 1585 3552 1642 super-

1984 1639 2104 1698 biae
2133 1645 2376 1696 inventor
2414 1650 2468 1694 et
2497 1641 2744 1710 princeps
2773 1648 2872 1694 est.
2912 1639 3060 1694 Unde
3097 1641 3143 1694 si
3169 1641 3291 1708 quis
3323 1641 3555 1694 tumidus

383 1699 508 1760 995.
531 1706 635 1791 ‘De
661 1707 766 1791 illis
789 1709 1100 1791 "horninibus
1129 1699 1212 1791 qui
1241 1719 1460 1791 propter
1499 1723 1671 1791 eiram
1705 1709 1883 1791 culpas
1917 1733 1962 1791 Β
1989 1714 2070 1791 vel
2120 1699 2555 1791 contumeliosus
2593 1699 2830 1789 extiterit
2859 1710 2910 1791 in
2955 1699 3392 1791 maiorempatu,
3423 1723 3556 1791 cen-

311 1776 382 1828 od
411 1784 625 1830 mortem
656 1776 922 1830 diiudicnti
967 1776 1155 1846 [ue'int
1202 1776 1262 1831 et
1293 1789 1466 1845 postea
1502 1779 1574 1831 eis
1601 1779 1752 1844 fuerit
1781 1776 1885 1833 uita

311 1862 578 1911 concessa,
607 1851 739 1915 quod
767 1849 811 1900 si
840 1848 1089 1900 iustitiam
1112 1849 1175 1900 ab
1206 1847 1324 1900 aliis
1353 1864 1388 1900 r.
1407 1848 1674 1915 quisierint
1703 1859 1788 1900 aut
1820 1850 1882 1901 ab

307 1917 388 1986 eis
431 1916 680 1986 iustitiam
721 1917 833 1986 quis
875 1931 1118 1986 quaerere
1161 1917 1415 1981 rolueil,
1480 1918 1709 1986 qualiter
1753 1920 1884 1970 inter

309 1985 432 2037 illos
487 1985 740 2038 iudicium
785 1985 1102 2040 terminetur.
1167 1987 1344 2040 Primo
1388 1987 1626 2040 omnium
1683 1985 1752 2040 de
1780 1987 1884 2042 illis

309 2053 494 2106 causis
523 2069 618 2124 pro
662 2056 855 2124 quibus
902 2055 1165 2124 iudicatus
1215 2055 1335 2123 quis
1371 2055 1392 2084 ³
1432 2057 1592 2110 luerit
1643 2055 1708 2108 ad
1739 2071 1886 2111 mor-

311 2131 455 2185 tem,
489 2121 693 2178 nullam
718 2133 894 2193 potest
919 2123 1099 2194 facere
1135 2121 1508 2194 repetitionem
1537 2163 1552 2190 ,
1603 2125 1726 2194 quia
1775 2140 1885 2179 om-

306 2207 410 2246 nes
469 2207 556 2244 res
619 2209 750 2248 suae
793 2193 1091 2248 secundum
1143 2193 1392 2248 iudicium
1449 2193 1776 2249 FrancOrum
1829 2195 1883 2249 in

308 2260 532 2333 publico
591 2260 802 2316 fuerunt
857 2273 1161 2333 revocatae.
1217 2264 1284 2317 Et
1327 2265 1375 2318 si
1430 2263 1627 2332 aliquid
1675 2264 1882 2333 inpost-

309 2330 532 2400 mnduin
563 2368 582 2394 ,
644 2342 928 2400 postquam
990 2332 1040 2387 ei
1111 2333 1218 2386 vita
1261 2330 1534 2388 concessa
1563 2341 1686 2396 est,
1735 2330 1884 2388 ‘cum

309 2399 516 2451 iustitia
571 2399 856 2470 adquirere
909 2402 1182 2470 potuerit,
1251 2402 1302 2456 in
1362 2416 1457 2470 sua
1507 2402 1754 2456 libertate
1803 2411 1882 2456 te-

307 2477 442 2521 neat
477 2476 532 2522 et
577 2469 828 2524 delendat
871 2469 1164 2525 secundum
1217 2470 1410 2540 legem.
1437 2469 1491 2523 In
1522 2470 1881 2540 testimonium

307 2552 444 2590 Vero
473 2553 578 2592 non
620 2540 943 2607 suscipiatur
969 2556 1070 2594 nec
1098 2540 1236 2593 inter
1261 2539 1510 2596 scabiuos
1539 2539 1712 2607 legem
1747 2541 1885 2594 iudi-

306 2607 694 2680 can_do_locum
726 2616 922 2680 teneat.
967 2607 1032 2662 Et
1071 2609 1114 2662 si
1146 2609 1212 2680 ad
1241 2617 1657 2680 sacramentum
1685 2611 1884 2680 aliquid

305 2676 358 2748 ei
408 2675 696 2730 indicatum
747 2677 1100 2748 fuerittquod
1151 2679 1330 2733 iurare
1373 2679 1589 2744 debeat,
1619 2679 1664 2734 si
1693 2675 1884 2748 aliQuis

305 2742 484 2814 ipsum
513 2755 905 2801 sacramentum
936 2742 1124 2802 falsum
1159 2749 1342 2804 dicere
1370 2742 1614 2814 voluerit,
1644 2742 1882 2804 cum—ar—

303 2813 412 2868 mis
442 2815 750 2869 contendat.

380 2881 508 2936 290.
542 2885 615 2938 De
653 2884 860 2938 homine
912 2886 1101 2940 iudicio
1144 2887 1496 2941 scabincoruin
1539 2886 1787 2942 iudicato.
1829 2887 1884 2942 Si

304 2949 472 3006 alicui
499 2961 622 3022 post
649 2954 898 3010 iudicium
929 2957 1268 3010 scabinorum
1309 2953 1466 3010 luerit
1495 2956 1600 3009 vita
1630 2971 1824 3012 conces
1853 2973 1885 3011 a

303 3030 364 3094 et
405 3023 518 3090 ipse
536 3023 1062 3093 postinodumaliqua
1080 3026 1218 3078 mala
1249 3027 1703 3094 perpetraveritet
1732 3026 1886 3080 iusti-

307 3091 443 3143 tiam
489 3094 710 3146 reddere
736 3091 991 3157 noluerit,
1021 3091 1416 3160 dicendo—quod
1467 3103 1708 3148 mortuus
1733 3095 1802 3149 sit
1831 3105 1886 3150 et

309 3160 440 3214 ideo
471 3161 726 3216 iustitiam
771 3161 998 3217 reddere
1028 3179 1136 3218 non
1166 3165 1378 3225 debeat,
1405 3171 1664 3218 statutum
1695 3171 1796 3228 est,
1831 3171 1888 3218 ut

305 3229 856 3301 super-insuiud'cium
901 3233 1182 3301 sustineat,
1233 3232 1376 3301 quod
1427 3242 1582 3286 antea
1623 3234 1888 3288 sustinere

306 3297 518 3369 debuit.
551 3297 680 3353 Etsi
709 3300 903 3367 aliquis
925 3297 1186 3356 adversus
1211 3297 1332 3356 eum
1363 3301 1562 3369 aliquid
1587 3301 1710 3354 mali
1740 3301 1878 3357 fece-

305 3367 402 3432 rit,
431 3369 726 3438 secundum
765 3371 1051 3438 aequitatis
1098 3370 1340 3425 ordinem
1393 3367 1663 3424 licentiam
1691 3371 1886 3425 habeat.

304 3449 464 3488 suam
492 3437 748 3509 iustitiam
772 3437 1080 3509 requirendi
1107 3440 1173 3494 de
1199 3454 1356 3494 causa
1385 3447 1711 3508 perpetrata,
1739 3449 1887 3509 post-

305 3517 471 3570 quam
503 3505 568 3558 ad
597 3515 822 3577 mortem
850 3505 1129 3562 iudicatus
1176 3517 1276 3564 est.
1310 3505 1716 3577 De'praeteritis
1739 3505 1884 3565 'vero

305 3575 716 3645 maneat,_sicut
741 3590 904 3645 supra
927 3577 1214 3631 iudicatum
1239 3578 1356 3632 fuit.

383 3641 508 3695 297.
539 3643 616 3716 De
642 3660 732 3710 eo,
764 3641 847 3711 qui
877 3645 1130 3716 latronem
1158 3646 1510 3716 {orbannitum
1537 3648 1749 3715 recipit,
1780 3649 1884 3704 sive

307 3727 510 3784 seruus,
555 3715 656 3766 sive
702 3717 828 3768 liber
868 3717 955 3768 sit.
1011 3715 1086 3768 De
1130 3715 1339 3772 latrone
1383 3719 1705 3784 lorbannito,
1749 3717 1885 3772 liber

307 3783 497 3844 homo,
543 3784 636 3849 qui
665 3799 788 3838 eum
829 3785 1148 3854 susceperit,
1190 3794 1250 3840 ut
1285 3786 1309 3818 ⁸
1337 3789 1640 3854 quindecim
1681 3783 1883 3842 aolidos

307 3855 606 3926 persolvat,
631 3867 818 3926 servus
847 3861 1063 3926 centum
1092 3855 1277 3924 viginti
1307 3855 1441 3910 ictus
1470 3857 1714 3926 accipiat.

527 3921 636 3995 De
655 3925 836 3995 comite
857 3925 941 3995 qui
967 3917 1217 3978 latronEm
1243 3927 1300 3979 in
1325 3917 1634 3995 {urbanrtuin
1661 3927 1878 3990 miserit,

306 3997 362 4064 ut
393 3989 509 4042 aliis
527 3991 725 4064 uicini!
745 3989 1013 4064 comitibus
1041 4003 1216 4064 notum
1243 3989 1422 4064 faciat.
1457 3993 1524 4048 Ut
1547 4011 1759 4062 comes,
1787 3989 1882 4062 qui

308 4057 574 4130 latronem
617 4061 672 4114 in
701 4059 1016 4116 forbannum
1047 4057 1280 4130 miserit,
1311 4064 1496 4118 vicinis
1530 4065 1640 4118 suis
1666 4057 1880 4119 comiti-

307 4127 410 4195 bus
449 4135 638 4182 uotum
683 4131 862 4195 faciat,
891 4131 1118 4186 eundem
1155 4127 1418 4188 latronem
1446 4149 1476 4186 a
1503 4147 1564 4188 se
1609 4147 1728 4189 esse
1767 4133 1880 4186 for-

305 4193 610 4271 banrtitum,
643 4207 704 4271 ut
725 4199 798 4253 illi
827 4193 949 4254 eum
975 4215 1080 4254 non
1111 4202 1387 4271 recipiant.

289 4275 316 4296 '
380 4263 503 4320 299.
536 4265 616 4338 De
646 4270 725 4322 his
766 4271 852 4338 qui
879 4274 1092 4323 terrenis
1137 4263 1476 4324 mercimoniis
1515 4272 1776 4336 insistunt,
1826 4283 1879 4324 at

307 4337 554 4410 mugienti
581 4337 832 4410 supernae
859 4340 991 4410 vitae
1013 4339 1344 4410 desiderium,
1366 4356 1518 4400 quam
1539 4356 1631 4410 pro
1654 4341 1878 4396 humana

1911 3063 1958 3127 ϐ

1989 1789 2220 1850 temptas
2247 1779 2408 1834 debet
2435 1779 2806 1834 contumaciae
2832 1786 2884 1832 et
2911 1779 3196 1846 superbiae
3227 1777 3555 1832 in’onmibus

1985 1849 2179 1904 transi.

2211 1919 2286 1973 De
2331 1919 2406 1973 his
2435 1919 2520 1990 qui
2555 1923 2750 1990 statuta
2791 1927 3014 1990 patrum
3046 1917 3276 1990 riolant;
3307 1915 3352 1968 si
3390 1913 3554 1990 laicus

1985 1991 2160 2058 fuerit,
2206 1983 2556 2044 communione
2607 1983 2926 2056 priuetur;si
2967 1985 3217 2058 clericus,»
3255 1983 3556 2058 hanore_.__Si

1981 2052 2103 2134 quis
2130 2067 2329 2134 statuta
2374 2052 2764 2134 supergressus
2795 2056 3094 2134 corruperit
3139 2056 3220 2108 vel
3249 2069 3344 2134 pro
3385 2052 3552 2134 nihilo

1983 2127 2224 2182 habenda
2275 2125 2556 2196 putaverit,
2604 2125 2650 2178 si
2698 2125 2867 2180 laicus
2913 2133 3017 2190 εει,
3067 2125 3462 2187 communione,
3503 2125 3552 2176 si

1981 2197 2226 2258 clericus,
2259 2197 2462 2250 honore
2489 2196 2752 2264 privetur.

2053 2265 2175 2319 5οι.
2212 2265 2288 2318 De
2317 2266 2394 2319 his
2425 2260 2509 2334 qui
2539 2272 2716 2334 contra
2745 2279 2892 2317 suam
2920 2264 3289 2334 professionem
3318 2261 3395 2314 vel
3431 2260 3553 2334 sub:

1983 2335 2308 2404 scr-iptionem
2353 2329 2599 2388 venerint.
2643 2333 2744 2398 Qui
2795 2329 2981 2404 contra
3019 2329 3417 2404 professionem
3469 2329 3556 2382 vel

1983 2400 2428 2474 subscriptionem
2451 2417 2610 2474 suam
2633 2404 2876 2474 venerit,_
2892 2402 2944 2454 in
2975 2400 3204 2474 concilio
3230 2400 3550 2474 deponatur.

2051 2468 2174 2526 505.
2193 2468 2294 2527 ὀε
2321 2473 2600 2542 presbitero
2631 2473 2714 2539 qui
2743 2487 2798 2525 se
2825 2471 2888 2542 ab
2921 2471 3160 2540 episcopo
3181 2485 3272 2522 tuo
3303 2469 3552 2542 diviserit.

1983 2541 2053 2616 Si
2085 2539 2510 2616 quis_p_resbi_ter
2547 2551 2732 2616 contra
2785 2539 3094 2616 episcopum
3141 2554 3294 2616 suum
3341 2539 3556 2616 inilarus

1983 2607 2175 2666 scisma
2213 2607 2480 2675 “iecerit,
2533 2607 2836 2663 anatbeina'
2870 2607 2985 2663 siti
3011 2607 3163 2674 Quod
3193 2608 3236 2661 si
3285 2607 3554 2674 superbia,

1983 2685 2127 2748 quod
2155 2681 2315 2748 absit,
2347 2681 2560 2736 inﬂatus
2588 2679 2975 2733 secernendum
3021 2693 3080 2732 se
3109 2677 3176 2732 ab
3205 2675 3559 2748 episcopisui

1985 2745 2364 2806 communione
2411 2749 2624 2818 duxerit
2677 2761 2742 2801 ac
2783 2748 3071 2818 separatim
3119 2745 3255 2818 cuni
3294 2745 3559 2818 aliquibus

1893 2831 1896 2834 ‘
1983 2821 2176 2874 Scisuia
2200 2820 2399 2876 faciens
2425 2815 2746 2873 sacriﬁcium
2781 2815 2888 2872 Deo
2916 2816 3192 2882 obtulerit,
3223 2815 3342 2870 loco
3363 2815 3559 2868 amisso

1985 2889 2269 2942 anathema
2319 2891 2600 2943 habeatur.
2645 2884 2999 2939 Nihilominus
3050 2893 3105 2938 et
3151 2887 3220 2938 de
3261 2884 3480 2938 civitate
3503 2889 3562 2937 et

1986 2957 2434 3030 congregatione,
2461 2957 2515 3010 in
2541 2969 2651 3030 qua
2681 2955 2857 3030 fuerit,
2892 2954 3103 3030 longius
3150 2953 3561 3030 repellatur,_ne

1989 3027 2072 3080 vel
2101 3024 2424 3095 ignorantes
2469 3027 2556 3080 vel
2608 3024 2918 3094 simpliciter
2966 3025 3205 3076 viventes
3251 3024 3560 3089 serpentiua

1989 3095 2174 3166 fraude
2199 3097 2454 3166 decipiat.

2058 3163 2181 3218 506.
2225 3161 2636 3234 Ου’ρνιτὺὶιενὶξ
2690 3165 2778 3232 qui
2809 3163 3007 3234 absque
3051 3161 3275 3234 episcopi
3307 3161 3386 3234 sui
3430 3173 3557 3234 con-

1987 3236 2197 3308 scientia
2227 3229 2481 3308 agendam
2511 3229 2894 3308 celebravenint.
2925 3229 2992 3285 ’Si
3025 3232 3151 3308 quis
3183 3229 3451 3308 presbiter
3481 3230 3561 3308 in:

1984 3304 2230 3379 consulto
2261 3299 2515 3379 episcorto
2545 3301 2804 3379 agendam
2831 3302 2884 3355 in
2914 3301 3152 3379 quolibet
3182 3299 3300 3379 lico
3329 3299 3562 3352 voluerit

1986 3373 2278 3442 celebrare,
2295 3369 2426 3442 'ipse
2447 3369 2646 3428 honori
2677 3387 2775 3426 suo
2797 3369 3096 3442 comrarius
3125 3369 3322 3442 extitit.

2055 3443 2177 3494 507.
2223 3441 2288 3496 Ut
2319 3439 2583 3511 episcopus
2614 3446 2814 3511 lapsum
2849 3441 3132 3511 incurrens.
3165 3439 3408 3511 si_plure_s
3433 3452 3558 3511 con-

1983 3528 2196 3584 gregare
2221 3506 2501 3586 nequiverit
2521 3553 2534 3577 ,
2565 3527 2598 3564 a
2624 3506 2890 3586 duodecim
2918 3509 3184 3586 audiatur:
3213 3507 3268 3560 Si
3299 3507 3416 3586 quis
3443 3506 3559 3574 epi-

1983 3576 2178 3650 scopus
2205 3576 2350 3650 quod
2376 3597 2482 3636 non
2507 3576 2772 3650 Optamus,
2807 3581 2858 3632 in
2889 3587 3096 3632 reatum
3111 3576 3348 3650 aliquem
3377 3576 3558 3628 incur-

1982 3648 2112 3706 rerit
2156 3648 2312 3715 τίει
2357 3651 2519 3706 fuerit
2549 3648 2615 3704 ei
2657 3652 2678 3682 ⁸
2713 3650 2876 3703 nimia
2919 3648 3210 3702 necessitas
3251 3661 3355 3698 non
3401 3659 3561 3715 posse

1983 3713 2238 3788 plurimos
2267 3734 2616 3789 congregare,
2650 3735 2717 3774 ne
2759 3719 2808 3772 in
2851 3717 3074 3773 crimine
3103 3724 3339 3780 maneat,
3367 3713 3561 3768 aduo-

1983 3791 2156 3858 decim
2185 3792 2454 3858 episc0pis
2477 3789 2744 3858 audiatur.

2052 3857 2176 3912 508.
2219 3857 2286 3914 Ut
2310 3857 2533 3927 episcopi
2563 3857 2730 3926 pltbes
2779 3857 2978 3927 alienas
3016 3871 3119 3908 non
3157 3863 3402 3927 usurpant
3427 3862 3476 3906 et
3503 3861 3560 3906 ut

1983 3944 2127 3981 nano
2157 3943 2221 3982 ea:
2248 3927 2320 3980 eis
2341 3923 2593 3996 collegam
2620 3941 2766 3980 suum
2793 3925 3062 3996 in_dioccsi
3089 3928 3164 3988 vel
3191 3923 3342 3974 aliubi
3373 3938 3557 3989 super-

1980 3998 2255 4068 grediatur
2285 3997 2328 4048 θ.
2375 3993 2580 4050 l’laéuit
2609 4005 2669 4068 ut
2697 4011 2729 4068 a
2757 3993 2906 4068 nullo
2949 3993 3203 4060 episcoiio
3235 3999 3558 4068 usurpentur

1982 4059 2164 4133 plebes
2191 4067 2422 4127 alienae,
2447 4079 2546 4118 nec
2572 4065 2763 4132 aliquis
2788 4059 3160 4130 episcoporum
3189 4059 3557 4128 supergredia-

1981 4143 2067 4189 tur
2091 4135 2146 4203 in
2159 4135 2362 4203 diocesi
2393 4135 2435 4168 ιο
2463 4133 2720 4201 collegam
2748 4143 2925 4203 suum.

2051 4201 2174 4257 509.
2215 4198 2308 4256 οβ’
2336 4205 2578 4273 episwpo
2609 4198 2711 4272 'qui
2757 4199 2820 4252 ab
2877 4199 3049 4273 aliqua
3100 4198 3470 4273 inpetitur,‘vcl
3513 4200 3557 4252 si

1981 4276 2088 4344 ipse
2134 4268 2480 4344 quaestionem
2511 4268 2750 4344 aliquam
2795 4271 3048 4344 retulerit,
3079 4277 3134 4344 ut
3177 4284 3269 4336 per
3296 4268 3556 4336 episcopos

1981 4338 2171 4397 iudices
2199 4358 2354 4394 causa
2404 4338 2723 4395 terminatur.
2792 4338 2849 4390 Si
2876 4340 2996 4406 quis
3033 4338 3314 4406 episcopus
3357 4352 3386 4389 a
3417 4351 3556 4405 quo-

305 4402 586 4486 eruditione
617 4402 870 4486 faciente
891 4405 1116 4474 Placuit,
1175 4419 1238 4486 ut_
1279 4402 1663 4486 adnumeaiitur
1685 4425 1878 4486 omnes
1909 4402 1958 4462 D
1983 4427 2142 4486 quam
2179 4411 2456 4486 inpetitur,
2495 4411 2589 4486 vel
2618 4411 2707 4486 ille
2735 4402 2965 4475 aliquam
2993 4402 3328 4486 q‘uestionem
3359 4402 3556 4462 retule-

309 4475 498 4548 μαοιῶ
535 4475 645 4542 qui
677 4477 902 4543 negotiis
929 4491 994 4531 ac
1023 4479 1436 4532 mercationibus
1477 4495 1654 4532 rerum
1684 4479 1876 4548 invigi-

307 4543 440 4607 lant,
467 4553 532 4617 Aut
559 4560 664 4600 non
696 4551 814 4614 plus
841 4557 1050 4617 terrena
1079 4549 1246 4617 lucra,
1275 4563 1432 4616 quam
1476 4550 1636 4601 vitam
1661 4543 1879 4617 cupiant

304 4615 718 4686 sempiternam;
751 4629 874 4668 nam
901 4616 992 4684 qui
1040 4616 1157 4685 plus
1184 4616 1252 4672 de
1281 4615 1437 4671 rebus
1467 4619 1690 4672 terrenis
1718 4615 1878 4686 quam

304 4685 374 4754 de
408 4683 621 4738 animae
654 4698 794 4754 suae
821 4683 996 4739 salute
1021 4683 1242 4754 cogitat,
1277 4687 1426 4740 valde
1452 4701 1481 4739 a
1508 4688 1594 4740 via
1640 4683 1879 4744 veritatis

305 4751 544 4826 aberrat,
574 4759 626 4806 et
649 4753 796 4808 iuxta
815 4755 1078 4826 quendam
1095 4751 1396 4826 sapientem
1427 4756 1478 4808 in
1509 4758 1614 4810 vita
1641 4771 1734 4810 sua
1757 4773 1877 4826 per—

304 4819 385 4896 dit
431 4819 616 4896 intima
665 4837 780 4876 sua.
831 4819 1276 4896 Sequeudus'est
1307 4825 1448 4880 enim
1485 4826 1540 4879 in
1579 4827 1680 4896 hac
1703 4819 1875 4896 parte,

306 4891 448 4964 sicut
475 4899 530 4964 et
555 4889 610 4943 in
649 4901 878 4964 caeteris
913 4889 1242 4961 ipostolicus
1283 4909 1480 4960 sermo,
1533 4895 1622 4964 qui
1651 4889 1726 4948 ai't
1759 4913 1772 4947 :
1807 4895 1876 4948 Et

305 4961 372 5034 sit:
398 4959 512 5028 quis
551 4959 965 5034 supergrediatur
1010 4979 1170 5032 mque
1203 4959 1565 5034 circuiiioeniai
1593 4965 1647 5018 in
1675 4969 1876 5034 negotio

301 5029 524 5096 fratrem
550 5029 737 5093 suum;
767 5031 951 5084 vindex
978 5042 1054 5086 est
1086 5029 1232 5086 enim
1263 5033 1398 5086 Deus
1427 5035 1491 5086 de
1517 5033 1594 5086 his
1621 5029 1874 5088 omnibus.

303 5097 459 5173 Sicut
481 5099 550 5152 ab
578 5097 679 5164 his,
697 5099 788 5167 qui
817 5101 985 5173 labori
1011 5115 1260 5168 agrorum
1282 5111 1338 5158 et
1356 5103 1584 5158 caeteris
1611 5103 1884 5158 laboribus

307 5171 506 5236 victum
531 5175 692 5236 atque
719 5171 966 5225 vestitum
998 5179 1054 5224 et
1095 5173 1398 5227 necessaria
1429 5173 1611 5226 usibus
1639 5175 1884 5228 humanis

305 5235 616 5306 adquirere
641 5239 905 5294 inhiantes
933 5240 954 5269 ³⁵
1003 5241 1224 5306 instant,
1265 5244 1506 5296 decimae
1547 5251 1600 5294 et
1638 5243 1879 5296 elimosi-

307 5315 410 5363 nae
429 5304 636 5374 dandae
659 5319 786 5363 sunt
815 5327 829 5362 :
863 5309 936 5362 ita
963 5309 1046 5364 his
1073 5304 1288 5380 quoque
1331 5311 1422 5380 qui
1460 5326 1559 5380 pro
1586 5313 1877 5368 necessita-

1986 4477 2074 4548 ῆι,
2109 4497 2204 4550 per
2236 4477 2548 4551 episcopos
2579 4481 2779 4551 iudices
2820 4492 2983 4551 causa
3021 4477 3256 4551 ﬁniatur,
3285 4477 3397 4530 sive
3421 4490 3558 4544 quos

1984 4546 2068 4607 eis
2093 4546 2344 4620 primates
2373 4546 2640 4617 dederint,
2667 4549 2780 4603 sive
2805 4562 2942 4617 quos
2970 4547 3073 4618 ipsi
3103 4546 3307 4602 vicinos
3332 4561 3398 4601 ex
3427 4561 3556 4602 con-

1983 4637 2143 4675 sensu
2173 4620 2491 4689 delegerint.

2051 4689 2174 4744 510.
2219 4687 2482 4744 Ut'nullus
2502 4690 2770 4758 cpiscopus
2801 4687 2960 4741 alium
2982 4688 3273 4758 episcopum
3303 4691 3559 4743 conculcet

1983 4769 2071 4813 aut
2097 4759 2348 4830 inpediat.
2377 4759 2452 4830 Ut
2498 4759 2675 4812 nullus
2712 4758 2996 4830 episcOpus
3037 4758 3202 4830 alium
3238 4760 3558 4830 _episc0pum

1981 4827 2261 4884 conculcet
2307 4828 2391 4884 vel
2438 4827 2871 4899 supergrediatur
2900 4827 2993 4882 aut
3035 4828 3251 4896 aliquod
3280 4829 3326 4881 ei
3359 4827 3557 4884 incom-

1981 4900 2202 4953 modum
2233 4901 2412 4954 faciat.

2019 4968 2142 5020 511.
2193 4965 2278 5021 Ne
2302 4971 2568 5034 prcs'iteri
2614 4971 2691 5024 vel
2714 4969 2919 5022 diaconi
2942 4967 3074 5036 sine
3102 4967 3416 5029 conscientia
3444 4969 3551 5036 cpi-

1986 5053 2252 5109 scoparum
2280 5055 2488 5092 suorum
2515 5039 2710 5107 aliquid
2735 5047 2910 5109 agant.
2941 5034 3008 5088 Ut
3034 5036 3422 5109 presbiterivel
3445 5034 3554 5090 dia—

1984 5105 2104 5161 coni
2126 5108 2584 5176 sitie_conscientia
2602 5105 2976 5176 episcoporum
2991 5119 3204 5176 suorum
3228 5105 3354 5176 nihil
3374 5117 3550 5172 agant.

2054 5175 2174 5246 513.
2217 5174 2296 5246 ρε
2334 5179 2443 5231 loco
2474 5174 2652 5232 dando
2673 5174 2940 5246 peregrino
2970 5175 3225 5246 episcOpo,
3245 5175 3310 5246 in
3343 5192 3441 5243 quo
3469 5193 3553 5234 sa.-

1982 5245 2192 5314 criﬁcet.
2227 5243 2294 5316 Ut
2323 5249 2604 5316 peregrino
2629 5243 2880 5316 episcopo
2911 5243 3061 5298 locus
3095 5245 3428 5300 sacriﬁcandi
3457 5247 3552 5302 de-

1985 5325 2070 5368 tur
2089 5324 2251 5384 atque
2279 5315 2509 5382 benigne
2535 5315 2871 5385 suscipiatur.

1519 5424 1906 5481 VARIANTES
1943 5425 2342 5484 LECTIONES.

388 5513 404 5544 ι
433 5513 600 5592 uestri
633 5513 752 5568 Bal.
825 5516 844 5546 ⁹
873 5523 1090 5592 maneat
1115 5512 1181 5570 G.
1243 5514 1580 5592 fdeesl'Ba_l._
1645 5517 1817 5592 fdeest
1847 5517 1964 5574 Bal.
2041 5521 2062 5551 "
2085 5520 2368 5592 anbiantes
2391 5519 2510 5574 Bal.
2578 5521 2885 5592 “scisma...
2915 5520 3126 5574 innatus
3153 5537 3204 5573 ιη
3235 5521 3340 5589 ﬁne.
3363 5495 3549 5592 posito,

307 5583 570 5686 adscriplt‘o
589 5599 622 5636 α
641 5599 794 5686 melius
814 5585 996 5686 fugem
1017 5587 1076 5684 it:
1091 5587 1323 5686 margine
1353 5601 1366 5636 :
1397 5586 1620 5686 quodrin
1649 5587 1748 5640 ista
1777 5589 1916 5643 linea
1944 5591 2080 5686 vlicio
2101 5589 2379 5686 seriptoris
2405 5592 2578 5686 abest,
2601 5591 2766 5646 habes
2784 5589 3043 5660 scriptum
3071 5592 3123 5644 in
3153 5583 3376 5686 origin?
3400 5583 3440 5636 -’⁷’
3471 5583 3552 5647 in;

310 5665 450 5686 ,διο-’1⁸1
527 5679 547 5686 _
731 5668 806 5686 Δ..
909 5671 938 5686 n
1105 5669 1168 5686 nn
1213 5667 1362 5686 mann.
1392 5668 1487 5686 cun
1515 5673 1527 5686 ι
1554 5669 1789 5686 ιηηΔιδΔι-ιο
1816 5673 1912 5686 Ωιι-ι
1997 5661 2004 5672 ¹
2178 5679 2188 5686 .
2215 5659 2431 5686 ζΛιιΛοῖ-.ι
3245 5677 3250 5684 .-
3459 5679 3462 5682 λ

309 5651 477 5709 currit
505 5651 572 5708 G.

649 5654 668 5685 ⁸
695 5655 832 5708 deest
863 5653 979 5709 Bal.
1055 5655 1076 5684 ⁸
1105 5653 1362 5724 collegam
1392 5668 1487 5707 sue
1515 5655 1792 5711 dioceseos
1815 5673 1935 5726 sap.
1965 5661 2031 5712 (ἱ.

2108 5659 2148 5688 ¹⁰
2177 5659 2431 5714 diocesim
2463 5659 2528 5714 ϐ.
