4002 6146
446 279 550 332 79.3

1343 275 1404 329 B.
1446 274 1696 332 CAROLI
1735 273 1946 328 MAGNI
1985 272 2135 329 ΟΡΡ.
2180 271 2356 325 PARS
2396 273 2432 325 l.
2476 271 2715 327 SECTIO
2750 272 2792 325 Ι.

3618 274 3714 328 ’781

513 391 638 443 515.
685 388 756 441 De
802 401 903 439 non
951 385 1374 452 condempnando
1425 387 1442 455 γ’
1497 389 1620 450 illo,
1677 387 1818 440 cuius
1865 401 2022 438 causa
2053 388 2098 446 Α
2129 385 2382 439 connubia
2415 402 2514 439 non
2554 386 2766 439 ducant.
2801 384 2869 455 [lt
2896 384 3172 438 christiani
3215 400 3280 439 es
3314 386 3718 454 propinquitate

441 460 719 529 diligenter
763 473 863 529 non
912 462 1000 529 est
1029 457 1345 529 examinata.
1391 454 1643 529 Non__est
1666 456 1864 529 iustum
1895 470 2022 508 con-

442 525 737 595 dempnare
778 527 948 578 virum
993 527 1012 554 ν
1043 525 1196 579 cuius
1237 539 1398 578 causa
1425 525 1489 578 ad
1519 525 1774 593 liquidum
1807 539 1912 579 non
1942 531 2026 578 est

446 597 771 653 examinata.

515 663 638 720 514.
682 663 758 734 De
785 665 863 734 his
905 663 990 733 qui
1021 663 1161 734 falsa
1191 663 1436 734 fratribus
1488 663 1736 733 capita’ia
1773 661 2022 734 obiciunt,

445 735 572 796 Eos,
606 735 696 802 qui
728 733 858 786 falsa
889 731 1140 786 fratribus
1187 731 1434 802 capitalia
1485 731 1745 787 obiecisse
1793 731 2026 802 convicti

445 801 660 866 fuerint,
679 802 875 870 placuit
897 815 992 856 eos
1007 817 1177 870 usque
1191 801 1468 856 adexitum
1483 818 1586 855 non
1606 801 2024 855 communicare.

513 871 653 941 515.
684 870 760 924 De
786 872 1088 941 deponendo
1136 874 1399 926 sacerdote
1439 872 1517 925 vel
1549 873 1728 935 levita,
1758 871 1805 941 si
1834 871 2026 941 ciiaien

445 940 654 1012 aliquod
682 943 744 994 de
763 957 823 1012 se
849 939 1116 1012 confessus
1145 943 1316 1012 fuerit.
1352 944 1420 995 L‘t
1445 941 1697 1012 sacerdos
1727 939 1810 992 vel
1842 939 2027 1005 levita,

441 1014 486 1068 si
519 1011 585 1063 de
612 1025 671 1064 se
698 1011 898 1078 crimen
927 1011 1152 1078 aliquod
1167 1011 1472 1071 conlitetur,
1504 1011 1824 1078 deponatur.

515 1079 641 1132 516.
686 1077 762 1132 De
815 1079 894 1131 his
931 1077 1028 1148 qui
1047 1078 1244 1134 libellos
1283 1081 1506 1149 famosos
1535 1077 1944 1199 inventisfuerint
1974 1077 2026 1129 in

515 1151 655 1199 :lesia
697 1151 929 1199 posuisse
957 1149 1008 1199 ³.
1057 1160 1113 1199 ut
1153 1150 1670 1199 anatltematizentur.
1773 1146 1787 1198 i
1828 1146 1915 1199 aui
1949 1145 2026 1198 in-

440 1151 655 1204 ecclesia
697 1151 929 1217 posuisse
947 1145 1008 1211 ’³,
1057 1160 1113 1202 ut
1145 1145 1670 1217 fanatltematizentur.
1729 1145 1787 1199 Si
1828 1146 1915 1214 qui
1949 1145 2030 1198 in-

440 1220 587 1273 venti
632 1217 830 1271 fuerint
879 1217 1085 1272 libellos
1135 1216 1372 1273 famosos
1421 1219 1471 1271 in
1519 1217 1747 1272 ecclesia
1803 1230 2027 1284 ponere,

449 1288 997 1342 anathematizentur.

518 1357 642 1411 517.
685 1355 752 1410 Ut
782 1356 984 1409 delator
1015 1358 1420 1410 communionem
1449 1371 1539 1408 nec
1567 1355 1621 1407 in
1652 1355 1754 1423 ﬁne
1784 1355 2027 1421 accipiat,

443 1430 487 1481 si
515 1429 748 1480 inventus
783 1427 932 1490 fuerit
961 1427 1168 1495 quilibet
1197 1444 1283 1490 per
1305 1426 1614 1478 delationem
1643 1425 2029 1495 eiuspraescri-

443 1506 564 1567 ptas
606 1498 683 1567 rel
721 1491 1039 1567 interfectus.
1075 1495 1510 1567 Delatorisiquis
1553 1493 1794 1567 extiterit
1840 1491 2026 1567 fidelis,

446 1561 500 1620 et
529 1581 625 1633 per
652 1561 976 1619 delationem
1005 1567 1120 1618 eius
1148 1566 1339 1633 aliquis
1371 1561 1528 1633 fuerit
1557 1563 1920 1633 praescriptus
1949 1561 2030 1614 vel

446 1631 786 1700 interfectus,
813 1635 1014 1704 placuit
1036 1650 1156 1688 eum
1183 1631 1278 1688 nec
1303 1633 1356 1687 in
1380 1631 1485 1686 line
1516 1648 1591 1686 act
1613 1631 1760 1701 ipere
1790 1646 2031 1685 commu-

451 1719 689 1759 nionem.

521 1771 644 1850 5l8_.
687 1771 772 1825 Ne
803 1773 988 1842 aliquis
1008 1774 1274 1850 episcopus
1299 1774 1374 1826 vel
1400 1769 1834 1850 inferior-gradus
1866 1769 2028 1849 domi~

447 1844 564 1896 nico
588 1842 670 1894 die
690 1837 989 1912 quemquam
1015 1837 1244 1912 iudicare
1273 1837 1587 1912 praesumat.
1617 1837 1684 1894 Ut
1716 1837 1890 1912 nullus
1919 1839 2032 1906 epi-

448 1926 645 1977 scopus
688 1909 774 1965 vel
824 1909 944 1979 quis
990 1911 1124 1966 infra
1172 1909 1378 1979 positus
1413 1910 1498 1965 die
1545 1909 1816 1964 dominico
1843 1923 2034 1979 causas

449 1982 688 2035 iudicare
719 1977 1042 2046 praesumat.
1073 1977 1281 2034 Ceteris
1309 1995 1437 2034 vero
1477 1978 1664 2032 diebus
1688 1977 2031 2034 conliibenti-

453 2051 552 2104 bus
583 2045 827 2119 persenis
871 2051 958 2104 illa
985 2064 1122 2118 quae
1164 2052 1301 2105 iusta
1341 2058 1464 2102 sunt
1494 2047 1728 2119 habeant
1758 2045 2031 2102 licentiam

457 2117 745 2189 iudicandi,
768 2117 1322 2189 esceptoicriminalra
1350 2117 1563 2186 negotia
1595 2118 1635 2172 ".

526 2188 650 2242 519.
694 2186 768 2240 De
797 2186 1017 2258 potente,
1049 2189 1094 2241 si
1139 2205 1412 2256 pauperem
1459 2190 1794 2256 expo'iauerit
1839 2202 1887 2243 et
1931 2207 2034 2244 non

452 2259 734 2311 reddiderit
782 2276 814 2310 a
852 2266 1086 2312 monente
1133 2260 1405 2329 episcopo,
1448 2261 2033 2329 uldeIcom-uunicelur.

455 2329 510 2380 Si
544 2329 661 2394 quis
692 2337 971 2393 pOIeutnm
1017 2325 1317 2396 quemlibet
1356 2325 1708 2394 expoliaverit
1751 2337 1804 2381 et
1853 2331 2035 2382 admo—

455 2405 616 2451 nrnte
641 2397 894 2463 episcopo
929 2412 1033 2449 non
1067 2397 1376 2458 reddiderit,
1409 2397 1924 2452 excomiuuniectnr.

524 2464 648 2519 520.
695 2463 760 2517 Ut
791 2467 961 2518 nullus
1004 2467 1216 2520 clericus
1263 2467 1326 2518 ab
1374 2465 1612 2533 episwpo
1664 2482 1756 2520 suo
1802 2467 2038 2521 recedere

457 2543 751 2604 praesumat
780 2543 827 2586 et
865 2535 932 2587 ad
959 2535 1118 2587 alium
1146 2537 1386 2604 transire.
1421 2534 1488 2588 Ut
1516 2534 1692 2587 nullus
1720 2535 1946 2604 clericus
1970 2537 2038 2590 ab

455 2601 716 2673 epzscopo
726 2619 839 2673 suo
870 2605 1087 2658 recedat
1113 2611 1168 2656 et
1196 2601 1264 2656 ad
1294 2605 1454 2656 alium
1481 2617 1539 2655 se
1568 2603 1877 2658 transferat.

525 2671 655 2727 52L
695 2671 761 2727 Ut
789 2673 980 2735 cltrici,
1006 2673 1091 2743 qui
1122 2688 1269 2724 arma
1299 2675 1753 2743 praesunq:serint,
1775 2675 1829 2726 in
1858 2691 2039 2728 mona-

457 2745 670 2796 sterium
695 2744 764 2794 ad
795 2740 1049 2812 agendam
1095 2740 1463 2812 paenitentiam
1504 2740 1796 2797 tradantur.
1834 2744 1900 2796 llt
1928 2745 2039 2798 cle-

456 2814 574 2877 rici,
607 2812 697 2880 qui
727 2812 780 2864 in
811 2811 1128 2879 quacunque
1149 2811 1412 2864 seditione
1443 2825 1590 2880 arma
1614 2813 1853 2866 volentes
1881 2828 2038 2873 prae-

455 2881 822 2950 sumpserint,
878 2881 1325 2950 repertipamisso
1380 2879 1584 2933 ordinis
1632 2882 1714 2934 sui
1763 2881 1930 2950 gradu
1987 2883 2040 2936 in

463 2948 791 3004 monasterio
820 2948 1185 3018 poenitentiae
1214 2949 1620 3003 contradautur.

530 3019 656 3072 522.
700 3018 768 3073 Ut
815 3019 986 3074 nullus
1017 3020 1037 3047 “
1066 3035 1240 3088 regum
1285 3019 1432 3073 huius
1482 3020 1696 3073 canonis
1725 3021 1745 3048 ⁸
1770 3036 2042 3074 censuram

458 3091 511 3142 in
541 3090 714 3159 aliquo
735 3089 926 3142 violare
947 3091 1224 3157 permittat.
1257 3088 1424 3144 liuius
1449 3089 1847 3144 constitutionis
1873 3090 2042 3144 forma

457 3168 724 3219 servetur.
759 3166 817 3212 ut
860 3160 1225 3213 execrandum
1265 3159 1284 3188 ⁷
1328 3159 1612 3212 anathema
1661 3159 1753 3212 ﬂat
1797 3169 1852 3213 et
1897 3164 2045 3214 velut

461 3228 864 3296 praevaricator
891 3227 1189 3282 catholicae
1217 3227 1335 3280 lidei
1363 3241 1574 3295 semper
1602 3243 1631 3281 a
1667 3228 1892 3282 Domino
1924 3245 2046 3284 rens

459 3299 706 3360 exsistat,
739 3297 1062 3366 quicumque
1103 3311 1286 3364 regum
1315 3297 1571 3365 deinceps
1617 3299 1838 3352 c..nonis
1889 3299 2046 3355 huius

461 3381 744 3420 censuram
797 3367 848 3420 in
891 3381 1227 3435 quocumque
1270 3366 1553 3420 crediderit
1607 3377 1700 3420 aut
1745 3369 2045 3436 permiserit

468 3436 798 3489 violandam.

536 3504 659 3575 525.
705 3503 772 3557 Ut
821 3506 1161 3575 unusquisque
1209 3505 1420 3558 alterius
1473 3523 1498 3558 r
1536 3508 1635 3559 inis
1690 3520 1966 3575 rurcurrat
1996 3516 2046 3561 et

462 3576 596 3627 iram
629 3573 723 3626 Dei
752 3590 842 3642 per
899 3590 1017 3627 nam
1049 3573 1453 3640 compas.ione.‘n
1485 3592 1515 3626 a
1544 3593 1595 3628 se
1641 3593 1694 3628 re
1717 3587 1912 3629 noceat.
1941 3573 2045 3630 Oc-

465 3657 687 3698 currere
719 3652 867 3696 certe
893 3645 1208 3696 miserorum
1237 3644 1406 3697 ruinis
1433 3643 1592 3697 debet
1619 3645 1800 3698 subsid
1824 3663 1855 3698 υ
1885 3661 2046 3699 unus-

473 3713 722 3780 quisque,
751 3725 857 3778 qao
889 3711 1051 3778 valet,
1073 3721 1127 3764 et
1158 3713 1177 3742 ⁸
1204 3713 1532 3766 relevatione
1557 3713 1762 3768 alienae
1784 3714 2048 3768 vindictae

470 3797 500 3834 a
531 3795 589 3834 se
634 3781 727 3834 Dei
757 3795 1036 3834 removere
1077 3781 1386 3835 vindictam.
1431 3782 1584 3835 Libat
1626 3783 1768 3836 enim
1822 3783 2044 3842 Domino

470 3865 747 3921 prospera,
779 3851 867 3921 qui
896 3851 962 3902 ab
984 3848 1196 3904 afllictis
1222 3850 1370 3918 pellit
1394 3851 1635 3904 adversa.

545 3916 665 3974 39L
710 3916 855 3981 Quod
883 3921 985 3982 lex,
1018 3937 1169 3988 quam
1212 3916 1322 3984 rex,
1352 3923 1435 3988 qui
1474 3922 1616 3988 prior
1660 3924 1692 3987 Ῑιν
1716 3924 1775 3982 it,
1806 3922 2046 3988 instituit,

469 3991 532 4042 ab
562 3989 672 4049 illo.
705 3991 787 4058 qui
818 3991 864 4042 ei
895 3991 1218 4050 successerit,
1247 3989 1362 4057 pari
1391 3992 1640 4042 sententia
1688 3992 1929 4045 roborata
1959 3994 2042 4045 sit.

476 4059 692 4126 Legem,
737 4073 895 4124 quam
927 4067 1112 4113 noster
1139 4058 1305 4111 edidit
1335 4059 1580 4127 princeps
1604 4099 1619 4123 ,
1647 4061 1822 4114 stabili
1855 4066 2050 4116 robore

477 4131 747 4180 lirlnatnus
787 4136 948 4196 atque
995 4136 1052 4182 ut
1101 4127 1292 4183 futuris
1347 4129 1678 4197 temporibus
1735 4131 2050 4187 observetur

477 4198 589 4250 nari
613 4197 873 4249 sententia
903 4197 1209 4250 detinimns.

476 4198 589 4265 pari
613 4197 873 4265 sententia
903 4197 1209 4252 detinimus.

545 4265 668 4323 525.
715 4264 782 4318 Ut
810 4269 863 4318 in
903 4267 1299 4340 metrOpolitana
1348 4269 1464 4321 sede
1492 4269 1563 4340 ad
1604 4268 2048 4340 synodumiagen-

469 4335 589 4388 dam
624 4351 795 4388 onmes
820 4337 1084 4403 ponti/ires
1115 4338 1467 4405 conferantur.
1493 4335 1699 4390 Placuit
1725 4335 1966 4401 delinire,
1994 4348 2050 4394 ut

472 4405 710 4473 paternis
740 4405 1158 4460 institutionibus
1187 4407 1540 4473 obsequentes
1564 4408 1613 4459 iu
1638 4409 2047 4473 metropolitana
2079 4406 2126 4462 D

471 4474 599 4548 sede
623 4481 881 4548 tempore,
913 4489 1020 4548 quo
1044 4489 1230 4548 omnes
1251 4475 1602 4548 provinciales
1627 4477 1887 4548 elegerint
1912 4492 2048 4548 pon-

476 4543 664 4607 tifices,
699 4544 764 4595 ad
794 4544 1055 4610 synodum
1087 4543 1379 4599 faciendam
1409 4545 1616 4598 devotis
1644 4543 1831 4598 studiis
1859 4543 2046 4602 co'nfe-

476 4626 677 4664 ramus.

437 4727 440 4731 .
500 4751 508 4753 _
546 4678 668 4732 526.
715 4678 783 4732 Ut
812 4680 1114 4753 dignitatem
1140 4683 1382 4736 amittant
1411 4699 1604 4747 omnes,
1638 4687 1721 4753 qui
1748 4685 1815 4737 ad
1841 4687 2050 4752 ειεροί-

471 4751 661 4825 tionem
691 4750 956 4825 exercitus
985 4765 1090 4803 non
1117 4761 1331 4825 pergunt
1359 4762 1446 4805 aut
1484 4753 1547 4825 de
1574 4750 1794 4825 exercitu
1825 4750 2045 4825 fugiunt.

474 4817 704 4884 Placuit,
737 4826 793 4870 ut
815 4817 1008 4890 omnis,
1040 4817 1130 4886 qui
1156 4817 1248 4874 aut
1276 4822 1328 4874 in
1358 4822 1755 4890 expeditionem
1783 4817 2050 4878 eleicitus

474 4889 676 4956 absque
723 4889 886 4958 gravi”
927 4890 1247 4944 necessitate
1295 4905 1399 4943 non
1432 4889 1812 4958 progreditur,
1845 4900 1937 4946 aut
1981 4894 2050 4948 de

475 4955 713 5020 exercitu
743 4955 907 5024 fugit,
940 4957 1249 5013 testimonio
1275 4955 1712 5025 dignitatis'suae
1741 4955 1808 5014 sit
1839 4962 2048 5016 inrevo-

473 5027 718 5096 cabiliter
744 5041 964 5090 carens;
992 5027 1061 5080 ita
1090 5036 1148 5080 ut
1174 5027 1225 5081 in
1256 5028 1570 5096 quibusdam
1613 5028 1805 5085 villulis
1835 5032 1914 5085 vel
1944 5040 2039 5086 ter-

477 5095 671 5148 iitoriis
699 5098 812 5150 sive
839 5097 968 5150 vicis
996 5099 1161 5165 pestis
1203 5098 1222 5128 9
1265 5095 1422 5152 huius
1444 5098 1802 5153 infamationis
1838 5100 2045 5154 habita-

477 5172 620 5234 tores
648 5166 885 5234 ipsorum
909 5165 1150 5220 locorum
1178 5168 1284 5221 sint
1308 5166 1623 5234 degeneres,
1647 5177 1701 5221 et
1729 5170 2044 5224 testificandi

475 5233 557 5287 vel
587 5233 864 5287 accusandi
897 5237 1092 5288 nullam
1125 5237 1354 5291 habeant
1381 5233 1668 5292 licentiam.

544 5301 668 5356 527.
706 5304 772 5357 Ut
823 5305 1090 5358 christiani
1132 5323 1196 5360 ea:
1234 5307 1610 5377 propinquitate
1655 5308 1735 5360 sui
1781 5309 2048 5378 sanguinis

2127 455 2208 509 sui
2237 455 2512 520 san-guinis
2541 455 2808 508 connubia
2845 470 2950 507 non
2998 455 3217 518 ducant,
3253 470 3352 510 nec
3403 457 3524 510 sine
3554 456 3716 509 bene—

2125 524 2364 579 dictione
2388 523 2684 578 sacerdotis
2715 525 2917 577 nubere
2945 524 3198 577 audeant.

2195 593 2320 647 528.
2367 594 2433 646 l.’t
2457 609 2560 646 non
2590 593 2874 658 varientur,
2905 610 3035 659 quae
3063 608 3272 662 propter
3296 594 3575 647 utilitatem
3601 603 3720 646 sunt

2124 663 2380 717 instituta.
2406 662 2554 728 Quae
2575 663 2641 715 ad
2665 671 2974 730 perpetuam
3000 661 3282 716 utilitatem
3303 674 3429 716 sunt
3453 664 3716 728 instituta,

2127 734 2270 786 nulla
2301 731 2722 787 commutatione
2749 731 3054 794 varientur;
3099 746 3199 786 nec
3221 731 3287 785 ad
3307 732 3576 800 privatum
3608 743 3719 786 tra-

2129 802 2321 856 hantur
2367 800 2729 864 commodum,
2771 816 2910 867 quae
2945 803 3012 854 ad
3054 801 3252 854 bonum
3280 809 3404 854 sunt
3431 818 3721 856 commune

2126 872 2383 939 praelixa.
2438 869 2505 922 Et
2551 870 2886 924 manentibus
2927 870 3186 939 terminis,
3236 885 3371 938 quos
3411 880 3722 925 statuerunt

2128 938 2349 1008 patres,
2413 953 2571 992 nemo
2616 941 2872 1008 dampnet
2920 938 3198 1004 alienum;
3243 940 3337 994 sed
3390 940 3534 994 intra
3591 940 3724 997 ﬁnes

2129 1007 2378 1077 proprios
2425 1016 2587 1078 atque
2625 1007 2909 1078 legitimos,
2940 1017 3100 1076 prout
3131 1008 3252 1076 quis
3281 1008 3532 1078 voluerit,
3561 1010 3617 1064 in
3646 1010 3723 1065 la-

2132 1075 2356 1132 titudine
2385 1093 2445 1132 se
2473 1075 2716 1130 caritatis
2747 1075 3020 1132 exerceat.

2199 1149 2324 1219 529.
2367 1147 2445 1219 De
2472 1147 2574 1214 ﬁde
2616 1144 2820 1199 Nicena
2847 1147 3119 1219 servanda.
3155 1145 3304 1200 Etut
3342 1149 3615 1219 privilegia
3641 1165 3719 1202 ec-

2132 1218 2402 1271 clesiarum
2433 1217 2635 1284 integra
2665 1229 2928 1270 maneant.
2971 1215 3035 1270 Ut
3069 1216 3196 1270 lides
3224 1215 3420 1272 Nicena
3452 1215 3717 1284 secvetur,

2129 1296 2183 1340 et
2213 1287 2484 1356 privilegia
2512 1286 2862 1356 ecclesiarum
2897 1287 3114 1339 inlibata
3146 1296 3521 1356 permaneant.

2199 1357 2324 1408 550.
2371 1355 2519 1419 Quod
2563 1369 2745 1408 con'ra
2789 1364 2945 1423 caput
2976 1371 3077 1409 non
3117 1355 3184 1408 sit
3213 1357 3490 1423 agendum.
3521 1359 3720 1412 Contra

2131 1434 2290 1491 caput
2309 1425 2516 1480 etiamsi
2543 1423 2837 1476 faciendum
2862 1434 2966 1491 est,
2991 1440 3095 1478 non
3119 1425 3346 1479 libenter
3367 1426 3718 1491 admittimus.

2198 1490 2318 1548 551.
2364 1493 2444 1547 De
2488 1494 2784 1560 presbfteris
2813 1496 2896 1560 qui
2927 1505 3107 1548 contra
3157 1490 3474 1548 canones'ad
3509 1499 3725 1550 comita-

2131 1573 2235 1618 tum
2281 1565 2356 1617 ire
2401 1563 2656 1632 uoluerint
2699 1565 2968 1631 susceptis,
3024 1565 3109 1632 qui
3147 1564 3400 1618 dominico
3447 1565 3652 1620 decreto
3683 1567 3721 1597 "

2131 1636 2490 1688 communione
2519 1631 2675 1685 alieni
2697 1631 3063 1702 decernuntur.
3099 1634 3172 1686 Ex
3203 1634 3462 1688 relatione
3485 1651 3726 1702 quoum-

2133 1704 2256 1758 dam
2285 1702 2590 1765 didicimus,
2624 1701 2859 1768 qualiter
2887 1703 3188 1770 presbiteri,
3221 1705 3308 1768 qui
3341 1701 3530 1758 contra
3564 1721 3724 1758 cano-

2136 1788 2229 1827 nes
2256 1771 2536 1826 adversum
2583 1785 2683 1824 nos
2711 1771 2775 1822 ad
2805 1773 3119 1824 comitatum
3165 1774 3348 1827 nescio
3378 1789 3481 1838 qua
3536 1777 3726 1829 audaci

2138 1843 2442 1898 temeritate
2473 1841 2551 1894 ire
2575 1840 2879 1906 voluerunt,
2908 1842 3141 1908 suscepti
3178 1850 3318 1895 sunt.
3356 1842 3508 1898 Unde
3536 1843 3638 1898 has
3663 1845 3726 1898 ad

2136 1928 2233 1967 vos
2260 1912 2464 1965 litteras
2489 1909 2839 1973 destinamus,
2858 1910 2908 1963 in
2933 1911 3128 1978 quibus
3155 1911 3372 1966 decreto
3395 1920 3586 1966 nostro
3606 1929 3727 1968 san-

2138 1983 2309 2036 cimus
2349 1987 2680 2033 memoratos
2712 1981 3114 2046 perturbatores
3143 1996 3170 2033 a
3200 1982 3586 2035 communione
3613 1997 3728 2036 esse

2135 2052 2340 2105 alienos
2389 2049 2606 2104 debere.
2663 2049 2727 2101 Et
2775 2049 2913 2112 illos,
2969 2051 3057 2117 qui
3115 2050 3377 2104 elfrcnato
3427 2051 3554 2105 huic
3588 2052 3727 2106 facto

2129 2120 2362 2176 consilio
2410 2133 2689 2172 assensum
2746 2119 3092 2172 commodare
3152 2119 3454 2179 voluerunt,
3519 2131 3728 2175 vestrae

2137 2190 2374 2244 caritatis
2425 2197 2508 2242 est
2562 2188 2834 2250 estimare,
2891 2187 3124 2255 qualiter
3167 2189 3485 2243 habeantur.
3527 2190 3730 2253 Quibus

2138 2261 2355 2312 obicere
2400 2257 2642 2318 debetis,
2675 2255 2816 2324 quod
2849 2256 2992 2310 iusta
3025 2272 3259 2312 canones
3308 2257 3390 2311 for
3415 2261 3523 2312 iter
3554 2260 3730 2313 incur—

2141 2343 2259 2383 rere
2307 2336 2362 2382 et
2411 2328 2643 2395 qualiter
2695 2325 3016 2393 presbiterts
3074 2343 3178 2381 non
3230 2327 3455 2381 decebat
3505 2329 3730 2383 rebelles

2145 2399 2378 2452 existere
2411 2404 2769 2450 tentaverunt.
2808 2395 2908 2449 Vos
2937 2405 3113 2449 autem
3140 2411 3421 2450 monemus
3452 2398 3504 2450 in
3533 2414 3730 2467 specu-

2147 2468 2210 2520 lis
2238 2482 2356 2521 esse
2379 2467 2594 2525 debere,
2646 2478 2820 2530 neque
2868 2467 2918 2518 in
2957 2481 3142 2535 eorum
3193 2478 3504 2535 proruptam
3559 2467 3725 2520 auda-

2142 2537 2278 2590 ciam
2309 2537 2345 2566 “
2380 2535 2650 2594 devenire.
2677 2547 2813 2603 quos
2837 2534 3316 2590 anathematizatos
3338 2534 3440 2590 scit
3465 2552 3491 2591 s
3514 2546 3651 2590 .ntta
3677 2546 3728 2592 et

2141 2606 2433 2673 apos'olica
2457 2603 2709 2658 ecclesia.

2214 2673 2336 2728 552.
2377 2675 2450 2726 De
2478 2674 2798 2726 sacerdotum
2851 2672 3058 2727 Domini
3085 2676 3254 2727 causis
3294 2691 3396 2727 non
3445 2685 3522 2728 ter
3546 2696 3552 2725 ,ν
3578 2678 3725 2728 ξηαπς

2133 2745 2223 2797 .dis
2246 2745 2542 2813 priuiquam
2571 2758 2634 2795 ea:
2665 2752 2878 2810 utraque
2911 2751 3056 2811 parte
3099 2744 3264 2810 ﬁdelit
3296 2761 3322 2796 r
3351 2746 3656 2811 audiantur,
3683 2755 3728 2798 et

2145 2815 2340 2882 pariter
2365 2830 2423 2865 ac
2453 2813 2722 2882 diligenter
2747 2821 3146 2880 perscrutentur.
3178 2813 3306 2879 Nos,
3341 2817 3433 2881 qui
3477 2824 3730 2869 saeculo-

2146 2879 2256 2935 tum
2293 2879 2496 2937 Domini
2534 2879 2722 2935 natura
2768 2887 3012 2935 volumus
3041 2897 3160 2934 esse
3208 2879 3510 2948 iurafnihil
3545 2900 3730 2952 possu-

2146 2968 2264 3006 nuts
2303 2954 2351 3004 in
2408 2952 2687 3018 incognitis
2716 2957 2874 3004 rebus
2902 2953 2951 3003 in
2983 2952 3296 3019 cuiusquam
3338 2955 3505 3020 partis
3536 2955 3729 3007 indicio

2145 3022 2286 3075 dulin
2312 3036 2388 3084 re,
2418 3023 2724 3088 priusquam
2753 3020 2997 3074 universa
3027 3037 3164 3089 quae
3195 3034 3346 3090 gesta
3391 3032 3520 3076 sunt
3572 3039 3723 3076 vera-

2147 3113 2162 3144 i
2180 3092 2282 3144 iter
2311 3093 2613 3142 audiamus.

2219 3159 2343 3213 555.
2387 3157 2536 3222 Quod
2565 3157 2834 3223 Dominus,
2868 3161 2952 3227 qui
2999 3162 3202 3213 animas
3230 3161 3493 3215 hominum
3545 3166 3727 3226 salvat,

2145 3232 2430 3302 imitatores
2471 3245 2568 3302 nos
2606 3231 2720 3302 velit
2763 3245 2887 3282 suae
2913 3245 3025 3302 esse
3071 3231 3294 3298 pietatis.
3325 3231 3602 3302 Dominus,
3645 3235 3729 3302 qui

2148 3300 2294 3353 venit
2323 3299 2831 3368 animashominutn
2861 3299 3087 3361 saIVare,
3123 3316 3226 3351 non
3261 3301 3519 3368 perdere,
3555 3299 3730 3355 iniiin-

2149 3379 2294 3422 tores
2333 3383 2432 3421 nos
2458 3367 2572 3420 Vult
2598 3381 2718 3438 esse
2746 3382 2876 3421 suae
2927 3369 3162 3436 pietatis,
3199 3377 3256 3422 ut
3291 3380 3584 3435 peccantes
3612 3373 3728 3438 qui-

2147 3441 2267 3492 dem
2301 3437 2498 3491 iustitia
2531 3437 2833 3501 cohercent,
2884 3453 3174 3492 conversos
3221 3447 3396 3492 autem
3450 3456 3481 3492 a
3527 3442 3732 3495 miseri-

2150 3506 2333 3561 cordia
2367 3522 2469 3558 non
2501 3506 2746 3574 repellat.

2218 3574 2340 3629 554.
2375 3577 2449 3626 De
2475 3575 2736 3644 religionis
2765 3576 2992 3647 periculo
3019 3578 3080 3628 ab
3108 3578 3504 3647 uniuscuiusque
3527 3579 3730 3645 pictatis

2151 3647 2388 3716 conscien
2413 3647 2464 3696 ia
2487 3649 2818 3716 removendo.
2848 3644 3158 3716 Retnovete,
3191 3644 3540 3716 quaesumus,
3580 3665 3609 3700 a
3649 3666 3732 3702 ve-

2146 3725 2292 3785 strae
2313 3714 2527 3785 pietatis
2539 3715 2870 3785 conscientia
2897 3715 3189 3782 periculum
3211 3714 3487 3785 ieligionis
3510 3727 3566 3771 et
3592 3721 3727 3772 lidei.

2147 3782 2215 3836 Et
2235 3782 2441 3854 quodin
2465 3782 2796 3854 secularibus
2827 3785 3056 3850 negotiis
3084 3794 3292 3839 vestrae
3316 3782 3584 3854 aequitati
3607 3805 3731 3840 con-

2147 3861 2374 3924 ceaitur,
2390 3853 2440 3924 in
2471 3867 2647 3905 rerum
2663 3852 2972 3924 divinarum
2994 3852 3420 3924 pertractatione
3434 3867 3652 3924 praesta
3662 3867 3730 3918 te,

2150 3932 2207 3974 ut
2231 3922 2430 3992 gliristi
2455 3921 2733 3989 euangelio
2761 3921 2868 3974 vim
2896 3936 3003 3976 non
3036 3921 3228 3975 inferat
3257 3921 3644 3992 praesumptio.

2219 3991 2340 4045 555.
2389 3993 2455 4043 l't
2483 4006 2695 4045 suarum
2719 4006 2886 4044 rerum
2917 4000 2963 4045 et
2999 3992 3224 4045 omnium
3262 3991 3601 4045 ecc.'e..iarum
3637 3996 3732 4046 εἰπε

2149 4062 2505 4115 communione
2531 4061 2776 4126 contenti,
2799 4077 3012 4129 quorum
3038 4077 3194 4114 causa
3215 4061 3382 4114 adhuc
3403 4071 3526 4115 term
3537 4064 3732 4115 inandu

2143 4139 2243 4183 ω.
2277 4130 2410 4186 lllud
2439 4131 2581 4198 Quod
2612 4129 2679 4182 ab
2702 4131 3133 4186 antecessoribus
3154 4133 3352 4185 nostris
3376 4138 3731 4187 constitutum

2150 4209 2252 4264 est,
2285 4210 2338 4254 et
2370 4216 2467 4252 nos
2497 4199 2874 4268 approbamus,
2905 4208 2962 4252 ut
2992 4214 3208 4253 suarum
3239 4214 3414 4254 rerum
3462 4204 3733 4256 omnium-

2149 4285 2255 4338 que
2280 4269 3169 4338 eeclesiarumcommunionesint
3213 4269 3429 4324 interim
3466 4271 3731 4336 contenti,

2152 4337 2431 4407 quousque
2460 4353 2489 4390 a
2521 4337 2673 4407 nobis
2702 4351 2866 4391 causa
2894 4337 3231 4392 terminetur.

2222 4406 2357 4460 556.
2391 4407 2458 4461 Ut
2487 4423 2587 4460 non
2619 4406 2857 4459 sinuntur
2883 4408 3099 4471 incurri,
3123 4423 3335 4476 quorum
3357 4423 3518 4462 causa
3537 4410 3732 4464 incerta

2149 4486 2244 4532 est.
2289 4476 2366 4531 Ne
2409 4477 2721 4544 cuiusquam
2774 4477 2988 4546 procaci
3033 4477 3426 4546 inpudentique
3474 4483 3728 4543 versutia,

2149 4547 2299 4614 quasi
2351 4547 2609 4600 incertum
2645 4545 3136 4614 quid’sequendum
3166 4547 3256 4609 sit,
3288 4547 3480 4602 sinatis
3507 4547 3730 4614 incurri,

2149 4631 2269 4669 cum
2299 4616 2366 4669 ab
2387 4614 2696 4683 euangelica
2723 4615 3124 4683 apostolicaque
3148 4617 3388 4669 doctrina
3413 4631 3516 4672 nec
3543 4619 3597 4671 in
3627 4635 3731 4672 uno

2149 4686 2363 4756 quidem
2397 4686 2560 4756 verbo
2591 4683 2752 4756 liceat
2774 4685 3068 4756 discedere,
3099 4693 3191 4756 aut
3221 4686 3387 4756 aliter,
3403 4685 3473 4740 de
3498 4689 3729 4756 scriptu-

2151 4757 2225 4809 ris
2273 4754 2466 4825 divinis
2519 4753 2735 4817 habere,
2785 4768 2945 4825 quam
2990 4753 3134 4807 beati
3179 4755 3413 4824 apostoli
3453 4767 3508 4810 et
3549 4753 3731 4825 patres

2151 4824 2322 4879 nostri
2354 4823 2658 4877 didicerunt
2686 4831 2848 4890 atque
2876 4823 3195 4876 docuerunt.

2221 4893 2346 4946 557.
2382 4893 2462 4947 De
2485 4894 2566 4945 his
2593 4893 2677 4959 qui
2704 4908 2737 4944 a
2766 4891 2966 4945 sedibus
2993 4893 3100 4945 suis
3131 4896 3336 4963 [uerunt
3362 4893 3500 4963 pulsi
3517 4935 3532 4958 ,
3564 4904 3616 4948 et
3639 4895 3730 4946 alii

2147 4963 2202 5016 in
2232 4964 2436 5016 illorum
2462 4964 2628 5017 locum
2667 4963 2920 5014 substituti
2949 4970 3088 5014 sunt.
3129 4962 3395 5016 Plurimos
3422 4963 3618 5017 fratres
3646 4980 3730 5019 se-

2148 5034 2303 5086 dibus
2330 5035 2439 5087 suis
2488 5031 2669 5100 pulsos
2697 5039 2753 5083 et
2782 5034 2834 5084 in
2879 5029 3037 5085 exilia
3066 5031 3365 5100 audivimus
3389 5031 3726 5100 deportatos,

2148 5112 2310 5169 atque
2349 5103 2400 5155 in
2449 5099 2568 5156 lOco
2617 5101 2962 5167 suilerstitum
2997 5101 3036 5129 "
3067 5099 3202 5154 alios
3244 5099 3584 5155 substitutos.
3637 5101 3730 5157 llis

2149 5172 2394 5239 primitus
2443 5169 2750 5224 vulneribus
2799 5169 3113 5239 adhibeatur
3161 5169 3426 5224 medicina
3467 5171 3724 5232 iustitiae,

2149 5238 2217 5293 ne
2244 5243 2524 5309 quisquam
2555 5239 2627 5291 ita
2653 5246 2833 5292 careat
2862 5238 3112 5309 propriis,
3147 5247 3206 5291 ut
3228 5239 3570 5309 alteriutatnr
3596 5241 3728 5293 alie-

2149 5307 2450 5376 nis.’Quem
2501 5322 2739 5363 errorem
2781 5322 2969 5362 omnes
3013 5307 3333 5375 relinquant.
3367 5307 3577 5363 Nemini
3603 5310 3724 5378 qui-

1666 5414 2049 5472 VARIANTES
2088 5419 2485 5475 LECTIONES.

550 5501 563 5528 '
595 5502 1022 5601 colatempnendo
1050 5503 1115 5558 G.
1191 5507 1353 5601 “ﬂeuit?

476 5583 609 5628 corr.
643 5569 707 5624 G.
805 5569 825 5601 ⁸
854 5586 921 5625 ex
951 5588 1084 5626 corr.
1121 5584 1176 5628 et
1203 5573 1267 5627 ϐ.
1300 5569 1415 5628 Bal.
1447 5574 1598 5627 habet
1631 5583 1683 5630 et
1725 5589 1811 5628 ex.

480 5638 521 5665 ”
552 5641 892 5708 superstitum
921 5657 1053 5694 corr.
1089 5644 1462 5700 destitutorum
1492 5643 1555 5697 (ἱ.

1571 5505 1591 5535 ³
1611 5503 1774 5560 fuisse
1795 5504 1859 5558 (ἱ.
1905 5507 1950 5579 _"
1973 5509 2234 5564 criminali
2257 5513 2471 5579 negotio
2495 5511 2612 5564 Bal.

1901 5577 1921 5604 ⁹
1953 5587 2137 5646 pestus
2164 5577 2357 5635 Betlou.
2391 5582 2504 5635 Bal.

2689 5511 2708 5539 ⁸
2733 5507 2873 5560 nnlle
2896 5504 2961 5558 G.

2604 5583 2642 5611 ¹⁰
2675 5581 2811 5632 deest
2843 5575 2958 5628 Bal.

3041 5506 3059 5534 ⁶
3080 5506 3216 5560 deest
3234 5506 3301 5561 G.
3371 5512 3393 5540 τ
3416 5510 3725 5566 execrando

3061 5577 3098 5605 “
3133 5590 3388 5649 prorupta
3415 5582 3628 5634 audatia
3653 5580 3717 5633 6.
