4002 6146
281 370 388 429 785

758 368 909 423 COD.
951 366 1221 422 DIPLOM.
1250 367 1696 423 -ΒΕΝΕΟΙΟΤΙ
1746 367 2254 423 CAPITULAIHUM
2294 366 2687 423 COLLECTIO.
2745 401 2786 408 —
2815 370 2939 423 LIB.
2984 371 3044 425 ll.

3425 376 3539 434 780

281 487 403 558 dem
450 483 563 552 peri
594 496 625 535 e
656 482 829 558 honor
856 480 1067 534 debeat.
1096 479 1200 558 Sed
1228 478 1358 558 illis,
1388 481 1477 558 qui
1508 496 1604 549 pro
1645 479 1745 534 ille
1775 480 1846 558 la
1881 483 1930 541 Α
1958 481 2086 558 Nam
2116 481 2217 558 (πρὶν
2241 497 2329 558 um_
2349 498 2433 543 me
2461 483 2512 535 in
2553 490 2679 558 potu
2710 490 2763 537 et
2791 485 2909 539 cilio
2954 493 3007 540 ct
3034 484 3219 542 dandis
3247 494 3408 558 atque
3435 504 3527 545 ac-

284 547 627 614 li-oraverunt,
660 550 804 619 prius
839 565 967 619 cum
998 549 1140 602 omni
1172 547 1446 618 privilegio
1489 547 1588 604 suo
1639 556 1855 619 oportet

282 626 368 679 ius
391 621 662 688 proprium
694 618 997 672 reformari.

351 690 475 745 558.
495 685 588 741 ὀδ
617 688 694 741 Iris
723 688 807 755 qui
832 702 934 739 non
961 685 1140 740 debent
1164 686 1334 740 redire
1355 688 1425 739 ad
1451 689 1687 741 militiam
1712 703 1857 740 secu-

281 763 466 816 larem.
486 758 637 825 Quod
660 757 724 811 ad
748 756 989 810 militiam
1006 755 1303 810 secularem
1331 765 1451 823 po~t
1471 757 1856 825 poenitentiam

284 830 458 884 redire
488 841 645 881 nemo
673 825 899 888 debeat;
929 839 1029 879 nec
1063 825 1143 877 eis
1173 825 1364 877 iustam
1409 840 1693 892 superesse
1720 840 1856 893 que-

283 899 585 959 rimoniam,
613 895 704 963 qui
730 908 789 949 se
812 894 881 948 ab
911 893 1134 949 incoatis
1161 893 1638 962 disceptationibus
1663 903 1860 965 sponte

280 966 662 1023 subtraxerint.

351 1034 476 1090 559.
516 1032 597 1087 De
623 1034 703 1088 his
730 1048 857 1104 quos
893 1039 1090 1104 oportet
1119 1032 1303 1104 maiori
1333 1034 1635 1104 auctoritate
1661 1033 1849 1085 cu'ari.

280 1104 338 1160 Si
368 1104 673 1159 exstiterint
700 1101 861 1170 aliqui
892 1101 1085 1156 fratres
1125 1102 1334 1157 desides
1365 1102 1446 1157 vel
1489 1103 1852 1169 neglegentes,

282 1189 420 1246 quos
441 1181 710 1246 pporteat
753 1172 943 1246 maiori
987 1173 1307 1225 auctoritate
1338 1172 1535 1246 curari,
1566 1171 1853 1246 sic__ta'nen

282 1240 367 1298 est
391 1240 688 1296 adhibenda
717 1241 1002 1299 correctio.
1028 1247 1088 1293 ut
1112 1254 1325 1307 semper
1344 1240 1414 1293 sit
1441 1241 1586 1293 salva
1615 1240 1851 1293 dilectio.

285 1312 438 1367 Unde
478 1311 755 1378 apostolus
783 1310 1122 1378 Timotheum
1176 1309 1419 1363 imbuens
1466 1309 1596 1362 dicit
1624 1327 1637 1360 :
1664 1309 1853 1378 Seni-J-

282 1399 388 1435 rem
416 1397 480 1434 ne
515 1376 881 1449 iucrepaveris,
931 1378 1019 1431 sed
1065 1376 1285 1449 obseerai
1325 1388 1389 1449 uti
1431 1388 1659 1449 patrem.
1704 1377 1855 1443 Quae

280 1451 581 1505 moderatio
608 1445 1105 1518 si'quibuscumque
1136 1445 1478 1501 inferioribus
1506 1447 1757 1518 membris
1786 1462 1855 1518 ex

278 1519 576 1587 apostolica
603 1516 936 1572 institutione
965 1516 1210 1587 debetur.
1242 1530 1313 1587 qu
1333 1526 1444 1569 ηιιο
1467 1517 1636 1587 magis
1670 1516 1851 1571 fratri-

277 1583 381 1643 bus
409 1596 465 1640 et
489 1587 824 1656 coepiscopis
849 1586 1047 1639 nostris
1077 1583 1345 1656 reddenda
1377 1584 1498 1656 est?

348 1657 473 1710 540.
517 1654 722 1711 Ut'non
750 1657 983 1725 imponat
1025 1655 1211 1718 aliquis
1241 1654 1397 1725 alicui
1445 1654 1661 1725 pondus,
1719 1654 1855 1723 quod

274 1729 390 1796 ipse
416 1729 555 1807 ferre
589 1743 692 1807 non
718 1722 907 1807 enicat.
936 1722 1090 1807 Sicut
1129 1737 1235 1776 non
1264 1723 1392 1807 vult.
1431 1723 1623 1807 aliquis
1671 1722 1853 1789 gravis

275 1791 461 1866 cineris
488 1797 754 1851 sarcinam
784 1794 943 1861 ferre,
974 1794 1046 1846 ita
1071 1807 1176 1846 non
1207 1791 1399 1845 audeat
1422 1791 1511 1845 alii
1537 1806 1698 1861 grave
1719 1808 1852 1862 pon-
1885 1808 1927 1866 Β

273 1865 380 1919 dus
405 1867 701 1932 imponere.

348 1931 577 1988 341.1.”
595 1933 765 1987 nullas
787 1932 1096 2001 apostolicus
1122 1931 1411 1985 sanctiones
1435 1938 1682 1984 temerare
1699 1947 1850 2001 prae-

271 2013 461 2059 sumat.
500 2003 573 2057 Ita
602 2000 876 2056 unanimes
898 2001 1089 2056 divinis
1119 2000 1430 2068 apostolicis
1454 2000 1851 2054 constitutioni-

273 2077 378 2127 bus
422 2073 688 2134 servietis,
735 2081 795 2124 ut
840 2072 892 2124 in
945 2071 1091 2124 nullo
1139 2070 1412 2139 patiamini
1465 2070 1550 2136 pia
1582 2083 1845 2123 canonum

271 2145 496 2198 decreta
528 2142 731 2195 violari.
768 2140 833 2194 Ut
863 2139 991 2193 nulli
1020 2139 1097 2192 fas
1137 2138 1207 2193 sit
1231 2138 1350 2193 sine
1389 2147 1560 2193 status
1599 2139 1680 2191 sui
1709 2139 1850 2207 peri.

270 2212 401 2266 culo
429 2212 513 2265 vel
543 2210 751 2264 divinas
780 2208 1190 2264 constitutiones
1217 2208 1305 2262 vel
1333 2207 1662 2279 apostolicae
1709 2207 1855 2265 sedis

271 2282 496 2336 decreta
526 2288 813 2333 temerare.

349 2348 476 2402 349..
522 2347 596 2401 De
624 2349 851 2403 amii'itia
892 2356 939 2402 et
986 2347 1347 2416 familiaritate
1384 2345 1673 2408 servanda;
1700 2361 1853 2414 quam

272 2420 366 2489 qui
398 2436 500 2472 non
529 2420 860 2483 contendant,
892 2419 1042 2489 facile
1068 2423 1301 2489 seruaui.
1354 2420 1551 2469 ()ntues
1574 2456 1589 2478 ,
1643 2424 1700 2489 u_t
1746 2432 1851 2489 non

272 2484 630 2551 contendant,
663 2484 905 2556 protegat
924 2488 1176 2541 amicitia.
1237 2485 1367 2538 Nam
1394 2493 1450 2537 et
1487 2499 1588 2553 apo
1619 2484 1758 2556 tolus
1787 2485 1853 2539 ad

274 2557 587 2612 Corinthios
633 2555 852 2612 scribit:
895 2556 1021 2610 Cant
1057 2557 1160 2610 sint
1203 2556 1337 2608 inter
1372 2569 1456 2607 vos
1493 2555 1855 2610 aemulationes

273 2638 329 2680 et
356 2627 734 2687 contentiones,
767 2641 939 2679 nonne
965 2624 1198 2678 carnales
1226 2625 1347 2677 estis
1375 2632 1423 2675 et
1450 2623 1730 2676 secundum
1758 2626 1853 2678 Ito-

272 2700 469 2750 minem
497 2694 811 2749 ambulatis?
843 2694 987 2748 Nihil
1029 2710 1118 2763 per
1160 2694 1534 2747 contentionem
1576 2708 1739 2763 neque
1764 2710 1856 2761 per

270 2769 486 2820 inanem
529 2766 783 2835 g'oriam;
836 2764 927 2818 sed
970 2762 1037 2816 in
1070 2764 1187 2816 Itum
1211 2763 1586 2835 litateunoentis
1612 2762 1853 2835 iinricem

272 2831 605 2889 aestimanles
632 2835 928 2903 semetipsos
960 2849 1061 2887 non
1089 2849 1182 2886 sua
1210 2831 1402 2903 singuli
1439 2832 1739 2901 respiciant,
1764 2832 1856 2887 sed

273 2908 530 2959 aliorum.

348 2974 476 3027 545.
520 2972 589 3028 Ut
616 2973 817 3026 alienae
846 2973 1010 3042 gentis
1040 2972 1269 3042 homines
1289 2970 1383 3042 iad
1405 2971 1705 3042 exercitium
1753 2972 1856 3042 int:

269 3045 507 3097 buantnr
552 3044 767 3112 legibus.
822 3039 1041 3097 A'lienae
1066 3041 1241 3108 gentis
1288 3039 1532 3094 homines
1558 3040 1607 3094 le
1642 3040 1761 3112 ibus
1789 3041 1858 3094 ad

272 3109 787 3167 exercitium'imhui
812 3119 866 3164 et
893 3112 1246 3179 permittimus
1274 3117 1330 3179 et
1356 3117 1620 3176 optamus.
1653 3109 1730 3162 Ad
1764 3125 1857 3165 ne-

271 3183 545 3250 gotiorum
578 3195 703 3235 vero
730 3178 1113 3250 discussionem
1158 3178 1479 3250 resultamns
1519 3190 1574 3230 et
1601 3179 1855 3250 prohibe-

272 3247 433 3311 inus;
463 3250 704 3316 quamvis
737 3250 879 3304 enim
924 3249 1152 3317 eloquiis
1201 3247 1460 3318 polleant,
1494 3256 1670 3302 tamen
1716 3247 1857 3303 ditii-

273 3319 571 3374 cultatibus
601 3320 854 3374 haerent.

201 3404 209 3411 '
348 3388 475 3441 544.
520 3387 598 3441 De
638 3403 779 3441 servo
809 3404 908 3442 non
939 3388 1210 3450 credendo,
1241 3386 1287 3440 si
1320 3401 1474 3455 super
1501 3385 1720 3455 aliquem
1749 3388 1852 3441 cri-

274 3474 398 3512 men
425 3459 680 3512 obiecerit.
710 3456 877 3511 Servo
918 3459 1131 3526 penitus
1171 3470 1275 3510 non
1305 3471 1381 3526 «fr.
1398 3456 1590 3526 datur,
1622 3457 1665 3509 si
1694 3471 1855 3525 super

275 3528 516 3595 aliquem
555 3527 757 3580 crimen
803 3525 1080 3590 obiecerit,
1131 3533 1225 3579 aut
1277 3525 1331 3595 si
1368 3525 1527 3595 etiam
1580 3526 1852 3579 dominum

274 3594 439 3652 suum
468 3597 519 3650 in
547 3596 771 3650 crimine
797 3595 1105 3661 impetierit.
1137 3595 1269 3649 Nam
1294 3594 1339 3647 si
1370 3594 1420 3647 in
1454 3596 1734 3649 tormentis
1759 3610 1856 3663 po-

274 3667 419 3723 situs
428 3672 673 3789 fippnat
688 3664 832 3734 quod
855 3664 1036 3730 obicit,
1060 3663 1211 3720 credi
1231 3672 1408 3718 tamen
1431 3663 1506 3717 illi
1528 3664 1674 3720 nullo
1697 3666 1859 3720 modo

278 3751 424 3789 οιπιι·
449 3754 476 3785 6'
520 3752 535 3789 ι
615 3775 632 3789 .

278 3735 560 3791 οοητισ-ὺίι
591 3736 632 3790 ¹.

318 3752 593 3859 "digna
615 3775 771 3857 lestes
818 3804 1157 3874 testimonium
1189 3804 1290 3858 nisi
1326 3813 1616 3874 praesentes
1644 3819 1748 3857 non
1778 3804 1860 3858 di-

277 3883 425 3929 cant.
460 3874 649 3928 Testes
676 3888 782 3926 non
810 3873 1060 3943 absentes
1086 3888 1261 3941 neque
1288 3873 1382 3943 per
1406 3874 1688 3943 epistolam
1717 3875 1859 3927 testi-

279 3945 523 3999 monium
573 3944 775 4005 dicant,
820 3942 914 3996 sed
957 3942 1476 4010 praesentes'quam
1517 3951 1779 3996 noverunt
1803 3952 1859 3997 et

279 4013 533 4069 viderunt
563 4027 668 4066 non
696 4018 908 4066 taceant
935 4013 1237 4066 veritatem.
1266 4011 1375 4066 Nec
1401 4012 1468 4066 de
1493 4011 1610 4065 aliis
1634 4013 1859 4079 negotiis

280 4084 649 4137 testimonium
680 4080 879 4145 dicant,
909 4080 1010 4134 nisi
1053 4083 1123 4135 de
1165 4080 1246 4135 his
1293 4080 1685 4146 tantummodo,
1723 4096 1862 4149 quae

279 4153 384 4206 sub
433 4150 738 4220 praesentia
771 4164 959 4205 eorum
1007 4158 1126 4204 acta
1173 4164 1293 4205 esse
1344 4158 1652 4220 noscun_tur.
1688 4150 1862 4219 Super

278 4236 385 4292 qua
418 4217 479 4275 re
505 4236 658 4292 sacra
697 4220 1230 4292 scripiuraitestatur
1254 4220 1451 4292 dicens
1482 4237 1496 4292 :_
1530 4217 1860 4292 Damus,_'i_n-

278 4287 479 4361 quiunt
506 4289 771 4361 pharisaei
801 4287 1121 4361 admilites,
1150 4289 1604 4361 nobispecuniain,
1636 4298 1685 4342 et
1705 4290 1860 4361 dicite

278 4357 401 4428 quia
428 4357 569 4415 vobis
593 4358 960 4429 dormientibus
989 4369 1231 4412 venerunt
1252 4357 1489 4429 discipuli
1516 4357 1632 4412 Iesu
1663 4368 1715 4411 et
1739 4359 1856 4412 abs-

1960 549 2214 617 cipiendis
2258 553 2413 605 rebus
2459 549 2733 606 caritatem
2783 562 2991 620 putant,
3046 570 3150 609 nou
3184 549 3532 614 mediocriter

1959 628 2159 681 errant,
2186 620 2393 697 dicente
2422 622 2664 697 apostolo
2696 639 2709 673 :
2750 623 2977 697 ltegnam
3010 622 3105 675 Dei
3133 624 3272 697 ribus
3301 635 3349 680 et
3377 636 3530 697 potus

1959 703 2059 767 non
2090 698 2181 741 est.
2216 690 2427 767 Natum
2456 691 2571 767 ipsa
2586 731 2599 748 .
2643 690 2855 758 quando
2886 707 3006 745 cum
3054 694 3281 767 caritate
3320 690 3458 752 titint
3485 700 3532 767 ’,

1956 756 2252 829 bonasunt
2281 766 2333 810 ct
2357 759 2495 811 inter
2524 756 2746 813 virtutes
2773 761 3151 829 computanda.

2025 825 2262 904 διεηιίι
2292 836 2470 904 contra
2500 838 2771 904 extraneos
2798 825 3062 904 parentela
3090 841 3181 884 aut
3223 835 3528 904 propinqui-

1957 897 2407 967 tasitestimonium
2450 898 2657 967 ntinime
2685 899 2844 951 dicat.
2875 898 3116 965 Fratres,
3145 897 3380 967 sorores,
3415 897 3526 957 itte-

1957 963 2079 1034 rini,
2112 966 2307 1034 patrui,
2358 966 2624 1030 avunculi,
2676 975 3014 1032 materterae,
3066 963 3160 1023 seu
3190 963 3376 1026 eorum
3408 973 3523 1033 lilii.

1956 1032 2084 1086 item
2111 1032 2297 1103 nepos,
2324 1034 2519 1103 neptis,
2540 1035 2865 1099 consobrini,
2890 1037 2972 1091 vel
2992 1038 3221 1103 amitini,
3244 1054 3338 1094 seu
3364 1032 3524 1095 etiam

1955 1103 2171 1176 quidam
2202 1118 2267 1158 ex
2297 1103 2510 1176 propria
2541 1105 3002 1176 consanguinitate
3030 1109 3083 1161 in
3114 1107 3309 1161 iudicio
3337 1110 3529 1164 adver-

1953 1173 2050 1244 sus
2075 1180 2362 1244 extraneos
2389 1173 2765 1244 testimonium
2788 1173 2969 1228 dicere
2997 1192 3102 1230 non
3134 1179 3491 1244 permittimus
3516 1198 3529 1240 ;

1954 1241 2053 1320 nisi
2085 1240 2302 1320 forsitan
2334 1250 2595 1320 parentes
2622 1242 2857 1297 eiusdem
2905 1240 3250 1320 cognationis
3301 1247 3438 1320 inter
3465 1263 3525 1302 se

1953 1308 2098 1384 litem
2133 1308 2429 1384 habuerint.
2461 1320 2552 1364 aut
2582 1312 2641 1384 in
2682 1326 2841 1365 causa
2887 1311 2955 1366 de
2989 1308 3106 1380 'qua
3153 1316 3326 1384 agitur
3363 1317 3520 1372 aliam

1953 1379 2170 1432 omnino
2205 1379 2584 1446 ingenuitatem
2612 1381 2798 1434 deesse
2826 1379 3143 1437 constiterit.

2022 1447 2145 1523 349.
2185 1446 2375 1523 Contra
2412 1450 2639 1523 pririrnns
2679 1451 3027 1523 definitionem
3074 1454 3186 1523 ﬁlio
3230 1454 3308 1508 vel
3348 1454 3520 1509 heredi

1952 1532 2056 1592 non
2084 1518 2236 1570 licere
2262 1520 2446 1592 venire.
2498 1519 2639 1592 Filio
2683 1520 2769 1592 yei
2799 1520 3002 1592 heredi
3050 1518 3235 1577 contra
3284 1525 3521 1592 priorum

1952 1586 2147 1657 iustam
2177 1594 2270 1638 aut
2297 1586 2585 1657 legitimam
2611 1588 2972 1643 deﬁnitionem
3001 1592 3185 1646 venire
3211 1586 3317 1646 non
3348 1593 3525 1657 liceat,

1951 1654 2075 1734 quia
2129 1655 2267 1735 iuste
2311 1655 2589 1736 repellitur
2635 1660 3000 1736 praesumptio
3044 1660 3202 1725 illius,
3253 1662 3346 1730 qui
3386 1654 3526 1716 facta

1952 1727 2447 1796 senioruminiusm
2471 1736 2700 1796 conatur
2722 1727 3045 1796 inrumpere.

2025 1790 2148 1869 359.
2196 1794 2276 1869 Δίᾳ
2300 1815 2312 1841 ι
2342 1803 2417 1846 est
2446 1795 2617 1869 danda
2645 1797 2839 1869 passim
2868 1790 3145 1852 accusandi
3170 1799 3248 1869 vel
3279 1799 3527 1869 puniendi

1956 1860 2084 1937 iicen
2108 1863 2183 1937 ir.
2231 1860 2580 1937 Ndil‘paSSitll
2630 1860 2814 1937 dirutis
2839 1868 3243 1937 accusandivel
3275 1860 3527 1937 puniendi

1954 1930 2247 2003 licentiam,
2277 1930 2374 2003 nisi
2405 1940 2498 1985 aut
2523 1933 2813 2003 manifestis
2836 1934 3047 1991 indiciis
3072 1930 3301 2003 patuerit
3325 1937 3524 1999 scelus.

1954 2007 2048 2053 aut
2078 2000 2310 2075 legitime
2340 2001 2498 2075 fuerit
2526 2001 2752 2075 idipsum
2780 2003 2974 2075 malum
3015 2000 3317 2060 accusatum
3366 2014 3529 2075 atque

1954 2069 2287 2138 convictum;
2316 2071 2565 2138 quatinus
2603 2069 2743 2125 nulla
2792 2073 3069 2127 v;deantur
3114 2076 3414 2130 intentione
3440 2069 3527 2129 vel

1954 2137 2141 2211 ordine
2165 2137 2389 2211 patrum
2419 2141 2714 2211 transgredi
2744 2152 3024 2210 praecepta
3069 2153 3399 2211 sanctorum,
3430 2152 3526 2202 aut

1955 2207 2176 2278 obviare
2203 2207 2223 2238 ³
2252 2208 2422 2262 sacris
2450 2210 2647 2277 regulis
2672 2207 3036 2278 antiquorum.

2026 2274 2149 2356 551.
2191 2278 2255 2332 Si
2281 2278 2345 2330 de
2369 2278 2478 2345 {ure
2511 2274 2622 2356 quis
2646 2274 2886 2356 nescia-ni
2911 2281 3108 2356 aliquid
3133 2284 3528 2356 comparaverit.

1960 2344 2271 2419 Universam
2298 2344 2409 2400 rem
2437 2344 2563 2401 nulli
2583 2349 2823 2419 Aintenuo
2847 2344 3013 2419 liceai
3037 2352 3104 2407 de
3131 2344 3402 2419 incognito
3432 2353 3531 2406 ho-

1956 2414 2101 2485 mine
2128 2430 2462 2485 comparare,
2495 2417 2593 2470 nisi
2636 2428 2785 2472 certe
2839 2417 3202 2475 linteiuSsorem
3253 2414 3528 2482 idhibeat.

1956 2483 2041 2536 cui
2069 2483 2215 2538 credi
2255 2483 2453 2607 Possit,
2487 2492 2545 2539 ut
2568 2489 2839 2541 excusatio
2870 2488 3200 2557 ignorantiae
3229 2488 3524 2544 auferatur.

1957 2551 2109 2607 Onod
2139 2552 2184 2607 si
2218 2569 2247 2607 a
2276 2557 2372 2607 iter
2399 2554 2584 2607 fecerit
2608 2557 2697 2607 uni
2735 2560 3149 2607 comparaverit-
3182 2574 3210 2607 a
3242 2559 3418 2607 iudice
3445 2558 3524 2607 di.

1957 2551 2109 2623 Quod
2139 2552 2184 2607 si
2218 2551 2372 2608 aliter
2399 2554 2584 2608 fecerit
2608 2557 2697 2623 qui
2735 2551 3149 2623 comparaverit,
3182 2574 3211 2611 a
3242 2559 3418 2613 iudice
3445 2558 3531 2612 di-

1956 2622 2175 2705 sirictus
2224 2632 2496 2705 attcioreitt
2533 2623 2555 2654 δ
2595 2622 2901 2705 praesentet
2946 2628 3081 2705 intra
3120 2638 3343 2705 tempus
3374 2628 3529 2705 snt'ti-

1958 2690 2162 2771 cienter
2185 2706 2217 2746 a
2243 2692 2415 2771 iudice
2427 2690 2805 2771 _constitutum.
2836 2696 3005 2761 Quem
3048 2697 3069 2728 '
3090 2698 3134 2752 si
3161 2690 3266 2751 non
3294 2700 3531 2771 potuerit

1957 2760 2218 2839 invenire,
2257 2760 2517 2839 adprobet
2551 2777 2611 2817 se
2649 2760 3124 2839 autisacramcnto
3169 2775 3263 2839 ant
3297 2760 3534 2839 testibus

1956 2831 2330 2904 innocentem,
2371 2831 2513 2904 quod
2567 2846 2688 2886 eum
2743 2833 2912 2887 furem
2967 2836 3256 2897 nescierit;
3306 2845 3357 2891 ct
3391 2835 3534 2904 quod

1958 2898 2097 2971 apud
2139 2913 2259 2953 eum
2291 2899 2616 2971 agnoscitur,
2646 2912 2865 2970 accepta
2897 2904 3047 2971 pretii
3077 2905 3364 2959 medietate
3393 2898 3423 2935 θ’
3447 2921 3534 2960 re-

1958 2967 2178 3040 stituat;
2209 2968 2555 3040 atqueatnbo
2584 2970 2724 3023 datis
2752 2967 2979 3025 invicem
3026 2975 3381 3028 sacramentis
3411 2988 3536 3040 pro-

1960 3037 2196 3108 mittant,
2236 3036 2393 3108 _q’uod
2448 3036 2614 3108 iurem
2673 3040 2901 3094 fideliter
2947 3051 3225 3108 quaerant.
3277 3036 3429 3108 Quod
3483 3041 3537 3095 si

1961 3107 2179 3160 omnino
2229 3104 2398 3160 furem
2447 3107 2684 3162 invenire
2734 3104 3085 3177 nequiverint,
3140 3124 3251 3165 rem
3300 3104 3532 3177 tantum,

1960 3180 2099 3249 quae
2127 3177 2353 3249 empta"
2385 3183 2486 3241 est,
2517 3177 2735 3249 domino
2783 3182 2858 3232 rei
2892 3188 3102 3249 emptor
3129 3196 3195 3236 ex
3225 3180 3537 3248 integritate

1960 3244 2235 3299 reformat.
2264 3245 2319 3299 Si
2351 3261 2478 3299 vero
2506 3246 2751 3301 dominus
2789 3249 2867 3301 rei
2894 3244 3064 3302 furem
3094 3251 3302 3304 noverit
3330 3244 3385 3303 et
3409 3264 3534 3303 eum

1959 3313 2235 3388 publicare
2265 3315 2513 3388 noluerit,
2546 3330 2679 3388 rem_
2703 3331 2770 3371 ex
2801 3324 2916 3371 toto
2946 3319 3174 3381 amittat,
3214 3333 3375 3388 quam
3420 3333 3536 3372 em-

1962 3385 2291 3504 ptrti’rtquicte
2317 3384 2606 3455 possideat.
2641 3384 2783 3441 llaec
2824 3396 2879 3441 et
2907 3388 2973 3442 de
3013 3389 3184 3444 servis
3208 3384 3376 3443 tortna
3415 3402 3531 3443 ser-

1962 3467 2025 3504 νει
2068 3468 2077 3502 Ι
2109 3469 2194 3504 ur.
2526 3476 2531 3484 ‘

1960 3459 2194 3507 vabitur.
2526 3476 2531 3484 ·

2031 3519 2153 3575 352.
2194 3520 2279 3577 Ne
2325 3524 2660 3592 testiﬁcentur
2700 3519 3025 3582 manumissi.
3077 3526 3321 3583 Libertus
3356 3527 3439 3581 vel
3470 3526 3535 3581 li-

1962 3590 2113 3667 berta
2144 3593 2197 3667 in
2237 3592 2397 3667 nullis
2438 3590 2665 3667 negotiis
2691 3606 2877 3651 contra
2920 3598 3243 3667 quemquam
3289 3596 3534 3653 testimo-

1959 3660 2104 3742 nium
2134 3663 2312 3742 dicere
2336 3660 2706 3742 admittantur,
2727 3660 2955 3742 excepto
2982 3660 3313 3742 inaliquibns
3334 3666 3535 3742 causis,

1964 3732 2047 3806 ubi
2080 3731 2380 3806 ingenuitas
2422 3733 2626 3806 deesse
2657 3731 2968 3802 dinoscitur,
2996 3731 3151 3791 sicut'
3180 3731 3539 3806 praemissum-

1960 3800 1981 3827 ⁸
2027 3809 2124 3876 est
2138 3810 2193 3855 et
2217 3803 2282 3855 de
2308 3802 2508 3876 servis:
2539 3804 2664 3873 quia
2698 3800 2967 3873 indignum
2999 3800 3194 3861 nostra
3212 3814 3403 3876 pensat
3429 3806 3536 3858 i-le-

1962 3872 2185 3943 utentia,
2235 3880 2287 3925 ut
2338 3871 2648 3943 libertorum
2694 3871 2997 3929 teStiinonia
3049 3871 3290 3943 ingenuis
3343 3876 3541 3943 damna

1959 3942 2288 4012 concutiant.
2318 3941 2417 4012 Qui
2445 3956 2574 3995 vero
2603 3942 2671 3996 de
2698 3942 2901 3997 eisdem
2931 3941 3129 3998 fuerint
3156 3944 3443 4012 progeniti,
3466 3942 3533 3997 ad

1961 4009 2320 4078 teltimonium
2349 4010 2400 4063 in
2434 4013 2588 4064 tertia
2619 4013 2964 4078 generatione
2989 4009 3365 4066 admittuntur.

2026 4076 2150 4130 555.
2186 4078 2540 4151 Si_p_ossessor
2581 4076 2671 4151 per
2711 4081 3004 4134 violentiam
3046 4082 3358 4151 expellatur.
3398 4078 3530 4147 Qni-

1958 4159 2190 4220 cumque
2217 4147 2479 4220 violenter
2507 4149 2774 4219 expulerit
2802 4147 3162 4220 possidentem
3182 4192 3197 4215 ,
3230 4153 3537 4219 priusquam

1957 4228 2054 4290 pro
2084 4217 2201 4290 ipso
2230 4217 2418 4290 inlicis
2460 4217 2725 4290 sententia
2776 4217 3056 4290 procedat,
3082 4219 3127 4273 si
3156 4217 3539 4274 causam'me-

1961 4285 2148 4356 liorem
2179 4286 2443 4351 habuerit,
2476 4288 2644 4352 ipsam
2676 4285 2924 4355 causam,
2957 4288 3024 4341 de
3053 4303 3157 4356 qua
3188 4290 3385 4356 agitur,
3414 4302 3533 4354 per-

1955 4355 2048 4410 dat
2080 4372 2093 4408 :
2126 4356 2217 4411 ille
2262 4372 2411 4428 vero,
2441 4359 2868 4425 quiviolentiam
2918 4355 3156 4428 pertulit,
3206 4355 3452 4428 universa
3484 4358 3535 4412 in

278 4425 508 4485 tulerunt
554 4446 686 4484 eam.
765 4428 913 4483 Unde
954 4429 1029 4483 ait
1056 4425 1424 4497 Augustinus:
1462 4447 1479 4480 ι
1521 4429 1854 4484 Dormientes
1885 4430 1934 4491 D
1958 4435 2099 4481 statu
2129 4425 2476 4497 quofuet'ant
2503 4428 2746 4496 recipiat,
2779 4438 2834 4482 et
2860 4425 2998 4497 quae
3042 4427 3276 4495 possedit
3321 4443 3541 4482 securus

280 4509 454 4556 testes
476 4498 726 4554 adhibes!
761 4497 902 4568 Vere
925 4505 994 4568 tu,
1030 4499 1142 4568 ipse
1187 4498 1517 4557 obdormisti.
1557 4499 1648 4568 qui
1702 4512 1854 4568 scru-

281 4570 449 4624 tando
498 4569 622 4622 talia
666 4567 929 4623 deiecisti.
978 4566 1443 4627 Si‘dormiebant,
1491 4566 1618 4635 quid
1666 4566 1853 4623 videre

280 4637 617 4707 potuerunt?
644 4635 699 4691 Si
734 4637 862 4691 nihil
893 4637 1158 4703 viderunt,
1188 4636 1457 4703 quomodo
1498 4644 1665 4691 testes
1693 4640 1851 4692 sunt?

280 4711 389 4762 Sed
419 4708 732 4761 deiecerunt
760 4716 1060 4760 scrutantes
1084 4708 1461 4760 scrutationes.
1496 4724 1514 4756 ι

352 4776 481 4831 546.
524 4773 603 4828 De
630 4776 797 4844 pactis
825 4785 873 4828 et
910 4775 1113 4842 placitis
1150 4776 1529 4830 conservandis.
1578 4771 1740 4830 Pacta
1768 4775 1855 4830 vel

276 4846 481 4914 placita
504 4883 520 4909 ,
541 4858 681 4914 quae
725 4859 822 4913 per
865 4844 1182 4914 scripturam
1213 4844 1447 4910 legitime
1470 4860 1535 4900 ac
1568 4845 1856 4900 iustis~ime

279 4911 426 4969 facta
457 4911 602 4975 sunt,
633 4911 920 4967 dummodo
941 4911 992 4966 in
1023 4912 1105 4965 Itis
1130 4912 1244 4967 dies
1284 4915 1368 4969 vel
1412 4930 1584 4970 annos
1627 4916 1698 4968 sit
1739 4916 1858 4969 evi-

281 4984 480 5054 dentia!
506 4997 814 5054 egpressus,
858 4980 1159 5054 nullatenus
1186 4982 1434 5054 inmutari
1478 4984 1855 5054 permittimus.

353 5051 482 5106 547.
530 5049 680 5124 Quod
710 5052 1093 5124 ltaec_si_t_vera
1131 5053 1346 5119 caritas,
1382 5049 1493 5123 qua
1511 5054 1650 5108 Deus
1680 5055 1860 5124 proxi-

282 5138 496 5189 masque
524 5122 777 5189 diligitur.
820 5120 886 5175 Et
913 5121 1104 5175 idcirco
1151 5120 1478 5177 ammonendi
1512 5138 1634 5179 sunt
1680 5120 1859 5179 omnes

284 5191 486 5257 ﬁdeles,
515 5199 572 5244 ut
612 5190 745 5244 hanc
787 5190 1052 5245 observare
1096 5201 1292 5247 curent.
1326 5191 1564 5258 Placuit,
1594 5201 1651 5245 ut
1676 5193 1862 5248 admo-

282 5270 516 5315 neantur
543 5275 731 5322 omnes
768 5260 967 5326 tideles,
1011 5260 1152 5327 quod
1185 5261 1318 5316 haec
1361 5262 1432 5316 sit
1474 5276 1598 5316 vera
1645 5263 1860 5330 caritas,

282 5330 412 5395 quia
443 5330 608 5385 Deum
638 5330 809 5398 diligit
836 5330 998 5385 homo
1027 5330 1303 5398 plusquam
1334 5345 1415 5392 se.
1460 5339 1516 5385 et
1560 5332 1858 5399 proximum

284 5406 542 5470 tauquam
571 5410 748 5470 seret
774 5401 896 5470 quia
924 5398 1055 5453 nihil
1098 5399 1212 5452 vult
1253 5399 1343 5454 alii
1383 5398 1685 5455 facere’nisi
1713 5402 1858 5470 quod

280 5468 390 5522 sibi
424 5469 533 5525 vult
577 5469 713 5536 tieri,
741 5468 807 5525 et‘
821 5469 996 5540 plura,
1027 5482 1166 5538 quae
1210 5471 1478 5526 recenseri
1507 5468 1854 5538 longum'est.

1961 4494 2160 4550 teneat.
2200 4494 2256 4549 Si
2286 4511 2414 4551 vero
2441 4497 2568 4551 illud
2598 4494 2817 4559 invadit,
2857 4494 2995 4563 quod
3024 4494 3120 4566 per
3165 4497 3284 4551 indit
3305 4498 3410 4551 ium
3441 4499 3538 4551 ob-

1961 4566 2132 4619 tinere
2176 4566 2432 4633 potuerit,
2462 4575 2517 4620 et
2546 4581 2759 4622 causam
2785 4567 3014 4631 amittat,
3047 4575 3102 4621 et
3130 4566 3274 4621 aliud
3306 4577 3539 4635 tantum,

1964 4642 2220 4703 quantum
2252 4635 2462 4696 invasit,
2496 4637 2682 4689 reddat
2708 4637 2953 4702 expulso.

2031 4702 2155 4757 55a.
2281 4704 2359 4779 ad
2377 4706 2717 4779 diripiendum
2747 4709 2957 4779 quisque
2976 4707 3106 4779 alios
3129 4708 3371 4779 inri'nsse
3390 4722 3538 4779 rvpe-

1958 4774 2142 4826 riatur.
2174 4772 2232 4827 Si
2275 4775 2393 4841 quis
2442 4772 2508 4827 ad
2556 4772 2910 4841 diripiendum
2951 4777 3087 4832 alios
3125 4777 3446 4837 invitaverit,
3480 4783 3537 4827 ut

1961 4844 2345 4911 cuiuscumque
2370 4852 2732 4915 remevertat
2758 4846 2799 4908 ’,
2830 4857 2922 4899 aut
2947 4862 3141 4915 pecora
3183 4847 3266 4900 vel
3290 4845 3539 4899 animalit

1960 4926 2329 4982 quaecumque
2357 4913 2573 4982 diripiat
2605 4914 2666 4979 ⁸ο,
2700 4914 2795 4978 illi,
2829 4913 2981 4969 cuius
3007 4930 3091 4969 res
3119 4916 3322 4980 direpta
3353 4920 3456 4976 est,
3486 4915 3537 4965 in

1962 4982 2440 5052 septupluurquae
2464 4983 2671 5037 sublata
2713 4993 2840 5037 sunt
2880 4988 3141 5040 restituat.
3175 4983 3413 5052 Hivero.
3445 4982 3540 5048 qui

1963 5050 2084 5106 cum
2120 5050 2236 5121 ipso
2267 5050 2479 5115 fuerint,
2510 5052 2553 5106 si
2580 5053 2794 5120 ingenui
2823 5055 2947 5117 sint,
2971 5052 3162 5122 quinos
3188 5050 3383 5104 solidos
3407 5065 3539 5122 con-

1966 5119 2167 5189 ponere
2203 5122 2604 5189 conpellantur;
2642 5119 2734 5176 aut
2776 5123 2820 5176 si
2874 5119 3001 5175 non'
3034 5122 3335 5182 habuerint,
3394 5119 3539 5189 unde

1964 5188 2287 5260 conponunt.
2308 5188 2519 5260 centum
2540 5192 2971 5260 “quinquaginta
2996 5189 3201 5258 ﬂagella
3222 5188 3537 5260 suscipiant.

1967 5262 2023 5315 Si
2045 5258 2173 5316 vero
2194 5259 2333 5317 servi
2363 5268 2463 5313 hoc
2483 5260 2599 5314 sine
2614 5258 2822 5313 domini
2840 5258 3121 5315 voluntate
3145 5258 3537 5323 commiserint,

1960 5334 2199 5389 centenis
2224 5329 2615 5397 quinquagenis
2639 5330 2858 5396 ﬂagellis
2886 5332 3254 5393 vcrberentur,
3284 5338 3341 5384 et
3369 5333 3435 5382 ab
3459 5328 3539 5382 cis

1960 5417 2048 5457 res
2074 5414 2264 5454 omnes
2291 5401 2499 5464 integro
2527 5398 2580 5451 in
2608 5408 2749 5453 statu
2783 5398 3091 5453 reddantur.

2028 5468 2154 5523 535.
2199 5468 2267 5522 Ut
2290 5467 2454 5522 socios
2484 5484 2602 5523 suos
2628 5470 2873 5536 nominet,
2902 5486 2946 5538 ai
2971 5470 3040 5523 ad
3071 5485 3215 5539 queui
3244 5484 3365 5538 pars
3396 5486 3421 5523 r
3459 5469 3511 5538 pi
3523 5497 3542 5509 ο

1492 5564 1792 5621 VARIANT
1796 5565 1879 5620 ES
1918 5561 2316 5620 LECTIONES.

264 5694 290 5703 -
369 5660 383 5687 ²
412 5658 696 5729 oportebat
719 5657 781 5729 (ἱ.
856 5659 877 5688 ¹
908 5657 1035 5713 ﬂant
1057 5660 1122 5714 ϐ.
1198 5660 1218 5691 ³
1245 5659 1447 5715 obviari
1481 5660 1544 5712 G.

282 5728 498 5794 captain
529 5745 581 5797 p.
616 5728 954 5782 medietatem
985 5730 1051 5784 (ἰ.

284 5796 410 5851 Bal.
487 5796 693 5854 “deest
715 5799 768 5852 in
794 5800 933 5868 fonte
960 5800 1106 5854 huius
1146 5816 1281 5870 cap.,
1313 5801 1418 5867 lege
1455 5796 1638 5864 Wisiu.

1628 5659 1647 5689 ⁸
1670 5661 1742 5713 sic
1769 5659 1833 5713 G.
1856 5669 1904 5713 et
1929 5659 2039 5731 με
2070 5659 2256 5730 ιγὶδίθ.
2283 5668 2374 5712 aut
2398 5667 2763 5731 repraesentet
2788 5658 2901 5712 Bal.
2982 5659 3188 5731 “quam
3218 5659 3332 5715 Ral.
3378 5730 3385 5731 γ
3412 5660 3431 5689 ⁸
3452 5676 3541 5717 πη

1140 5733 1159 5763 ⁷
1191 5745 1301 5783 rem
1331 5740 1586 5800 quaninm
1622 5738 1793 5800 empta
1817 5738 1899 5785 est
1922 5728 2035 5783 Bal.

2128 5730 2148 5761 "
2181 5727 2495 5801 permissum
2525 5731 2587 5787 (ἱ.
2690 5730 2709 5760 ⁹
2739 5737 2983 5786 evertant
3006 5727 3123 5785 Bal.
3224 5732 3264 5763 ¹⁰
3291 5730 3549 5802 diripiant
