4002 6146
355 335 454 393 787

1265 332 1322 384 Β.
1365 330 1610 384 cauom
1652 329 1862 384 MAch
1903 329 2052 384 ore.
2092 317 2270 382 PARS
2306 330 2346 383 l.
2389 328 2627 382 SECTIO
2653 327 2691 380 ι.

3491 323 3597 380 735

353 467 451 504 nae
479 449 632 527 fuerit
661 449 879 527 inventu:
916 447 1063 527 apud
1105 463 1259 512 quem
1287 447 1492 527 .scelus.
1525 447 1828 513 agnoscitur
1863 458 1915 527 et
1950 451 1994 507 Α
2024 448 2422 527 possessorsive
2437 448 2630 527 petitor
2646 446 2822 527 fuerit,
2840 446 3153 501 velininitio
3169 429 3295 527 litis',
3310 443 3394 499 vel
3410 443 3598 500 decur-

353 534 476 588 pars
503 518 717 586 rapinae
748 516 904 588 fuerit
925 517 1156 588 invi-uta,
1180 517 1354 588 statim
1383 517 1562 588 socios
1577 532 1715 588 suos
1743 519 1916 569 nomi-

356 585 485 640 iiare
515 585 755 651 cngatur.
788 585 937 650 Quod
979 585 1020 638 si
1070 585 1346 638 nominare
1387 585 1632 647 noluerit,
1679 593 1922 640 teneatur

351 657 421 709 ad
463 655 766 708 vindictam.
803 654 950 719 Quod
981 653 1030 724 si
1057 653 1330 707 honestior
1359 669 1584 722 persona
1613 663 1719 724 est,
1745 667 1799 708 et
1827 671 1923 724 pro

352 725 557 778 seelere
599 724 857 776 rationem
907 720 1096 775 reddat
1142 720 1372 790 etquae
1407 724 1581 776 ablata
1625 723 1707 776 vel
1739 720 1922 779 eversa

357 794 586 852 fuerant,
617 791 896 860 quadrupli
928 792 1295 858 conpositione
1328 794 1342 822 ¹
1375 794 1640 846 restituat.
1674 792 1824 857 Quod
1875 794 1916 847 si

353 872 499 916 certe
529 862 666 929 apud
695 876 908 913 servum
939 862 1156 929 rapinae
1201 878 1323 929 pars
1352 863 1678 928 reperiatur,
1708 871 1922 916 centum

353 933 736 1000 quinquag‘nta
767 932 784 959 ‘
825 930 1029 998 llagella
1062 931 1268 1000 publice
1303 940 1557 985 extensus
1583 932 1829 1000 accipiat,
1869 941 1924 986 et

353 999 529 1054 socios
554 1015 680 1054 suos
711 999 990 1054 nominare
1019 1016 1122 1053 non
1155 999 1384 1054 dill'erat.

425 1068 546 1122 35b.
592 1068 668 1120 De
705 1068 782 1138 Itis
820 1073 906 1138 qui
943 1071 1230 1137 diripienda
1275 1071 1502 1122 indicare
1545 1071 1919 1138 repperiuntur.

352 1139 686 1204 Quicumque
713 1137 973 1206 ingenuus
1011 1139 1094 1192 vel
1121 1153 1308 1194 servus
1338 1139 1534 1207 aliquid
1564 1140 1923 1207 diripiendum

351 1209 689 1269 iudicaverit,
723 1217 778 1260 ut
807 1209 1190 1276 cuiuscumque
1221 1223 1303 1262 res
1344 1219 1616 1263 evertatur
1644 1217 1737 1262 aut
1766 1225 1924 1277 peco-

354 1295 410 1330 ra
437 1277 518 1330 vel
548 1277 783 1347 iumenta
814 1278 1156 1346 diripiantur,
1197 1287 1250 1331 et
1287 1295 1352 1331 ex
1389 1279 1493 1332 hoc
1520 1281 1682 1332 certis
1725 1282 1923 1347 proba.

354 1347 592 1416 tionibus
621 1346 836 1416 publice
866 1348 1144 1402 convictus
1185 1348 1505 1409 inveniatur,
1541 1363 1637 1416 pro
1679 1346 1746 1400 eo
1781 1351 1923 1416 quod

373 1415 623 1484 ndicavit,
655 1416 699 1469 si
727 1415 746 1444 ³
780 1417 1036 1481 ingenuus
1083 1425 1196 1477 est,
1245 1431 1383 1484 quae
1422 1431 1607 1472 eversa
1637 1417 1718 1470 vel
1748 1415 1922 1472 ablata

351 1494 476 1538 sunt
497 1483 701 1552 legibus
744 1486 796 1542 in
834 1485 998 1553 duplo
1026 1483 1274 1540 restituat
1295 1495 1350 1538 et
1379 1488 1533 1540 nobis
1563 1486 1798 1540 bannutn
1828 1505 1924 1541 uo-

351 1563 539 1617 strutu,
573 1555 622 1607 id
661 1564 741 1609 est
779 1556 1054 1622 sexaginta
1087 1555 1321 1622 solidos,
1364 1569 1654 1622 conponat.
1711 1555 1766 1609 Si
1796 1571 1924 1611 vero

352 1639 539 1694 servus
562 1623 890 1694 velcolonus
915 1617 1095 1688 fuerit,
1135 1617 1344 1679 centum
1374 1617 1756 1694 quinquaginta
1789 1625 1807 1654 ⁵
1827 1627 1921 1678 lla-

352 1692 488 1754 gella
521 1692 729 1760 publice
755 1704 1006 1746 extensus
1046 1695 1183 1748 bene
1227 1692 1482 1762 impressa
1512 1695 1532 1724 ⁵
1576 1694 1837 1762 accipiat,
1869 1705 1924 1748 ct

353 1761 681 1844 insuper‘ea,
714 1777 852 1830 quae
875 1761 1048 1816 ablata
1071 1775 1216 1830 sunt,
1245 1761 1534 1818 secundum
1563 1761 1714 1819 suam
1747 1763 1918 1833 legem
1955 1787 1991 1844 η

352 1832 620 1884 restituat.

425 1897 547 1951 557.
607 1897 685 1952 De
739 1917 840 1953 non
895 1901 1219 1968 suscipienda
1269 1903 1625 1956 rrimina'ione
1677 1900 1916 1956 adversus

352 1970 631 2031 doctorem,
663 1985 824 2038 neque
867 1986 1215 2024 accusa'orim
1259 1974 1498 2025 adversus
1545 1987 1656 2024 eum
1699 1973 1916 2024 audien-

356 2039 495 2090 dum.
525 2039 935 2092 Criiuinationes
962 2041 1216 2094 adversus
1241 2043 1510 2094 doctorem
1555 2055 1715 2094 nemo
1751 2042 1922 2094 susci-

355 2109 487 2176 piat,
524 2123 695 2178 neuio
739 2110 953 2174 audiat;
1004 2109 1128 2176 quia
1171 2110 1446 2178 indignum
1494 2119 1577 2162 est
1623 2118 1680 2162 ut
1725 2109 1778 2162 hi
1827 2111 1918 2178 qni

356 2175 535 2246 throni
567 2175 659 2246 Dgi
689 2187 970 2243 vocantur,
1001 2175 1179 2246 aliqua
1211 2175 1448 2232 motione
1477 2179 1772 2232 turbentur.

422 2245 545 2318 358.
587 2243 674 2301 Ne
702 2264 830 2300 unus
861 2243 1124 2317 episcopus
1153 2250 1494 2318 coqnitionem
1544 2246 1918 2318 sibiiuindicet.

354 2312 576 2394 Placuit,
611 2326 667 2370 ut
695 2331 826 2372 unus
871 2312 1154 2387 episcopus
1183 2312 1288 2373 non
1329 2318 1559 2373 vindicet
1604 2317 1706 2371 sibi
1733 2318 1918 2388 cogni-

360 2393 586 2440 tionem.

424 2451 551 2507 559.
595 2455 662 2509 Ut
705 2455 779 2516 lii.
812 2473 1028 2528 quoruin
1057 2457 1267 2510 libertas
1294 2459 1454 2528 Anesci
1479 2473 1558 2528 uir,
1608 2473 1924 2528 nequaquam

355 2535 594 2577 accusent
639 2528 944 2580 sacerdotes.
999 2525 1238 2590 Quorum
1287 2524 1437 2589 ﬁdes,
1468 2527 1576 2580 vita
1614 2524 1926 2582 et'libertas

357 2594 613 2663 nescitur,
647 2610 751 2647 non
781 2596 986 2663 possint
1008 2611 1266 2650 accusare
1291 2595 1620 2649 sacerdotes.

427 2661 547 2715 5:30.
595 2663 662 2718 Ut
691 2661 924 2716 absentes
960 2680 1061 2716 non
1089 2665 1395 2718 iudicentur.
1439 2665 1706 2718 Adversus
1735 2665 1926 2720 absen-

357 2739 438 2785 tes
466 2748 569 2803 non
597 2732 874 2790 iudicetur.
905 2732 1054 2799 Quod
1086 2735 1130 2788 si
1149 2735 1349 2790 factum
1373 2733 1550 2799 luerit,
1575 2733 1780 2803 prolata
1802 2749 1926 2789 sen-

359 2802 525 2854 tentia
556 2818 658 2856 non
684 2803 902 2856 valebit.

426 2871 549 2923 5(il.
576 2871 671 2942 De
725 2873 801 2925 liis
846 2872 931 2942 qui
973 2873 1109 2941 falsa
1162 2873 1284 2926 aliis
1317 2872 1579 2942 inrogant.
1617 2872 1801 2926 Omnis
1836 2873 1929 2942 qui

357 2938 486 3058 l‘alrsa
517 2941 633 3020 aliis
663 2938 920 3008 intulerit,
973 2938 1224 3012 puniatur
1252 2953 1308 2996 et
1349 2942 1369 2971 ⁶
1404 2938 1500 3011 pro
1529 2941 1765 2997 falsitate
1793 2938 1929 2998 ferat

357 3024 408 3058 Ill
434 3023 647 3058 almam.

356 3023 647 3064 unaunam.

425 3076 548 3130 362.
587 3077 674 3133 Ne
711 3082 834 3134 t'iles
860 3097 1108 3148 personae
1135 3083 1204 3136 ad
1250 3082 1594 3136 accusandum
1639 3083 1927 3136 sacerdotes

362 3124 729 3220 ηᾳηιειιαηιῆνῖ
741 3124 936 3206 Vitia?"
951 3124 1217 3220 mea;
1245 3124 1928 3206 ιῖἶιῖιαίἒὶιῖιῖἒιαῖἦῖῖιεῖιῖιᾞῖ
1953 3124 1998 3183 C

355 3216 423 3270 ad
453 3220 850 3273 accusationem
877 3216 1236 3274 sacerdotum.

427 3285 547 3360 565.
597 3287 677 3340 Ne
706 3291 894 3343 iudices
923 3307 1130 3344 causam
1159 3307 1410 3360 personae
1435 3290 1659 3344 absentis
1681 3307 1775 3344 sua
1809 3308 1928 3344 sen-

355 3359 511 3408 tentia
541 3369 889 3425 prao-sumant.
922 3359 1165 3413 Caveaut’
1185 3361 1382 3415 iudices
1420 3361 1702 3426 ecclesiae,
1735 3376 1803 3415 ne
1831 3362 1928 3414 ab-

356 3435 508 3495 sente
539 3443 619 3489 eo,
667 3429 816 3482 cuius
845 3445 1004 3484 causa
1035 3429 1339 3494 ventilatur,
1367 3431 1688 3483 sententiam
1721 3431 1926 3495 ferant;

356 3494 658 3617 illaiabirrilta
685 3499 807 3562 erit,
839 3498 1002 3553 immo
1031 3509 1085 3552 et
1109 3513 1324 3553 causam
1351 3500 1402 3554 in
1429 3500 1634 3568 synodo
1662 3513 1757 3569 pro
1788 3494 1929 3554 facto

363 3573 372 3592 ο
443 3579 470 3614 a
517 3581 582 3617 un
613 3603 628 3617 .
1585 3579 1588 3584 '

363 3573 372 3592 ³
407 3573 628 3619 dabunt.
1585 3579 1588 3584 '

420 3632 550 3711 6-5.4.
594 3632 647 3686 Ν
650 3653 688 3711 e_
699 3637 891 3711 _a.'iqttis
912 3636 1212 3691 criminosus
1235 3638 1524 3707 episcopum
1545 3647 1766 3692 accuset.
1791 3636 1930 3694 Nulli

357 3702 646 3775 criminosp
679 3702 831 3759 liceat
862 3710 1172 3775 episcopum
1199 3702 1474 3762 accusare.

429 3769 551 3823 565.
597 3771 744 3835 Quod
787 3775 874 3844 qui
896 3769 1192 3842 'episcopum
1241 3785 1468 3839 accusat,
1512 3775 1606 3830 Dei
1645 3777 1934 3832 ordinatio-

359 3857 473 3915 nem
507 3844 852 3915 accusanDei
877 3844 1268 3900 ordinationem
1299 3860 1509 3899 accusat
1535 3885 1550 3911 ,
1585 3848 1634 3900 in
1665 3862 1771 3915 qua
1800 3865 1930 3902 con-

357 3912 673 3982 stituuntur,
715 3914 759 3966 si
789 3915 908 3980 quis
947 3915 1232 3982 episcopos
1274 3915 1294 3945 ⁸
1329 3930 1546 3970 accusat
1575 3917 1658 3970 vel
1681 3912 1935 3972 condetu-

357 3980 529 4053 tiatf’1
553 3981 675 4053 dum
708 3984 882 4037 minus
911 3980 1168 4052 spiritale
1199 4000 1359 4053 quam
1391 3994 1601 4038 terrena
1635 3997 1894 4044 sectatur.

429 4047 538 4123 366
598 4051 666 4106 Ut
695 4055 831 4104 titem
861 4047 1120 4115 habentes,
1149 4047 1251 4108 sive
1277 4057 1481 4122 petitor,
1525 4071 1611 4108 seu
1650 4073 1930 4123 possessor,

357 4119 401 4195 si
431 4121 713 4174 antistitum
735 4123 978 4177 iudicium
1001 4119 1356 4193 elegerint,'ad
1383 4141 1470 4178 eos
1491 4119 1796 4195 dirigantur.
1831 4119 1935 4181 Vo?

359 4189 535 4262 {uinus
564 4204 727 4260 atque
768 4189 1146 4262 praecipimus,
1183 4203 1238 4247 ut
1281 4209 1468 4248 omnes
1498 4189 1689 4248 diti'oui
1721 4204 1936 4252 nostrae

360 4255 472 4330 Deo
499 4255 792 4316 auxiliante
820 4255 1069 4327 subiecti,
1105 4255 1209 4318 tam
1239 4263 1484 4324 Romani,
1518 4278 1678 4330 quam
1719 4263 1931 4328 Franci,

360 4325 622 4402 élamani.
670 4330 971 4396 Baiowarii,
1018 4325 1277 4395 Saxones,
1309 4325 1600 4402 Thuring'ii,
1646 4325 1932 4402 Fresones,

359 4393 976 4470 GalliLBurgundiones,
1019 4393 1282 4466 Britones,
1319 4393 1678 4470 Longubahli,
1709 4393 1934 4458 Was'col

2024 518 2097 570 sis
2125 526 2422 582 temporum
2446 517 2744 578 curriculis,
2771 519 2882 569 sive
2908 531 3028 569 cum
3067 517 3338 583 negotium
3370 531 3599 583 perora-

2024 595 2128 648 tur,
2157 587 2269 639 sive
2289 602 2408 640 cum
2432 587 2534 639 iam
2551 586 2785 653 coeperit
2803 585 2972 651 promi
2993 585 3255 638 sententia
3273 585 3318 638 si
3343 585 3600 637 iudicium

2023 655 2247 720 elegerit
2288 663 2662 709 sacrosanctae
2703 655 2831 721 legis
2865 654 3140 716 antistitis,
3180 653 3322 707 illico
3355 653 3472 706 sine
3499 655 3602 706 ali-

2022 737 2126 791 qua
2155 721 2504 787 dubitatione,
2528 723 2739 777 etiamsi
2767 724 2868 777 alia
2898 738 3022 791 pars
3048 722 3369 789 refragatur,
3397 721 3461 775 ad
3483 723 3603 789 epi-

2023 807 2306 860 scoporum
2339 793 2587 846 iudicium
2614 807 2733 847 cum
2762 807 3008 846 sermone
3041 792 3361 860 litigantium
3400 791 3600 858 diriga-

2027 874 2130 914 tur.
2181 861 2340 916 Multa
2379 863 2521 916 enim
2550 876 2688 929 quae
2720 861 2772 915 in
2805 861 2998 915 iudicio
3031 862 3306 930 captiosae
3333 861 3602 927 praescri-

2024 931 2222 999 ptionis
2262 932 2472 985 vincula
2514 931 2687 1000 promi
2729 947 2837 985 non
2876 929 3172 1000 patiuntur,
3221 929 3507 1000 investigat
3544 940 3606 984 et

2024 1001 2218 1067 promit
2239 999 2610 1054 sacrosanctae
2633 1000 2793 1067 religi.
2819 1001 2900 1054 nis
2926 999 3237 1054 auctoritas.
3268 1001 3466 1053 Omnes
3493 999 3601 1052 ita-

2024 1083 2128 1136 que
2157 1085 2372 1134 causae,
2397 1085 2537 1137 quae
2565 1069 2652 1122 vel
2684 1070 2957 1138 praetorio
2985 1069 3096 1122 iure
3127 1069 3166 1099 ¹¹
3196 1068 3280 1122 νει
3311 1068 3454 1123 civili
3487 1077 3602 1121 tra-

2024 1147 2256 1202 ctantur,
2288 1141 2662 1207 episcoporum
2685 1139 2962 1193 sententiis
2986 1138 3310 1194 terminatae
3339 1149 3606 1206 perpetuo

2023 1208 2326 1262 stabilitatis
2355 1210 2468 1262 iure
2507 1207 2816 1268 ﬁrmentur;
2851 1223 2950 1262 nec
2979 1208 3137 1262 liceat
3167 1208 3388 1260 ulterius
3425 1217 3601 1260 retia-

2025 1277 2465 1346 ctarijuilicium,
2495 1277 2637 1346 quod
2668 1279 3043 1346 episcoporum
3073 1277 3354 1331 sententiis
3383 1277 3604 1330 dec.de—

2024 1346 2114 1414 rit.
2161 1344 2545 1400 Testimonium
2568 1344 2728 1400 etiam
2759 1348 2825 1400 ab
2855 1344 2962 1400 uno
2985 1347 3109 1400 licet
3137 1347 3394 1413 episcopo
3421 1347 3606 1414 perbio

2024 1413 2192 1466 bitum
2215 1430 2402 1469 clunes
2425 1416 2624 1469 iudices
2645 1415 3006 1469 indubitanter
3024 1416 3309 1484 accipiant,
3339 1413 3439 1467 nec
3464 1415 3606 1468 alius

2025 1484 2293 1554 audiatur,
2325 1499 2445 1554 cum
2477 1486 2837 1554 testimonium
2861 1485 3098 1554 episcopi
3127 1483 3157 1536 a
3186 1483 3424 1552 qualibet
3445 1494 3604 1554 parte

2027 1551 2188 1605 fuerit
2213 1553 2614 1621 repromissum.
2647 1553 2778 1608 lllud
2807 1551 3059 1608 est'enim
3089 1551 3328 1606 veritatis
3357 1551 3606 1605 anetori-

2027 1629 2137 1691 tate
2166 1621 2449 1685 lirmatum,
2475 1623 2599 1677 illud
2625 1623 3012 1691 incorruptum,
3035 1622 3178 1689 quod
3203 1637 3232 1674 a
3256 1629 3608 1691 sacrosancto

2026 1690 2243 1745 homine
2287 1693 2614 1747 conscientia
2648 1690 2856 1745 mentis
2879 1692 3115 1746 illibatae
3155 1690 3457 1760 protulerit.
3494 1690 3611 1745 Hoc

2027 1775 2126 1812 nos
2148 1760 2322 1829 edicto
2347 1761 2544 1815 salubri
2567 1761 2849 1829 aliquando
2865 1763 3193 1825 censuimus,
3221 1761 3323 1814 hoc
3344 1770 3608 1826 perpetua

2023 1828 2141 1896 lege
2171 1827 2441 1884 ﬁrmamus
2489 1827 2753 1884 malitiosa
2800 1831 2968 1883 litium
3011 1832 3214 1884 semina
3245 1829 3610 1896 comprimen-

2021 1905 2133 1960 tes;
2185 1906 2241 1952 ut
2289 1899 2467 1967 miseri
2517 1899 2760 1954 homines
2811 1899 2983 1967 longis
3030 1913 3095 1953 ac
3141 1913 3276 1966 pene
3333 1897 3611 1967 perpetuis

2023 1967 2291 2022 actionum
2334 1966 2542 2036 laqueis
2584 1969 2838 2037 implicati
2884 1966 2952 2022 ab
2983 1969 3218 2037 inprobis
3257 1966 3610 2037 petitionibus

2021 2037 2154 2107 vela
2183 2035 2476 2106 cupiditate
2498 2035 2855 2107 praepropera
2884 2039 2923 2068 "
2949 2035 3160 2091 maturo
3181 2035 3286 2091 line
3305 2036 3608 2107 discedant.

2023 2104 2283 2173 Quicquid
2315 2104 2586 2174 itaque'de
2613 2104 2890 2162 sententiis
2917 2108 3289 2176 episcoporum
3317 2104 3610 2176 clementia

2023 2185 2208 2230 nostra
2249 2185 2556 2241 censuerat,
2597 2177 2756 2230 ctiam
2797 2177 2896 2231 hac
2935 2175 3120 2232 sumus
3160 2177 3274 2242 lege
3312 2175 3607 2242 complexi,

2022 2245 2341 2314 gravitatem
2389 2254 2534 2299 tuam
2584 2254 2641 2298 et
2676 2255 2923 2300 «aeteros
2953 2261 3050 2314 pro
3094 2245 3328 2299 utilitate
3363 2244 3609 2298 omnium

2024 2313 2424 2382 imperpetuum
2457 2315 2748 2368 observare
2772 2313 3078 2370 conveniat.
3117 2333 3137 2367 ι

2093 2381 2241 2454 Ξλϐἵζγ
2263 2382 2329 2454 Ut
2365 2399 2426 2436 ea
2455 2384 2652 2438 illibata
2680 2393 2959 2450 serventur,
2993 2400 3120 2454 quae
3147 2392 3352 2454 patrum
3379 2384 3610 2454 auctori-

2025 2462 2106 2506 tas
2133 2452 2504 2522 catholicorum
2529 2455 2638 2522 lege
2663 2455 2902 2508 instituit.
2930 2452 3025 2518 Ea,
3051 2452 3190 2522 quae
3211 2455 3351 2508 circa
3377 2453 3610 2506 catholi-

2023 2537 2139 2576 cam
2169 2519 2343 2589 legem
2374 2522 2459 2576 vel
2487 2519 2614 2576 olim
2645 2523 2913 2577 ordinavit
2939 2519 3252 2591 antiquitas,
3295 2525 3379 2575 vel
3413 2535 3609 2591 pareo:

2026 2601 2138 2643 tum
2194 2599 2498 2644 nostrorum
2548 2593 2841 2648 auctoritas
2880 2590 3129 2661 religiosa
3177 2591 3478 2652 constituit,
3528 2590 3611 2645 vel

2026 2668 2210 2714 nostra
2273 2664 2536 2730 serenitas
2589 2662 2908 2730 roho»avit,
2959 2662 3170 2716 novella
3225 2661 3613 2730 superstitione

2026 2730 2272 2810 submota
2320 2729 2525 2800 ittta'gra
2571 2737 2627 2784 et
2675 2728 2933 2786 inviolata
2985 2728 3300 2786 conservari
3325 2729 3366 2759 ³³
3400 2728 3612 2797 pracci-

2070 2813 2226 2852 "IIIIS.

2029 2815 2226 2920 pugli'g:
2269 2866 2336 2940 t
2362 2867 2646 2939 privilegia,
2671 2885 2802 2940 quae
2829 2879 3036 2940 propter
3056 2869 3614 2940 religioneminstituta

2028 2946 2145 2991 sunt
2170 2939 2314 2991 nulla
2341 2937 2758 2994 iuterminatio'ne
2787 2937 3240 2993 nova‘mutilentur
3271 2938 3334 2990 “.
3361 2937 3481 2992 Non
3513 2952 3613 2990 uo-

2030 3021 2154 3077 vum
2193 3005 2395 3077 aliquid
2440 3010 2710 3076 praesenti
2754 3010 3036 3063 sanctione
3077 3007 3484 3077 praecipimus,
3515 3006 3616 3060 sed

2031 3076 2138 3138 illa,
2162 3091 2301 3146 quae
2327 3075 2452 3131 oliui
2477 3079 2723 3132 videntur
2751 3078 2978 3143 indulta,
3012 3075 3303 3132 lirinamus.
3332 3076 3616 3144 Privilegia

2032 3147 2212 3214 igitur,
2233 3160 2373 3213 quae
2403 3146 2530 3200 olim
2557 3148 2854 3202 reverentia
2877 3147 3150 3216 religionis
3175 3147 3426 3216 obtinuit,
3459 3148 3617 3198 muti-

2033 3217 2131 3270 lari
2165 3217 2206 3246 ⁸⁵
2238 3216 2338 3270 sub
2358 3230 2564 3285 poenae
2585 3217 2747 3271 etiam
2772 3215 3202 3272 intermiiiatione
3233 3215 3616 3284 prohibemus;

2032 3285 2104 3340 ita
2135 3299 2346 3357 quoque
2375 3294 2431 3338 ut
2467 3287 2573 3357 qui
2596 3288 2856 3357 ecclesiae
2889 3293 3283 3357 Optemperant,
3315 3286 3400 3339 his
3421 3286 3618 3353 quibus

2031 3356 2260 3424 ecclesia
2282 3354 2332 3424 ᾖξ’
2356 3355 2626 3413 beneliciis
2651 3354 3015 3424 perfruantur.

2101 3423 2229 3479 569.
2273 3423 2316 3478 ι]
2323 3431 2340 3476 ι
2363 3425 2408 3476 si
2429 3423 2778 3495 chorepiscopi
2803 3427 3031 3495 aliquam
3058 3426 3504 3480 consecrationem
3527 3433 3620 3476 aut

2033 3495 2474 3563 conﬁrmationem
2517 3498 2752 3565 fecerint.
2793 3495 3136 3566 abepiscopis
3163 3498 3406 3566 canonice
3451 3496 3619 3563 refor-

2033 3572 2251 3618 mentur.
2271 3564 2552 3618 Hominum
2577 3564 2933 3630 conlirmatio,
2947 3564 3316 3627 ecclesiarum,
3339 3565 3616 3628 altarium,

2032 3634 2316 3702 virginum,
2349 3634 2686 3701 krismatuin,
2718 3635 3160 3703 presbiterorum,
3187 3634 3539 3687 diaconorum
3563 3642 3620 3686 et

2031 3704 2482 3758 subdiaconorum
2513 3705 2942 3758 consecrationes
2975 3719 3004 3756 a
3029 3703 3432 3772 chorepiscppis
3459 3711 3614 3756 actae

2035 3775 2102 3826 ab
2149 3773 2415 3841 episcOpis
2457 3773 2717 3828 canonice
2761 3773 3022 3828 ordinatis
3072 3771 3207 3827 sunt
3236 3771 3617 3826 rel'ormandae

2034 3844 2398 3910 canoniceque
2435 3847 2771 3912 peragendae
2812 3844 2874 3903 ⁸⁷,
2906 3843 3032 3910 quia
3059 3842 3436 3910 chorepiscOpi
3481 3843 3616 3912 haec

2036 3909 2353 3979 contingere
2381 3909 2487 3965 non
2509 3911 2809 3966 debuerunt
2839 3909 2938 3966 nec
2965 3927 3125 3981 agere
3155 3909 3466 3981 potuerunt.
3495 3909 3617 3981 Son

2035 3982 2176 4034 enini
2209 3978 2272 4037 ea
2297 3981 2529 4035 tribuere
2559 3984 2858 4044 valuerunt,
2886 3978 3026 4050 quae
3049 3978 3163 4035 non,
3183 3980 3384 4034 habent
3414 3981 3480 4031 ⁸⁸.
3511 3978 3620 4034 Ne-

2035 4065 2304 4121 quaquam
2335 4051 2476 4104 enim
2511 4052 2631 4105 talis
2661 4052 2931 4105 ordinatio
2975 4051 3060 4105 vel
3089 4051 3427 4105 consecratio
3454 4050 3622 4121 reite-

2037 4120 2176 4175 ratio
2205 4135 2326 4174 esse
2371 4135 2400 4176 a
2446 4121 2792 4190 prudentibus
2829 4131 2885 4174 et
2918 4131 3064 4176 recte
3092 4121 3426 4190 sapientibus
3470 4120 3622 4172 vide-

2039 4197 2146 4256 tur,
2178 4189 2269 4244 sed
2299 4189 2455 4244 irrita
2478 4190 2599 4243 talis
2632 4191 2900 4245 ordinatio
2925 4198 2982 4244 et
3019 4189 3360 4244 conlirmatio
3388 4203 3454 4242 ac
3483 4202 3623 4241 con-

2037 4261 2268 4312 secratio
2297 4259 2656 4313 indubitanter
2685 4258 2802 4314 fore
2831 4261 3158 4328 agnoscitur.
3199 4259 3253 4312 Si
3282 4259 3404 4326 quis
3433 4267 3619 4310 autem

2037 4328 2545 4410 chorepisctiporum
2574 4329 2773 4410 aliquid
2798 4343 2866 4383 ex
2883 4329 3172 4410 praedictis
3200 4342 3359 4410 agere
3387 4335 3620 4410 tempta-

2039 4398 2194 4460 verit,
2247 4412 2349 4452 neu
2393 4407 2533 4464 acta,
2572 4402 2669 4452 sed
2707 4398 3018 4467 imperfecta
3056 4409 3219 4466 atque
3249 4399 3396 4451 irrita
3429 4405 3616 4458 erunt,

362 4479 476 4550 nes,
532 4467 914 4550 Beiie'ventani,
964 4470 1145 4535 Gothi,
1194 4467 1931 4550 Hispani_'ceterique_nobis
1967 4474 2093 4530 Det
2150 4469 2269 4550 ipse
2325 4469 2472 4521 omni
2523 4468 2888 4524 ecclesiastico
2937 4468 3375 4523 inrevocabiliter
3430 4477 3621 4520 careat

361 4535 544 4610 subiec
570 4539 583 4590 i
610 4554 814 4602 omnes,
848 4535 968 4594 licet
996 4535 1334 4610 quocumque
1360 4535 1797 4610 videantur‘legls
1821 4548 1932 4596 viu-

362 4603 484 4678 culo
513 4609 787 4661 Constr.cti
833 4611 920 4663 vel
966 4603 1434 4663 consuetudinario
1485 4626 1636 4664 more
1683 4603 1932 4678 connexi,

363 4673 502 4750 hanc
546 4679 885 4750 sententiam,
937 4693 1097 4750 quam
1126 4695 1212 4750 ex
1246 4680 1614 4750 sestodecimo
1653 4673 1933 4736 'l‘heodosii

363 4747 707 4816 imperatoris
749 4747 909 4809 libro,
941 4748 1176 4815 capitulo
1207 4749 1454 4802 videlicet
1485 4749 1569 4816 ll,
1595 4750 1660 4803 ad
1701 4751 1933 4805 interro-

361 4821 483 4878 gata
514 4815 718 4889 Ablavii
750 4819 897 4871 ducis
926 4817 998 4871 illi
1020 4827 1074 4871 et
1098 4833 1223 4889 oinn
1249 4820 1344 4871 bus
1371 4819 1682 4889 resc:iptam
1707 4821 1936 4889 sumpsi—

362 4897 499 4955 mus,
531 4892 586 4937 et
614 4885 753 4941 inter
778 4895 960 4940 nostra
993 4887 1223 4955 capitula
1261 4902 1355 4954 pro
1396 4888 1512 4955 lege
1543 4889 1771 4942 tenenda
1800 4885 1934 4943 con-

361 4951 503 5006 sultu
553 4957 792 5009 Omnium
839 4951 1075 5012 tideliuui
1119 4951 1426 5010 nostrorum
1453 4951 1582 5010 'tam
1613 4959 1931 5013 clericorum

361 5034 518 5086 quam
545 5035 612 5097 et
642 5026 898 5081 laicoruui
931 5027 1202 5096 posuimus
1232 5021 1639 5097 legeui‘cunctis
1669 5039 1932 5097 perpetuo

365 5094 649 5149 tenendam
677 5097 740 5163 ιθ,
770 5097 823 5152 id
848 5094 972 5152 esti:
1012 5115 1031 5148 t
1061 5097 1374 5164 Quicunque
1401 5096 1545 5152 item
1573 5094 1796 5165 habens,
1819 5099 1933 5153 sive

2073 4553 2126 4588 ra
2135 4538 2222 4590 du.

2035 4552 2229 4660 8ιέἓὲιᾶ
2273 4605 2348 4659 De
2387 4606 2613 4676 generali
2637 4607 2790 4660 totius
2840 4608 3014 4677 populi
3053 4606 3427 4675 supplicatione
3473 4605 3617 4672 apud

2037 4677 2312 4744 pri..cip.'m
2333 4693 2425 4743 pro
2452 4679 2775 4729 sacerdotum
2799 4693 2976 4738 causa,
3007 4693 3071 4737 ne
3098 4679 3151 4729 in
3186 4681 3380 4728 hostem
3401 4684 3490 4725 aut
3509 4691 3616 4742 pu-

2037 4761 2190 4814 gnam
2224 4754 2509 4814 pergerent,
2542 4754 2591 4798 et
2615 4747 2764 4814 quale
2786 4747 2861 4798 eis
2895 4747 3125 4798 omnibu.
3148 4761 3214 4799 ea:
3242 4746 3333 4798 hoc
3364 4745 3620 4796 inminent

2045 4816 2343 4883 perirulum.
2403 4818 2485 4868 ba:
2529 4817 2768 4882 capitulis
2831 4816 3006 4870 damni
3067 4815 3247 4870 Kuroli
3288 4815 3621 4882 imperatoris

2049 4886 2331 4938 ll'ormaia
2361 4886 2670 4951 generaliter
2689 4885 2904 4937 decretis
2931 4893 3082 4951 atque
3109 4886 3171 4938 ab
3193 4884 3428 4938 omnibus
3458 4883 3499 4912 "
3521 4883 3621 4950 ﬁr-

2042 4958 2192 5010 matis
2236 4969 2283 5007 e:
2323 4956 2520 5006 cunctis
2547 4969 2638 5020 pro
2677 4957 2784 5023 lege
2826 4953 3055 5008 tenendis
3082 4955 3410 5008 contraditis.
3441 4953 3620 5006 b‘lexis

2041 5039 2227 5079 omnes
2255 5038 2569 5093 praecamur
2594 5024 2880 5092 poplitibus
2908 5027 3240 5078 maiestatem
3271 5035 3529 5084 vestram,
3559 5030 3616 5093 ut

2039 5091 2274 5164 episcopi
2305 5095 2556 5162 deinceps
2582 5091 2720 5148 sicut
2749 5095 3006 5148 hactenus
3032 5108 3141 5149 non
3167 5103 3426 5149 vexentur
3448 5091 3620 5145 hostio

1545 5255 1932 5310 VARIANTES
1969 5251 2369 5307 LECTIONES.

444 5372 456 5401 ι
480 5369 914 5442 quadrupliciter.
942 5368 1056 5442 Bal.
1088 5370 1368 5440 undecupli
1403 5373 1485 5426 lex
1509 5371 1691 5442 Wisig.

372 5441 393 5471 ⁸
421 5456 599 5510 pressa
627 5439 694 5495 G.
773 5442 791 5468 ’⁵
822 5441 960 5510 deest
992 5439 1053 5492 (ἱ.
1139 5443 1157 5472 ⁷
1191 5439 1354 5496 facito
1384 5445 1448 5496 (ἐ.

375 5580 416 5610 ⁸³
446 5580 698 5632 custodiri
737 5581 850 5632 b’al.
932 5578 974 5608 ”
1001 5597 1054 5632 ιι.
1081 5579 1130 5632 d.
1165 5578 1343 5634 desunt
1374 5581 1437 5634 (ἱ.

369 5658 511 5710 sunt,
543 5665 589 5702 r.
613 5666 661 5702 c.
695 5659 818 5701 tulit
847 5665 899 5717 p.
933 5646 1047 5702 Bal.

370 5719 491 5772 talis
517 5733 568 5770 θ.
595 5727 648 5771 et
677 5733 723 5770 ς.
758 5734 836 5772 ac.
869 5735 917 5772 c.

1518 5584 1559 5613 “’
1582 5594 1809 5637 mutuari
1845 5586 1908 5636 (ἐ.

998 5720 1036 5748 ³⁸
1068 5720 1369 5775 hominibus
1397 5721 1459 5775 (ἶ.

1990 5585 2031 5614 ¹⁶
2060 5601 2111 5637 ο.
2147 5586 2414 5642 Ecclesiae
2447 5589 2497 5642 b.
2542 5588 2659 5644 Bal.

1131 5651 1170 5680 “'
1198 5667 1296 5734 nec
1321 5666 1479 5734 agere
1509 5654 1821 5707 habent.....
1857 5654 1972 5711 b’al.
2017 5658 2159 5709 uncis
2199 5659 2397 5712 inclusa
2425 5669 2536 5730 post
2574 5661 2719 5716 irrita
2749 5663 3044 5734 collocavit,
3077 5651 3277 5718 omisi-is
3307 5659 3378 5714 ibi
3420 5659 3624 5713 toribus

1658 5390 1691 5452 ι.
1770 5375 1789 5404 ¹
1814 5372 1898 5427 CC
1929 5373 2230 5452 lex‘Wisig.
2304 5378 2324 5408 ³
2345 5381 2604 5450 sequentia
2635 5397 2735 5435 non
2768 5383 2917 5436 habet
2948 5382 3030 5436 lea:
3058 5380 3224 5452 Wisig
3275 5381 3318 5452 κδ
3349 5379 3388 5434 C
3413 5380 3516 5433 icta
3550 5375 3617 5432 (ἔ.

1535 5444 1555 5472 ⁸
1582 5447 1895 5513 episcopum
1925 5445 2037 5496 bal.

367 5507 530 5582 petua
563 5513 656 5582 (sic
681 5511 832 5582 etiam
861 5507 1113 5582 (inprima
1138 5512 1430 5582 scripserat,
1455 5513 1547 5565 sed
1569 5507 1789 5567 correxit
1815 5516 2014 5582 postea)
2045 5521 2270 5570 tenenda
2305 5507 2420 5572 Bai.

2125 5449 2144 5476 ⁹
2171 5457 2673 5522 contempnatcorr.
2706 5454 3040 5522 contempnit
3061 5451 3126 5506 G.
3205 5452 3246 5482 ³ο
3273 5451 3288 5502 l

2500 5521 2538 5549 “
2566 5521 2714 5576 iurae
2741 5520 2804 5574 G.
2835 5520 3062 5586 saepius.
3142 5522 3182 5552 "
3208 5529 3468 5590 perpetua
3501 5520 3618 5571 Bal.

2542 5588 2659 5644 Bal.
2739 5593 2777 5622 ¹⁷
2813 5593 2984 5647 iactae
3007 5594 3076 5647 ab
3099 5607 3174 5656 e.,
3201 5592 3290 5658 qui
3313 5606 3363 5641 r.
3390 5588 3624 5643 ordinati

2833 5628 2984 5647 "usus.
3007 5628 3076 5647 ιιιυ
3099 5628 3174 5656 υο,
3201 5628 3290 5656 *ιι-ιι
3313 5628 3327 5639 ι
3349 5628 3363 5641 ο

3292 5465 3391 5519 ege
3421 5465 3472 5504 c.
3501 5465 3622 5519 per-

3142 5522 3182 5552 "
3208 5518 3468 5590 perpetua
3501 5518 3618 5590 Bal.
