4002 6146
306 259 410 318 ’169

792 259 943 314 COD.
988 258 1257 314 DlPLOM.
1289 290 1355 297 ——
1379 259 1734 314 BENEDICTI
1772 261 2286 317 CAPITULARIUM
2325 259 2724 317 COLLECTIO.
2757 293 2824 300 —
2862 262 2989 316 LIB.
3033 263 3094 317 ll.

3451 267 3556 323 790

303 377 427 437 bus;
483 373 576 428 sed
616 372 830 442 quando
861 387 956 427 vos
995 387 1200 440 nosque
1237 373 1289 426 in
1333 373 1540 428 hostem
1578 373 1866 442 pergimus,
1900 377 1943 434 Α
1971 373 2057 428 cui
2081 389 2172 428 eas
2197 373 2364 442 offero
2391 382 2552 442 atque
2574 373 2784 438 dedico,
2810 373 3232 430 districtissimas
3251 376 3439 430 reddat
3469 394 3552 432 ra-

304 445 400 511 ipsi
428 443 678 512 propriis
699 441 966 496 resideaut
1003 445 1056 495 in
1099 443 1361 512 parochiis
1394 441 1611 512 Deoque
1645 443 1871 498 lideliter

303 511 542 568 famulari
565 511 812 566 studeant
833 521 886 564 et
907 527 1090 566 eorum
1112 521 1451 567 sacrosancta
1475 511 1709 568 misteria
1747 514 1761 543 ¹
1786 528 1875 567 ca-

304 583 495 637 nonire
523 593 578 636 et
606 581 717 635 Deo
761 580 969 650 placide
1004 595 1257 648 peragere
1284 592 1552 649 satagant,
1591 593 1752 650 alque
1777 598 1874 650 pro

297 655 455 706 vobis
501 661 556 706 et
600 659 796 705 cuncto
834 651 1073 705 exercitu
1109 659 1286 705 vestro
1323 667 1426 705 una
1458 668 1580 707 cum
1625 651 1875 706 omnibus

296 723 398 776 sibi
430 720 731 776 commissis
757 734 913 776 orare
936 720 1160 775 viriliter
1181 721 1476 788 missasque
1505 721 1794 776 decantare
1819 730 1875 776 et

300 792 526 844 letanias
568 801 728 859 atque
754 789 1062 859 elimosinas
1090 804 1249 858 agere
1278 794 1574 846 decertent.
1603 790 1872 856 Quosdam

297 861 444 914 enim
471 875 535 914 ex
567 858 652 914 eis
685 861 736 912 in
785 858 1028 912 hostibus
1059 868 1113 914 et
1144 860 1358 928 praeliis
1395 862 1703 914 vulneratos
1732 861 1872 914 vidi-

297 945 438 996 mus,
455 939 510 984 et
527 929 786 997 quosdam
808 929 1006 999 perisse
1027 929 1395 999 cognovimus.
1409 928 1551 985 Haec
1573 946 1701 984 vero
1723 930 1874 984 valde

296 1000 596 1068 periculosa
643 1009 699 1052 et
747 998 945 1066 oppido
1001 998 1128 1053 sunt
1165 998 1422 1052 cavenda.
1471 1000 1619 1065 Quae
1675 999 1873 1054 idcirco

294 1069 658 1136 suggerimus,
689 1083 756 1121 ne
783 1083 880 1135 pro
909 1068 1102 1124 talibus
1131 1083 1226 1123 vos
1265 1077 1320 1124 et
1362 1084 1460 1123 nos
1497 1069 1654 1124 simul
1687 1085 1874 1134 perea-

295 1155 438 1193 mus.
465 1137 624 1192 Novit
645 1138 917 1197 Dominus.
947 1137 1161 1207 quando
1185 1153 1279 1207 eos
1304 1138 1356 1192 in
1386 1139 1581 1194 talibus
1608 1139 1871 1206 videmus,

299 1219 475 1262 terror
502 1207 858 1274 adprehendit
885 1206 1004 1269 nos,
1031 1216 1086 1262 et
1108 1206 1328 1277 quidam
1355 1224 1423 1263 ex
1453 1210 1652 1264 nostris
1679 1209 1872 1265 timore

295 1277 566 1347 perterriti
594 1286 812 1347 propter
832 1277 934 1333 hoc
960 1277 1142 1347 fugere
1161 1289 1218 1331 et
1240 1278 1468 1332 inimicis
1491 1289 1637 1346 terga
1663 1286 1872 1334 vertere

296 1350 496 1418 solent.
543 1346 730 1418 Plures
765 1347 907 1418 enim
940 1346 1166 1418 potestis
1193 1347 1393 1418 habere
1423 1349 1796 1416 praeliatores,
1825 1350 1870 1403 si

294 1417 370 1474 illi
422 1417 652 1486 propriis
699 1416 1016 1471 residenti"
1049 1417 1359 1487 parrochiis,
1406 1433 1568 1486 quam
1607 1418 1652 1473 si
1691 1418 1872 1471 vobis-

292 1503 418 1542 cum
459 1485 720 1556 pergunt;
775 1485 1195 1558 quoniam’illi,‘
1235 1487 1344 1558 qui
1385 1485 1480 1541 eos
1531 1487 1864 1558 praevident,

293 1555 488 1628 omnes
519 1564 646 1628 tmc
671 1555 1013 1628 pugnabunt;
1056 1555 1200 1628 quod
1225 1555 1762 1628 niodoineqnaquam
1783 1556 1866 1628 fa-

291 1627 465 1691 ciunt,
513 1627 606 1680 sed
651 1625 762 1680 eos
792 1626 1163 1680 tantummodo
1206 1625 1532 1682 custodiunt.
1577 1625 1708 1680 Nam
1749 1627 1866 1681 sine

290 1696 460 1751 dubio
490 1695 666 1780 potius
692 1695 843 1780 vobis
871 1695 1131 1780 nobisque
1160 1694 1684 1780 prolicerepossunt,
1712 1696 1756 1750 si
1782 1711 1867 1750 re-
1901 1721 1943 1780 Β

293 1766 614 1828 manserint,
651 1779 810 1833 quam
841 1764 887 1820 si
926 1764 979 1819 in
1010 1764 1217 1820 hostem
1249 1765 1332 1836 vel
1377 1764 1454 1819 ad
1474 1780 1705 1836 pugnam
1745 1781 1867 1834 per-

292 1836 536 1905 ro-xerint
569 1854 580 1889 :
613 1837 738 1905 quia
780 1843 904 1889 tunc
935 1850 1121 1905 eorum
1166 1835 1414 1902 precibus
1442 1835 1780 1899 adiuvamur,
1813 1844 1870 1891 et

292 1904 458 1973 modo
509 1904 697 1958 eorum
766 1904 1028 1973 pressuris
1093 1918 1398 1972 gravamur.
1455 1905 1681 1971 Quando
1739 1921 1869 1960 vero

294 1972 506 2044 Moyses
535 1972 788 2042 expansis
817 1974 882 2027 ad
907 1973 1116 2044 coelum
1149 1975 1393 2028 manibus
1439 1975 1650 2040 orabat,
1681 1973 1866 2031 vince-

291 2043 395 2114 bat
417 2043 646 2105 Israhel;
675 2053 728 2099 et
743 2043 959 2114 quando
979 2060 1007 2098 a
1032 2045 1309 2114 praecibus
1328 2046 1573 2100 cessabat
1599 2055 1654 2098 et
1682 2060 1868 2099 manus

290 2113 412 2183 eius
453 2113 834 2183 gravabantur,
883 2113 1190 2182 priusquam
1234 2123 1567 2170 sustentatae
1596 2121 1786 2169 tierent
1812 2123 1869 2170 et

293 2181 412 2252 ipse
440 2181 723 2252 praecibus
753 2181 1060 2246 insisteret,
1081 2184 1397 2239 vincebatur
1425 2193 1480 2238 et
1508 2193 1654 2252 terga
1688 2195 1864 2242 verte-

292 2251 406 2310 bat.
435 2251 654 2308 Talibus
681 2269 808 2322 ergo
830 2262 884 2307 et
918 2255 1100 2310 multis
1125 2255 1242 2308 aliis
1269 2255 1534 2323 exemplis
1563 2251 1702 2317 fulti,
1726 2269 1864 2322 quo-

293 2337 414 2376 rum
449 2324 809 2394 prolixitatem
839 2323 1068 2377 viiantes
1104 2326 1123 2354 ²
1152 2324 1312 2394 modo
1336 2340 1442 2378 non
1466 2324 1714 2388 dicimus,
1741 2324 1864 2391 quia

294 2393 524 2462 sapienti
564 2394 732 2449 semel
776 2393 917 2448 dicta
952 2394 1226 2448 sufﬁciunt
1273 2393 1293 2425 ³
1342 2394 1638 2463 praedicta,
1667 2395 1867 2449 obnixe

294 2476 486 2518 omnes
516 2478 828 2532 praecamur
855 2471 911 2515 et
946 2472 1005 2516 ut
1031 2463 1397 2518 concedantur
1431 2477 1709 2531 rogamus,
1741 2466 1866 2532 quia

296 2533 600 2590 nullatenus
627 2535 872 2590 volumus
905 2533 1176 2588 adsentire
1207 2533 1226 2562 ⁸
1258 2544 1317 2586 ut
1343 2533 1616 2588 nobiscum
1641 2533 1708 2587 ad
1741 2532 1864 2587 talia

291 2614 518 2669 pergant
544 2603 642 2658 nisi
669 2603 778 2658 duo
805 2616 898 2658 aut
928 2612 1036 2658 tres
1064 2603 1202 2658 bene
1231 2603 1397 2668 dovti,
1421 2603 1688 2658 electione
1713 2602 1864 2657 vide-

291 2674 422 2725 licet
457 2685 816 2737 caeterorum,
845 2674 913 2729 ad
964 2671 1385 2729 benedictionem
1437 2672 1669 2727 dandam
1713 2681 1768 2726 et
1797 2671 1865 2726 ad

292 2742 706 2808 periclitantium
732 2741 1222 2798 reconciliationem
1245 2741 1564 2807 faciendam,
1593 2757 1664 2796 ne
1689 2757 1785 2796 vos
1809 2748 1866 2796 et

291 2827 394 2865 nos
432 2813 588 2867 simul
617 2829 740 2870 cum
769 2814 1010 2882 pluribus
1037 2827 1338 2882 pereamus,
1371 2811 1466 2866 sed
1501 2826 1687 2866 eorum
1711 2826 1866 2882 prae-

290 2882 468 2950 cibus,
499 2893 559 2938 ut
586 2884 689 2937 iam
721 2879 1078 2937 memoratum
1105 2890 1208 2946 est,
1235 2880 1533 2936 fulciamur.
1563 2879 1732 2946 Quam
1755 2879 1864 2934 for-

292 2965 435 3006 mam
479 2960 534 3006 et
567 2952 635 3006 de
673 2953 1040 3008 sacerdotibus
1069 2959 1255 3006 tenere
1288 2959 1556 3020 optamus,
1603 2950 1655 3020 id
1685 2958 1768 3004 est
1809 2959 1866 3004 ut

293 3036 394 3074 nec
416 3022 493 3075 illi
533 3022 584 3076 in
627 3023 836 3104 hostem
876 3023 973 3076 nisi
1018 3024 1157 3102 bene
1185 3019 1338 3076 docti,
1362 3028 1419 3101 et
1455 3021 1553 3090 ipsi
1593 3019 1860 3118 eiectione
1887 3059 1932 3118 ο

289 3103 456 3160 atque
504 3093 854 3161 permissione
909 3091 1248 3161 propriorum
1303 3090 1714 3161 episcoporum;
1767 3090 1860 3158 qui

293 3172 472 3215 tamen
496 3160 630 3218 tales
653 3163 790 3227 sint,
817 3165 885 3218 de
908 3160 1134 3230 quorum
1164 3161 1388 3215 scientia
1417 3169 1473 3216 et
1503 3160 1610 3230 vita
1639 3173 1703 3230 ac
1731 3173 1860 3214 con-

290 3232 592 3286 versatione
621 3248 810 3288 omnes
834 3229 1007 3286 securi
1038 3246 1157 3286 esse
1184 3231 1472 3300 possimus.
1518 3229 1651 3300 Illud
1683 3237 1860 3283 tamen

293 3301 378 3356 vel
405 3318 496 3356 vus
535 3303 620 3358 vel
651 3317 842 3358 omnes
883 3303 903 3333 ⁸
931 3303 1072 3356 scire
1101 3299 1348 3370 cupimus
1368 3340 1385 3366 ,
1414 3299 1556 3370 quod
1594 3314 1702 3370 non
1735 3314 1862 3367 pro-

291 3382 477 3440 pterea
507 3374 641 3428 haec
687 3371 952 3442 petimus,
985 3380 1044 3424 ut
1088 3368 1287 3442 eorum
1308 3385 1394 3426 res
1432 3368 1530 3424 aut
1557 3368 1758 3442 aliquid
1792 3383 1861 3423 ex

291 3457 477 3496 eorum
505 3440 768 3511 pecuniis,
809 3442 910 3496 nisi
942 3441 1070 3511 ipsis
1094 3441 1293 3511 aliquid
1331 3448 1524 3510 sponte
1553 3443 1707 3511 nobis
1731 3440 1862 3511 dare

291 3508 572 3580 placuerit,
601 3521 695 3567 aut
717 3508 903 3567 eurum
927 3508 1428 3565 ecclesias’vidua're
1447 3509 1745 3578 cupiamus,
1766 3508 1860 3562 sed

289 3579 462 3656 inagis
487 3583 586 3645 eis,
616 3584 660 3637 si
690 3581 946 3658 Dominus
975 3595 1131 3650 posse
1155 3580 1384 3658 dederit,
1414 3579 1860 3658 augureulesidee

300 3651 503 3717 ramus;
541 3661 598 3707 ut
625 3664 680 3708 et
716 3651 816 3721 ipsi
857 3659 913 3706 et
952 3666 1049 3705 vos
1077 3661 1133 3721 et
1177 3665 1276 3704 nos
1304 3651 1562 3721 salviores
1596 3651 1764 3703 simus
1803 3657 1859 3703 et

293 3724 405 3792 Deo
433 3732 526 3790 pot
548 3739 610 3778 us
648 3718 766 3792 ipso
812 3720 1227 3792 adminiculante
1274 3718 1489 3789 placere
1534 3732 1854 3792 mereamur.

299 3788 502 3847 Scimus
536 3788 684 3847 enim
714 3807 802 3847 res
839 3791 1102 3846 ecclesiae
1136 3795 1244 3845 Deo
1277 3788 1397 3843 esse
1440 3801 1712 3852 sacratas;
1750 3788 1858 3842 sci-

293 3876 411 3916 mus
449 3877 542 3916 eas
569 3879 688 3919 esse
716 3861 1020 3919 oblationes
1046 3859 1280 3916 ﬁdelium
1308 3867 1365 3912 et
1401 3861 1577 3928 precia
1611 3868 1859 3925 peccato-

289 3947 411 4003 rum
452 3932 492 3988 ‘.
524 3933 865 4003 Quapmpter
891 3930 936 3984 si
965 3930 1084 3998 quis
1111 3945 1202 3986 eas
1227 3929 1293 3983 ab
1321 3927 1802 4003 ecclesiis,_quibus
1828 3942 1858 3980 a

289 3995 787 4075 fidelibus'coliata'e
816 3995 1032 4075 Deoque
1061 4010 1302 4075 sacratae
1333 4006 1478 4075 sunt,
1510 3995 1701 4075 aufert,
1735 4011 1861 4075 pro-

286 4070 373 4124 cul
418 4071 582 4126 dubio
609 4067 961 4140 sacrilegium
978 4071 1282 4140 committit.
1327 4067 1533 4122 Coecus
1575 4067 1717 4120 enim
1753 4074 1856 4128 est.

284 4142 398 4216 qui
423 4143 524 4216 ista
569 4139 870 4216 nonuvidet.
916 4139 1168 4216 Quisquis
1194 4151 1320 4216 ergo
1353 4145 1592 4216 uestrum
1622 4151 1748 4216 suas
1774 4151 1860 4216 res

285 4205 548 4265 ecclesiae
577 4211 757 4274 tradit,
802 4211 1030 4266 Domino
1055 4205 1166 4264 Deo
1193 4205 1311 4263 illas
1336 4205 1492 4262 offert
1519 4215 1682 4274 atque
1709 4205 1860 4260 dedi-

285 4289 375 4332 cat
403 4281 623 4351 suisque
665 4281 888 4347 sanctis,
935 4291 991 4351 et
1015 4293 1138 4351 non,
1165 4279 1342 4343 alteri,
1391 4277 1622 4351 dicendo
1651 4275 1776 4351 talia
1802 4284 1858 4330 et

286 4349 498 4415 agendo
526 4347 619 4404 ita.
677 4351 820 4405 Facit
859 4349 1002 4404 enim
1040 4350 1357 4418 scripturam
1393 4347 1459 4418 de
1502 4347 1631 4416 ipsis
1674 4349 1852 4410 rebus,

285 4433 422 4484 quas
453 4419 562 4474 Deo
592 4421 721 4473 dare
747 4421 1036 4483 desiderat,
1059 4427 1115 4474 et
1143 4417 1311 4487 ip-am
1337 4417 1654 4487 scripturam
1677 4430 1858 4487 coram

285 4488 466 4560 altari,
488 4498 582 4542 aut
621 4505 780 4560 supra
811 4499 954 4544 tenet
983 4489 1035 4543 in
1066 4486 1246 4560 manu,
1271 4489 1454 4560 dicere
1474 4486 1711 4560 eiusdem
1758 4486 1861 4540 loci

282 4559 652 4628 sacerdotibus
688 4555 860 4628 atque
897 4559 1208 4612 custodibus
1236 4576 1248 4610 :
1300 4575 1319 4609 ι
1354 4555 1532 4628 Ull'ero
1559 4557 1668 4608 Deo
1698 4564 1862 4625 atque

283 4626 480 4682 dedico
510 4643 696 4683 omnes
723 4626 828 4694 res,
859 4643 998 4698 quae
1028 4629 1128 4682 hac
1163 4628 1216 4681 in
1256 4627 1462 4682 cartula
1492 4633 1740 4679 tenentur
1774 4641 1860 4678 m-

283 4705 486 4758 sertae,
521 4713 618 4766 pro
649 4699 962 4754 remissiOne
999 4708 1342 4768 peccatorum
1384 4709 1637 4768 meorum
1673 4710 1862 4768 ac_pa-

283 4774 500 4837 rentum
522 4764 584 4820 et
629 4769 856 4823 filiorum
893 4764 1013 4837 (aut
1049 4783 1147 4836 pro
1182 4779 1502 4837 quocunque
1555 4766 1571 4795 "
1606 4764 1721 4837 illas
1749 4764 1860 4837 Deo

285 4834 460 4890 libare
491 4837 736 4900 voluerit;
786 4841 852 4891 ad
900 4833 1242 4892 serviendum
1274 4852 1342 4890 ex
1367 4833 1449 4891 bis
1477 4836 1586 4889 Deo
1616 4833 1668 4888 in
1693 4833 1859 4888 sacri-

287 4904 424 4975 ficiis
454 4906 844 4975 missarumque
893 4907 1190 4972 solemniis,
1236 4905 1589 4969 orationibus,
1630 4905 1856 4957 lumina-

285 4974 402 5045 riis,
447 4989 737 5045 pauperum
759 4974 845 5030 ’ac
874 4979 1192 5031 clericorum
1219 4975 1512 5030 elimosinis
1548 4982 1604 5029 et
1633 4975 1857 5045 caeteris

285 5043 483 5098 divinis
513 5043 741 5100 cultibus
768 5058 929 5114 atque
959 5047 1100 5100 illius
1133 5045 1394 5100 ecclesiae
1421 5044 1857 5114 iutilitatibus.bi

285 5114 406 5180 quis
435 5124 613 5184 autem
660 5131 752 5169 eas
784 5113 923 5180 inde,
973 5117 1115 5184 quod
1166 5116 1278 5170 lieri
1326 5113 1626 5184 nullatenus
1671 5113 1856 5182 credo,

286 5183 586 5252 abstulerit,
617 5186 715 5240 sub
743 5202 916 5256 poena
939 5183 1204 5256 sacrilegii
1243 5199 1311 5240 ex
1337 5185 1440 5239 hoc
1467 5183 1695 5238 Domino
1726 5186 1856 5247 Deo,

1978 443 2173 498 tiones.
2227 463 2244 494 ι
2295 441 2656 498 Ρυιιίιθιίτιω
2693 444 2714 474 ⁸
2759 445 2812 498 in
2855 460 2918 500 ea
2956 445 3088 500 alias
3124 445 3548 513 coniurationes,

1976 527 2110 580 quas
2137 527 2475 585 enumerare
2494 513 2708 585 longum
2751 523 2852 585 est.
2882 513 3013 585 Nam
3053 515 3142 585 qui
3175 529 3268 569 eas
3296 515 3420 585 inde
3445 533 3545 585 po-

1973 590 2088 654 stea
2144 581 2515 654 aufert,iquid
2562 581 2672 651 agit
2715 584 2815 654 nisi
2864 584 3248 654 sacrilegium?
3307 583 3361 654 Si
3419 581 3550 654 ergo

1975 653 2148 721 amico
2188 652 2458 721 quippiam
2498 667 2690 721 rapere
2730 653 2930 707 furtum
2972 666 3073 718 est,
3127 653 3390 708 ecclesiae
3419 652 3550 712 vero

1975 719 2222 790 fraudare
2270 719 2352 777 vel
2400 719 2614 778 auferre
2669 722 3028 776 indubitanter
3064 721 3401 790 sacrilegium
3444 736 3547 780 est.

1976 789 2124 860 Unde
2150 801 2206 844 et
2243 791 2294 844 in
2334 793 2503 846 sacris
2543 792 2838 846 canonibus
2865 793 3054 860 spiritu
3087 792 3179 846 Dei
3207 789 3434 847 conditis
3457 791 3554 848 ha-

1973 859 2130 915 betur
2159 860 2230 916 ita
2259 879 2271 914 :
2309 879 2328 912 ι
2363 862 2420 915 Si
2443 862 2562 928 quis
2585 862 2885 916 oblationes
2897 859 3169 918 ecclesiae
3197 871 3348 914 extra
3379 864 3553 918 cccle-

1972 930 2108 1001 siam
2133 932 2381 1001 accipere
2406 931 2492 986 vel
2515 932 2644 986 dare
2673 930 2900 987 voluerit
2919 940 3133 1001 praeter
3159 931 3396 1001 episcopi
3423 947 3555 986 con-

1971 999 2266 1054 scientiam
2297 1001 2382 1054 vel
2429 1001 2584 1066 eius,
2633 1002 2718 1054 cui
2768 1000 3138 1055 huiuscemodi
3187 999 3314 1054 sunt
3349 999 3550 1057 ‘oflicia

1972 1069 2277 1131 commissa,
2310 1084 2410 1125 nec
2429 1085 2552 1125 cum
2574 1071 2690 1124 eius
2716 1071 2944 1124 voluerit
2971 1084 3131 1137 agere
3149 1070 3396 1133 consilio,
3420 1087 3551 1124 ana-

1977 1137 2155 1192 thema
2195 1140 2281 1192 sit.
2315 1159 2333 1191 ι
2375 1141 2529 1194 Absit
2565 1140 2728 1204 enim,
2766 1149 2824 1194 ut
2861 1155 3038 1193 rerum
3069 1139 3551 1195 ecclesiasticarum

1973 1207 2267 1276 cupiditate
2307 1208 2390 1264 vel
2418 1210 2690 1264 ablatiOne
2718 1209 2960 1276 sacrilegi
2990 1217 3084 1263 aut
3122 1210 3404 1264 anathema
3435 1209 3554 1265 elli-

1971 1275 2178 1348 ciamur
2207 1287 2300 1332 aut
2344 1278 2537 1334 talibus
2589 1279 2796 1348 laqueis
2842 1275 3092 1346 umquam
3142 1279 3548 1346 deviuciamur_;

1970 1346 2224 1412 quoniam
2247 1348 2442 1403 scimus
2472 1346 2848 1404 anathematos
2877 1348 3120 1403 homines
3147 1349 3231 1402 Vel
3259 1350 3551 1416 sacrilegos

1971 1429 2078 1468 non
2118 1417 2289 1471 solum
2339 1417 2561 1472 infames
2600 1427 2656 1473 et
2701 1433 2732 1472 a
2777 1419 3050 1488 consortio
3091 1419 3346 1482 fidelium,
3375 1422 3553 1488 prius-

1969 1499 2130 1556 quam
2160 1487 2291 1541 haec
2335 1503 2430 1556 per
2456 1487 2718 1555 publicam
2745 1486 3162 1542 satisfactionem
3201 1486 3466 1543 ei-clesiae
3494 1499 3550 1542 et

1969 1554 2349 1626 episc0porum
2377 1554 2871 1612 reconciliationem
2915 1572 3215 1626 manusque
3244 1557 3547 1626 impositio-

1969 1638 2092 1677 nem
2121 1625 2430 1689 eiiiendent,
2460 1627 2666 1681 alienos
2703 1641 2846 1692 esse,
2881 1627 2975 1680 sed
3004 1625 3167 1680 etiam
3195 1641 3224 1680 a
3257 1625 3422 1694 regno
3457 1627 3549 1680 Dei

1969 1700 2214 1747 extorres
2259 1695 2391 1760 lleri,
2429 1698 2471 1750 si
2513 1696 2565 1749 in
2611 1696 2808 1750 talibus
2849 1694 3162 1760 defecerint,
3206 1711 3312 1748 non
3341 1695 3554 1750 dubita-

1969 1777 2106 1832 mus.
2147 1763 2213 1818 Ut
2241 1779 2370 1832 ergo
2399 1766 2575 1821 omnis
2615 1765 2847 1832 suspicio
2877 1780 2907 1818 a
2946 1765 3100 1820 nobis
3129 1766 3336 1819 cunctis
3361 1781 3548 1819 saec-r-

1969 1830 2186 1888 dotibus
2212 1843 2268 1887 et
2296 1830 2544 1889 onmibus
2567 1830 2765 1890 Christi
2797 1845 2852 1889 et
2885 1845 3106 1888 sanctae
3155 1835 3248 1890 Dei
3285 1834 3550 1890 ecclesiae

1969 1899 2214 1974 fidelibus
2233 1903 2469 1974 lunditus
2485 1903 2781 1968 auferatur,
2799 1904 3116 1973 prolitemur
3141 1919 3352 1969 omnes,
3372 1905 3548 1974 stipu-

1969 1970 2046 2044 las
2071 1971 2273 2044 dextris
2296 1974 2346 2026 in
2372 1974 2614 2028 manibus
2643 1970 2889 2044 tenentes
2909 1987 3107 2044 easque
3127 1975 3358 2044 propriis
3383 1989 3416 2029 e
3441 1970 3550 2029 nia-

1967 2043 2124 2095 nibus
2146 2043 2422 2107 eicientes,
2453 2057 2637 2097 coram
2668 2042 2780 2096 Deo
2817 2052 2872 2098 et
2900 2042 3104 2111 angelis
3133 2042 3258 2098 eius
3284 2059 3352 2099 ac
3393 2045 3547 2099 vobis

1969 2112 2284 2182 cunctisque
2307 2112 2677 2182 sacerdotibus
2699 2120 2756 2166 et
2777 2113 2989 2182 populis
3011 2112 3031 2142 ’
3055 2114 3544 2177 circumstantibus,

1966 2193 2069 2233 nec
2098 2181 2224 2234 talia
2250 2181 2428 2236 facere
2457 2195 2555 2236 nec
2569 2181 2746 2235 facere
2774 2181 3076 2236 volentibus
3101 2183 3427 2249 consentire,
3448 2185 3543 2238 sed

1967 2252 2134 2317 magis
2167 2251 2274 2305 Deo
2317 2251 2608 2305 auxiliante
2634 2251 2906 2306 resistere.
2958 2253 3024 2304 lit
3062 2252 3166 2306 hoc
3193 2253 3346 2306 vobis
3372 2255 3545 2307 omni-

1969 2320 2177 2388 busque
2207 2321 2452 2376 fidelibus
2477 2330 2698 2377 sanctae
2723 2320 2989 2376 ecclesiae
3017 2329 3074 2374 et
3115 2323 3315 2376 nostris
3355 2331 3545 2377 notum

1966 2402 2088 2443 esse
2115 2391 2380 2459 cupimus,
2425 2389 2570 2460 quod
2613 2405 2734 2445 cuin
2773 2390 2855 2444 his
2891 2393 2982 2459 qui
3028 2393 3230 2458 absque
3268 2391 3547 2448 voluntate

1966 2467 2060 2512 aut
2107 2474 2373 2514 consensu
2417 2460 2502 2514 vel
2551 2460 2772 2514 datione
2819 2460 3047 2514 rectoris
3077 2460 3218 2514 illius
3261 2463 3543 2527 ecclesiae,

1965 2530 2115 2601 cuius
2144 2545 2230 2584 res
2257 2531 2394 2584 iuste
2415 2543 2535 2601 esse
2557 2529 2837 2601 debentur,
2869 2539 2925 2584 et
2951 2531 3184 2584 maxime
3207 2531 3405 2600 proprii
3429 2533 3546 2601 epi-

1964 2599 2115 2667 εεομί
2160 2615 2248 2670 res
2278 2599 2542 2654 ecclesiae
2587 2614 2617 2654 a
2647 2600 2884 2670 gregibus
2915 2611 3098 2670 pl-tere
3128 2599 3222 2654 aut
3269 2599 3542 2657 retentare

1967 2671 2049 2740 vel
2106 2669 2318 2740 auferre
2353 2680 2455 2740 aut
2501 2669 2752 2723 invadere
2780 2669 2874 2740 vel
2919 2669 3133 2726 'vastare
3171 2686 3545 2740 praesumpse-

1965 2737 2104 2800 rint,
2141 2753 2239 2792 nec
2269 2738 2318 2791 io
2351 2739 2560 2808 hostem
2591 2753 2692 2793 nec
2726 2739 2794 2792 ad
2839 2753 3068 2808 pugnam
3101 2737 3197 2806 ire,
3237 2756 3337 2795 nec
3365 2737 3544 2796 cibum

1963 2820 2200 2873 sumere,
2224 2821 2323 2861 nec
2348 2808 2413 2860 ad
2439 2807 2725 2862 ecclesiam
2757 2807 2934 2862 vel’ad
2966 2810 3220 2878 palatium
3251 2822 3342 2864 aut
3372 2812 3423 2865 in
3452 2812 3541 2864 iti-

1964 2889 2094 2945 nere
2121 2891 2360 2945 pergere,
2389 2891 2488 2930 nec
2516 2881 2678 2932 etiam
2706 2887 2918 2933 nostros
2943 2881 3185 2934 homines
3205 2895 3327 2934 cum
3348 2895 3538 2935 eorum

1966 2944 2289 3010 hominibus,
2347 2955 2439 3018 aut
2489 2947 2728 3001 caballos
2777 2949 2861 3002 vel
2911 2948 3115 3016 reliqua
3168 2964 3362 3018 pecora
3416 2966 3542 3004 cum

1965 3028 2150 3085 eorum
2178 3016 2462 3084 pecoribus
2490 3025 2586 3070 aut
2613 3018 2679 3070 ad
2710 3025 2921 3085 pastum
2959 3019 3035 3072 ire
3064 3029 3156 3073 aut
3175 3016 3229 3048 "°
3259 3019 3416 3073 simul
3441 3020 3540 3074 ba-

1965 3082 2260 3158 b_itar_e_vel
2301 3101 2538 3158 manere,
2575 3102 2682 3158 nec
2709 3082 2872 3141 nllam
2912 3089 3380 3158 participationem
3417 3105 3539 3144 cum

1959 3155 2038 3206 eis
2065 3154 2163 3208 nisi
2195 3170 2290 3224 pro
2317 3157 2718 3226 emendatione,
2744 3166 2869 3210 ante
2911 3154 3174 3226 publicam
3206 3160 3543 3213 emendatio-

1960 3237 2081 3297 uem
2112 3234 2168 3278 et
2190 3225 2452 3297 ecclesiae
2474 3225 3178 3297 satisfactionemumquam
3199 3229 3430 3282 scienter
3449 3238 3544 3284 aut

1960 3292 2188 3367 libenter
2218 3294 2418 3367 habere
2455 3295 2766 3367 debeamus,
2799 3312 2867 3350 ne
2922 3292 3258 3364 pro'eorum
3292 3300 3543 3367 iniquita-

1961 3363 2102 3436 tibus
2147 3376 2310 3433 aique
2357 3363 2570 3434 ﬂagitiis
2619 3381 2722 3436 una
2758 3381 2881 3422 cum
2917 3363 2999 3422 eis
3037 3375 3092 3421 et
3131 3383 3228 3423 nos
3263 3376 3318 3422 et
3345 3363 3541 3436 nnstri,

1957 3435 2099 3501 quod
2125 3436 2283 3500 absrt,
2315 3449 2616 3506 pereamus.
2664 3435 2873 3492 Scimus
2913 3438 3075 3505 enim,
3109 3437 3250 3506 quod
3283 3439 3420 3504 perit
3448 3435 3532 3493 iu-é

1958 3513 2072 3574 stus
2117 3519 2214 3572 pro
2257 3503 2441 3574 impio.
2485 3503 2643 3560 Tales
2673 3521 2800 3562 vero
2834 3521 2866 3560 a
2904 3503 3080 3574 nobis,
3125 3503 3174 3562 si
3223 3503 3322 3561 nos
3353 3509 3538 3564 lideles

1959 3572 2160 3647 habere
2189 3575 2228 3604 “
2260 3572 2440 3647 vultis,
2472 3585 2752 3647 segregate
2777 3585 2833 3631 et
2870 3577 2923 3630 in
2952 3572 3278 3645 ergastulum
3307 3578 3407 3632 sub
3437 3593 3540 3647 pu-

1957 3642 2099 3716 blica
2153 3646 2486 3716 poenitentia
2513 3642 2790 3716 redi—gite,
2823 3655 2878 3700 et
2917 3642 3188 3716 postulata
3237 3642 3540 3704 concedite.

1962 3711 2029 3765 Ut
2055 3711 2184 3782 ergo
2213 3715 2350 3770 haec
2379 3715 2559 3770 omnia
2589 3730 2621 3768 a
2653 3711 2804 3770 vobis
2831 3725 2886 3769 et
2919 3711 2955 3770 a
2997 3719 3172 3784 nobis,
3212 3718 3326 3771 sive
3351 3733 3380 3771 a
3411 3733 3540 3774 suc-

1957 3786 2270 3855 cessoribus
2295 3787 2486 3839 vestris
2513 3794 2568 3838 et
2592 3795 2814 3850 nostris,
2840 3785 3030 3841 futuris
3052 3789 3385 3855 temporibus
3411 3793 3536 3842 abs-

1957 3866 2064 3926 que
2093 3855 2198 3926 ulla
2224 3854 2645 3926 dissimulauone
2672 3867 3081 3922 conserventur,
3120 3854 3334 3926 scriptis
3364 3860 3538 3912 eccle-

1957 3921 2187 3994 siasticis
2233 3924 2471 3994 inserere
2499 3923 2678 3994 iubete
2718 3933 2774 3994 et
2806 3926 2942 3994 inter
2979 3921 3155 3978 vestra
3190 3921 3423 3994 capitula
3455 3931 3539 3980 in-

1958 3991 2228 4112 terpolare
2258 3993 2572 4062 praecipite.
2617 3992 2766 4054 Quod
2803 3993 2876 4045 ita
2921 3994 3116 4062 factum
3152 3991 3276 4048 esse
3299 3995 3536 4050 omnibus

1981 4069 2134 4112 lauet.

1981 4069 2134 4117 iuuet.
2281 4117 2283 4119 ,

2029 4128 2153 4183 571.
2194 4128 2280 4203 Ne
2302 4131 2526 4200 episcopi
2555 4131 2623 4203 ad
2650 4129 2782 4184 bella
2797 4143 3035 4203 pergant.
3055 4134 3326 4188 Concessio
3353 4135 3532 4190 domui

1961 4197 2145 4253 Karoi
2192 4197 2539 4271 imperatoris.
2578 4197 2838 4256 Omnibus
2876 4197 3061 4256 notum
3108 4219 3228 4258 esse
3267 4207 3534 4268 volumus,

1956 4271 2081 4344 quia
2112 4287 2217 4325 non
2239 4271 2412 4344 solum
2437 4287 2524 4344 ea,
2547 4286 2684 4340 quae
2722 4287 2888 4344 super
2913 4274 3286 4343 episcoporum
3308 4283 3364 4328 et
3389 4290 3537 4344 pres-

1961 4341 2254 4414 biterorum
2316 4342 2565 4414 hostium
2617 4341 2988 4414 vexationibus
3039 4341 3113 4397 et'
3145 4341 3404 4412 precibus
3437 4359 3538 4414 pro

1888 4402 1941 4464 Ι)
1967 4411 2121 4466 nobis
2159 4421 2214 4465 et
2262 4411 2413 4466 vobis
2454 4409 2568 4466 fieri
2600 4411 2890 4480 rogitasds,
2931 4402 3231 4469 concedere
3260 4402 3530 4481 optam‘us,

1965 4481 2060 4537 sed
2088 4482 2341 4553 quicquid
2369 4496 2466 4551 pro
2495 4489 2712 4553 sanctae
2748 4481 2843 4536 Dei
2879 4483 3146 4538 ecclesiae
3183 4491 3239 4539 et
3276 4484 3536 4539 sacerdo-

1965 4559 2077 4604 tum
2106 4551 2220 4606 eive
2248 4551 2411 4606 totius
2439 4551 2619 4621 populi
2649 4559 2707 4606 et
2733 4561 2914 4607 vestra
2943 4554 3171 4608 utilitate
3201 4553 3535 4618 inveneritis,

1965 4625 2264 4676 concedere
2303 4621 2626 4690 paratissimi
2679 4635 2884 4677 sumus.
2934 4622 3001 4675 Et
3051 4623 3212 4678 modo
3243 4623 3366 4686 ista,
3396 4625 3540 4678 sicut

1963 4691 2194 4760 petistis,
2235 4691 2608 4757 concedimus;
2653 4704 2710 4746 et
2745 4692 2960 4761 quando
3015 4694 3122 4749 vita
3174 4694 3373 4748 comite
3426 4691 3536 4746 Deo

1963 4761 2256 4816 auxiliante
2283 4764 2354 4832 ad,
2378 4762 2630 4832 generale
2657 4761 2910 4832 placitum
2935 4763 3256 4828 venerimus,
3284 4766 3535 4818 consultu

1964 4832 2201 4884 Omnium
2242 4831 2473 4886 lidelium
2513 4841 2818 4903 nostrorum
2840 4834 3055 4903 scriptis
3077 4833 3310 4898 ﬁrmare,
3337 4833 3534 4903 nostris

1963 4908 2375 4974 nostrorumque
2400 4908 2576 4974 atque
2591 4901 2799 4974 futuris
2828 4899 3533 4974 temporibushinrel'ragabi-

1960 4969 2083 5024 liter
2111 4969 2372 5024 manenda
2393 4969 2692 5026 firmissime
2723 4969 2955 5027 Domine
2977 4969 3410 5026 amminiculante
3429 4983 3535 5023 cu-

1962 5041 2154 5109 pimus.
2206 5039 2364 5096 Modo
2408 5055 2492 5101 ea.
2527 5056 2668 5110 quae
2697 5042 2966 5108 generalia
3017 5051 3143 5096 sunt
3185 5050 3241 5095 et
3283 5040 3534 5094 omnibus

1963 5111 2288 5164 conveniunt
2339 5112 2633 5172 ordinibus,
2679 5120 2914 5165 statuere
2963 5127 3028 5165 ac
3074 5110 3279 5166 cunctis
3315 5119 3535 5164 sanctae

1963 5178 2057 5234 Dei
2085 5182 2346 5236 ecclesiae
2373 5185 2679 5249 nostrisque
2709 5181 2948 5236 tdellbus
2976 5182 3046 5236 ob
3076 5180 3170 5237 Dei
3190 5181 3532 5249 omnipoten-

1493 5313 1881 5372 VARIANTES
1918 5312 2316 5370 LECTIONES.

359 5445 373 5519 ξ
398 5445 696 5519 ministeria
743 5448 857 5504 Bal.

284 5516 444 5571 G.'in
491 5517 604 5572 loco
653 5536 804 5583 raso;
861 5516 1041 5575 tamen
1091 5522 1246 5574 nobis
1294 5529 1352 5574 et
1395 5521 1641 5576 omnibus
1683 5519 1800 5574 Bal.

282 5600 389 5654 que
425 5585 490 5638 (ἰ.
578 5590 598 5616 ⁸·
629 5606 670 5644 r.
723 5591 1072 5661 penitentiam
1110 5591 1164 5646 in
1200 5607 1264 5646 ea
1293 5590 1490 5662 aliasq°
1536 5589 1600 5646 G.

282 5654 468 5710 haberi
500 5658 542 5710 (ἱ

955 5450 974 5479 ²
1025 5449 1328 5520 prolixitate
1373 5449 1496 5504 victi
1538 5449 1650 5504 Bal.
1696 5449 1750 5520 7'
1792 5467 1990 5504 comma
2032 5460 2146 5519 post
2193 5447 2459 5520 praedicta
2498 5453 2667 5520 posuit
2714 5451 2833 5508 Bal.

1896 5525 1917 5551 ⁸
1957 5518 2154 5589 scimus
2196 5518 2410 5574 enim...
2459 5518 2800 5589 peccatorum
2828 5525 3010 5578 dicunt
3039 5526 3151 5580 Bal.

1701 5593 1720 5621 ⁹
1751 5608 1803 5663 p.
1835 5593 1953 5650 eius
1989 5607 2040 5649 c.
2080 5586 2142 5646 (ἱ,

2931 5455 3134 5557 ἷέέεξξέι
3163 5455 3530 5557 “lamnis”?

3287 5544 3535 5598 procum-

2243 5591 2282 5620 '°
2308 5585 2592 5647 dcesl'Bal.
2700 5594 2737 5624 “
2765 5595 2964 5652 habere
2991 5614 3125 5653 corr.
3158 5595 3221 5652 ab
3245 5585 3348 5654 alia
3377 5585 3536 5657 manu
