4002 6146
260 306 358 361 793

257 420 454 488 campis
495 415 722 488 arando,
757 415 1004 470 metendo
1051 416 1134 488 vel
1183 415 1394 471 foenum
1425 418 1678 481 secando,
1737 418 1817 472 vel
1852 422 1897 477 Α

254 486 429 559 sepe—tu
458 486 705 559 ponendo
731 527 746 549 ,
780 502 895 559 nrc_
926 486 1175 541 concides
1204 488 1451 559 stirpare,
1475 489 1564 547 ,vel
1598 490 1820 542 arbores

254 555 496 617 caedere.
514 556 598 609 vel
626 557 676 608 in
696 555 861 622 petris
882 555 930 608 la
969 570 1142 618 orare,
1163 572 1261 611 nec
1277 555 1468 611 domus
1481 566 1817 622 construere;

253 645 348 682 nec
375 628 424 679 in
457 627 613 678 horto
644 625 923 690 laborent,
970 640 1067 678 nec
1094 625 1157 678 ad
1191 627 1443 692 placitum
1474 627 1815 689 conveniant,

252 714 349 752 nec
399 695 711 749 venationes
774 701 1080 748 exerceant.
1137 693 1242 749 Sed
1293 696 1389 749 tria
1446 698 1818 751 tantummodo

250 781 408 833 opera
428 805 457 835 ,γ
475 765 517 818 si
566 764 858 835 necessitas
890 764 1143 835 ingruerit
1171 780 1400 828 summa,
1423 776 1581 835 agant
1600 810 1613 825 .
1638 774 1692 820 et
1711 781 1816 819 non

249 838 372 899 alia,
418 834 463 886 ξύ
511 842 594 888 est
621 848 770 886 carra
802 833 1011 885 hostilia
1050 833 1132 887 vel
1159 835 1409 889 victualia
1460 833 1542 889 vel
1586 836 1630 889 si
1679 837 1818 890 forte

248 917 467 959 n-cesse
517 901 675 956 fuerit
723 916 917 972 corpus
956 902 1240 957 cuiuslibet
1289 904 1486 960 ducere
1523 905 1589 958 ad
1640 906 1817 972 sepul-

248 975 453 1027 chrum.
489 976 614 1027 ltem
642 971 886 1026 similiter
919 972 1173 1027 mulieres
1214 973 1229 1003 ¹
1253 988 1417 1040 Opera
1447 975 1680 1029 textrilia
1707 971 1815 1029 non

249 1043 593 1113 faciant,inec
622 1041 868 1113 capulent
898 1082 913 1107 ,
944 1056 1042 1096 nec
1064 1051 1346 1109 consuant,
1370 1058 1469 1113 nec
1497 1059 1660 1112 opera
1692 1058 1817 1113 pec-

249 1113 355 1165 tilia
390 1112 621 1174 faciant,
653 1125 753 1164 nec
784 1110 956 1162 lanam
999 1125 1240 1179 carpere,
1270 1128 1369 1166 nec
1389 1110 1553 1167 linum
1584 1110 1815 1179 batt'ere,

246 1197 343 1234 nec
372 1182 423 1234 in
450 1181 662 1249 publico
696 1180 1012 1233 vestimenta
1045 1180 1225 1235 lavare
1247 1220 1263 1246 ,
1307 1196 1408 1236 nec
1437 1184 1674 1236 vervices
1698 1191 1818 1236 ton—

244 1250 371 1305 dere
406 1248 636 1305 habeant
673 1248 896 1311 licitum,
933 1258 988 1301 ut
1017 1250 1336 1305 omnimodis
1383 1251 1676 1306 honoretur
1701 1252 1815 1306 dies

245 1320 564 1385 dominicus,
604 1319 933 1389 requiesque
955 1326 1232 1389 servetur;
1262 1320 1512 1389 quatinus
1532 1321 1598 1375 ad
1624 1322 1813 1375 missa-

245 1404 359 1442 rum
390 1388 646 1442 solemnia
673 1388 724 1442 et
754 1404 782 1441 a
804 1392 816 1439 I
841 1388 1122 1441 ecclesiam
1153 1388 1385 1456 undique
1418 1389 1583 1443 libere
1612 1405 1813 1444 conve-

244 1459 422 1521 niant,
471 1467 525 1512 et
572 1458 789 1512 laudent
833 1457 993 1509 Deum
1040 1472 1136 1526 pro
1177 1460 1424 1512 omnibus
1469 1460 1642 1524 bonis,
1675 1474 1816 1526 quae

242 1529 397 1597 nobis
411 1528 461 1581 in
481 1527 566 1581 illa
586 1527 669 1581 die
686 1527 829 1580 fecit.
851 1526 1095 1593 Legimus
1109 1528 1274 1593 enim,
1298 1528 1544 1597 apostolo
1562 1528 1777 1583 dicente
1799 1547 1814 1584 :

240 1595 521 1680 lianifestn
544 1608 712 1680 autem
739 1605 898 1680 sunt}
916 1612 1038 1678 perii
1061 1595 1412 1680 carnis_;‘qnae
1437 1607 1552 1650 sunt
1577 1598 1813 1680 fornica-

240 1665 421 1731 tione},
452 1667 749 1719 immn'idici
769 1684 829 1727 re,
862 1665 1096 1719 lakuriae
1118 1706 1135 1732 ,
1178 1665 1433 1721 idolorum
1459 1665 1692 1733 servitus,
1724 1683 1812 1721 ve-

238 1737 425 1818 neﬁcia
447 1778 463 1801 ,
505 1737 523 1789 i
542 1736 839 1818 amicitiae,
881 1735 1243 1821 coni'entiones,
1274 1735 1663 1821 aemulationes,
1694 1738 1811 1790 ani-
1844 1764 1888 1821 Β

236 1808 500 1859 monitore;
527 1848 541 1871 ,
574 1807 703 1860 irae.
737 1807 900 1860 rixae.
933 1806 1292 1869 dissensiones,
1324 1806 1589 1869 haereses,
1621 1818 1804 1869 sectae,

235 1877 399 1929 invi.i
434 1892 482 1940 ε,
534 1875 826 1936 Ιοηιὶεῑιιὶιι,
876 1877 930 1924 ιθ
962 1877 979 1927 i
1010 1883 1158 1937 tates,
1214 1890 1356 1928 conte
1382 1875 1482 1928 sati
1516 1891 1603 1928 nes
1633 1885 1681 1929 et
1730 1879 1808 1930 liis

233 1946 462 2011 similia;
497 1961 625 2014 quae
648 1945 887 2014 praedico
918 1942 1081 2014 robis,
1107 1946 1236 1998 sicut
1263 1944 1495 2012 praedixi
1515 1985 1530 2010 ,
1566 1948 1808 2012 quoniam

235 2016 318 2082 qui
363 2011 717 2084 la'ia'ngnnt,
762 2032 848 2084 reg
888 2030 972 2065 um
1021 2011 1118 2065 Dei
1144 2011 1269 2066 non
1294 2011 1644 2084 possidebunt.
1686 2014 1809 2070 Ideo

236 2084 374 2139 haec
432 2083 620 2138 eadem
645 2124 662 2150 ,
692 2083 829 2151 quae
859 2097 1080 2150 magnus
1120 2085 1460 2151 praedicntor
1496 2083 1548 2136 in
1579 2084 1808 2139 ecclesia

235 2153 327 2207 Dei
360 2153 669 2221 singil‘atim
700 2152 1011 2210 nominavit.
1041 2167 1162 2205 cum
1190 2153 1368 2222 studio
1396 2152 1695 2222 prohibete,
1727 2156 1808 2209 in-

234 2224 575 2292 tellegeutes,
615 2237 773 2291 quam
802 2222 1132 2292 sititerribile
1160 2221 1287 2276 illud
1315 2224 1459 2290 quod
1499 2223 1634 2278 dixit
1660 2221 1686 2277 :'
1708 2222 1808 2289 Qui

235 2291 568 2361 talia'agnt,
611 2308 823 2363 rrgnnm
872 2291 964 2363 Dei
994 2308 1093 2344 non
1137 2302 1521 2363 consequentur.
1569 2294 1635 2347 Et
1662 2295 1808 2348 omni

234 2363 492 2417 instantia
541 2361 845 2432 praedicata
892 2361 1049 2432 tidem
1101 2361 1384 2415 tenendam
1424 2362 1672 2419 Domino.
1736 2366 1808 2420 Ile

232 2431 553 2487 humilitate
579 2445 709 2486 vero
736 2439 790 2484 et
818 2431 1111 2499 pacieucia,
1157 2436 1225 2485 de
1253 2432 1502 2487 castitate
1530 2444 1585 2486 et
1628 2439 1804 2487 cont:-

233 2506 439 2565 nentia,
471 2503 536 2556 de
560 2501 887 2570 benignitate
916 2509 969 2554 et
996 2499 1385 2568 misericordia,
1408 2501 1474 2555 de
1500 2501 1810 2559 elemosinis

231 2583 284 2627 et
326 2572 670 2627 confessione
701 2580 1042 2638 peccatorum
1089 2585 1309 2624 suorum
1334 2608 1350 2634 ,
1395 2578 1454 2624 et
1478 2570 1810 2628 debitoribus

229 2644 338 2699 suis
372 2652 432 2698 ut
450 2640 736 2696 secundum
763 2640 1079 2693 dominicam
1106 2640 1405 2695 orationem
1434 2642 1681 2697 omnibus
1710 2657 1808 2701 sua

229 2715 412 2768 debita
443 2711 735 2772 dimittant,
766 2720 988 2763 cunctos
1014 2718 1249 2763 monete.

295 2782 428 2839 58L
458 2778 545 2834 Ea:
570 2779 748 2850 quibus
775 2795 954 2847 supra.
993 2777 1359 2850 Sacerdotibus
1394 2779 1645 2835 omnibus.
1671 2781 1804 2836 Stu-

227 2852 464 2908 dendum
490 2847 883 2919 est'episconis,
913 2857 969 2902 ut
993 2847 1310 2919 dissidentes
1336 2847 1527 2905 fratres
1550 2852 1717 2919 magis
1739 2852 1806 2906 ad

228 2938 443 2992 pacem,
475 2936 635 2991 quam
667 2920 744 2992 ad;
767 2918 1019 2992 iudicium
1046 2918 1413 2992 cohortentur,

296 2988 609 3049 Auctoritas
635 2988 998 3043 ecclesiasdca
1028 2999 1192 3057 atque
1214 2990 1472 3043 canonica
1487 2989 1666 3057 docet,
1696 3006 1803 3045 non

174 3082 185 3085 ‘
225 3063 432 3119 debere
473 3064 672 3127 absque
700 3058 963 3113 sententia
1013 3056 1239 3111 Romani
1267 3060 1531 3127 pontiticis
1581 3056 1805 3115 concilia

229 3134 561 3189 caelebrare.

296 3202 550 3273 Episcopi
582 3197 1016 3255 interceSsionem
1047 3203 1321 3266 praestent
1347 3196 1464 3264 his,
1503 3199 1592 3268 qui
1621 3197 1694 3253 ini
1716 3215 1801 3269 lua

226 3274 276 3328 vi
303 3273 703 3341 opprimuntur.

293 3335 488 3397 Nullus
527 3341 811 3409 episcopus
840 3336 939 3391 nisi
982 3336 1034 3389 in
1085 3335 1317 3409 legitima
1359 3336 1567 3409 synodo
1614 3346 1671 3394 et
1698 3353 1799 3394 suo

227 3420 475 3480 tempore
528 3408 821 3480 apostolica
871 3415 1032 3480 atque
1059 3408 1315 3480 canonica
1347 3408 1631 3480 vocatione
1672 3424 1804 3464 con-

227 3475 447 3550 grcg'ata
494 3475 657 3550 super
703 3475 1024 3546 quibusdam
1068 3476 1381 3533 criminibus
1420 3477 1663 3548 pulsatus
1714 3494 1803 3532 au-

226 3553 426 3605 dtatur.

292 3621 470 3675 Nemo
497 3618 804 3689 episcopum
826 3615 974 3689 apud
1013 3614 1214 3671 iudices
1241 3616 1510 3673 seculares
1547 3631 1803 3673 accusare

225 3685 555 3762 praesumat,
586 3685 841 3755 sed‘apud
873 3685 1125 3762 primates
1153 3701 1298 3742 suos.

298 3765 657 3815 Accusatores
707 3768 762 3810 et
788 3756 1186 3822 accusationes,
1230 3770 1365 3824 quas
1402 3756 1547 3825 leges
1583 3756 1749 3811 seculi
1781 3757 1802 3787 ¹

226 3848 333 3886 non
352 3829 677 3883 adsciscunt.
702 3827 957 3879 canonica
988 3826 1222 3879 funditus
1242 3827 1456 3893 repellit
1481 3826 1798 3880 auctoritas.

295 3900 479 3952 Variis
506 3896 926 3951 detractionibus
956 3903 1011 3949 et
1054 3895 1484 3950 accusationibus
1513 3911 1617 3949 non
1647 3896 1804 3950 decet

226 3968 538 4024 labefactari
567 3969 879 4036 primatem,
926 3964 1017 4017 sed
1049 3965 1215 4033 magis
1251 3972 1458 4036 patrum
1487 3966 1681 4036 regulis
1704 3979 1799 4036 ro-

228 4038 437 4093 borari.
475 4034 606 4091 Nam
630 4043 678 4090 et
715 4034 955 4088 Liberius
979 4048 1113 4102 papa
1147 4050 1243 4102 pro
1272 4034 1563 4088 Athanasio
1593 4034 1803 4089 duobus

228 4109 385 4162 annis
413 4107 465 4160 in
493 4107 654 4161 exilio
686 4116 864 4159 trusus
892 4112 973 4158 est
998 4143 1012 4167 ,
1047 4111 1102 4157 et
1131 4102 1281 4156 multi
1312 4104 1400 4157 alii
1423 4103 1679 4172 episcopi,
1709 4105 1801 4171 qui

227 4192 349 4231 eum
383 4176 639 4231 damnare
681 4175 987 4237 noluerunt,
1027 4172 1187 4227 exilio
1214 4173 1588 4226 suntdamnati
1625 4187 1801 4241 :quo-

227 4263 346 4300 rum
383 4245 683 4314 exemplum
714 4259 902 4298 omnes
930 4243 1174 4314 convenit
1205 4243 1355 4311 sequi
1404 4242 1728 4314 sacerdotes.

299 4312 551 4370 Multum
576 4314 848 4372 derocatio
901 4312 1219 4382 praevalet,
1261 4312 1477 4380 quando
1520 4314 1805 4381 derogator

227 4388 470 4441 creditur
518 4385 619 4438 fide
670 4384 876 4451 dignus.
939 4383 1059 4437 Ideo
1096 4397 1200 4435 non
1252 4396 1437 4435 omnes
1484 4382 1803 4436 admittendi

744 301 894 359 COD.
928 301 1198 359 DIPLOM.
1228 333 1295 341 —
1321 302 1677 358 BENEDICTI
1716 303 2225 360 CAPITULARIUM
2261 303 2657 359 COLLECTIO.
2682 334 2749 343 —-
2776 303 2904 357 LIB.
2945 303 3006 357 ll.

1833 3098 1882 3163 C

3390 299 3495 353 7114

1996 419 2164 492 plaior
2191 436 2220 474 a
2247 422 2454 477 minore
2484 437 2591 477 non
2621 430 2797 492 potest
2822 421 3066 477 iudicari.

1997 489 2185 544 Iudicis
2238 507 2344 545 non
2373 500 2456 545 est
2480 487 2772 560 quemlibet
2815 492 3049 546 iudicare
3077 492 3161 544 vel
3210 487 3498 560 condemp-

1924 572 2055 628 nare
2084 561 2285 628 alisque
2314 558 2549 627 legitimo
2595 569 2905 616 accusatore
2930 577 2944 625 ;
3002 561 3125 628 quia
3157 569 3211 613 et
3242 558 3497 611 Dominus

1921 627 2103 701 ludam
2134 627 2305 685 furem
2336 644 2455 684 esse
2475 630 2701 701 sciebat,
2731 632 2823 687 sed
2866 631 2989 699 quia
3020 627 3124 684 non
3163 637 3245 684 cst
3275 644 3497 683 accosa-

1924 707 2026 758 tus.
2057 698 2176 753 ideo
2199 715 2304 753 non
2336 708 2418 753 est
2441 700 2663 754 eiectus.

1992 765 2284 836 Episcopos
2338 770 2539 824 eiectos
2570 781 2729 839 atque
2755 769 2864 824 suis
2896 769 3056 839 rebus
3085 767 3394 839 expoliatos
3435 779 3491 817 in

1919 850 1980 890 se
2001 841 2077 891 les
2107 834 2350 907 proprias
2373 839 2537 907 recipi
2585 834 2775 893 et'sna
2823 839 2999 893 omnia
3032 834 3275 906 legalitcr
3319 834 3492 907 primo

1919 906 1998 961 eis
2025 907 2171 961 reddi
2211 906 2386 962 sancti
2432 923 2668 963 canones
2714 908 3100 967 decreverunt;
3151 914 3207 959 et

1918 976 2040 1044 quis
2067 992 2161 1030 eos
2192 992 2446 1048 accusare
2476 978 2658 1048 vellet,
2690 992 2862 1047 aequo
2891 978 3133 1048 periculo
3168 975 3343 1028 facere
3371 976 3522 1025 sau-'

1917 1052 2188 1109 civernnt,
2236 1046 2435 1100 indices
2464 1062 2582 1102 esse
2621 1046 2973 1101 decernentes
3022 1046 3301 1113 episcopos
3339 1050 3489 1097 recte

1916 1115 2188 1181 Sapientes
2216 1116 2266 1168 in
2299 1116 2523 1170 ecclesia
2553 1117 2951 1178 convenientes,
2987 1117 3073 1170 ubi
3103 1123 3267 1170 testes
3301 1122 3489 1167 essent

1916 1185 2244 1254 singulorum
2271 1223 2285 1248 ,
2308 1186 2397 1252 qui
2430 1186 2666 1254 oppressi
2695 1185 3028 1239 videbantur.

1991 1252 2212 1325 Placuit,
2246 1264 2298 1307 ut
2323 1251 2366 1308 si
2408 1251 2777 1325 quaecumque
2817 1262 3259 1325 persouacontra
3290 1251 3491 1325 episco-

1916 1337 2043 1394 pnm
2093 1323 2177 1376 vel
2221 1319 2441 1378 actores
2462 1319 2719 1378 ecclesiae
2766 1319 2829 1377 se
2880 1324 3152 1394 proprium
3205 1319 3492 1394 crediderit

1916 1391 2120 1463 habere
2174 1393 2482 1459 negotium,
2529 1396 2677 1463 prius
2702 1394 2766 1445 ad
2798 1390 2917 1448 eum
2961 1390 3203 1447 recurrat
3253 1390 3491 1446 cari=atis

1915 1462 2121 1531 studio;
2154 1473 2213 1515 ut
2236 1462 2478 1516 familiari
2508 1463 2778 1531 colloquio
2811 1463 3171 1518 cmumonilus
3201 1476 3262 1514 ea
3292 1473 3487 1531 sanare

1915 1530 2127 1596 debeat,
2182 1546 2320 1600 quae
2371 1532 2423 1585 in
2466 1528 2856 1600 queritifoiiiani
2917 1533 3271 1586 deducuntur.
3301 1528 3487 1600 Quam

1914 1613 2027 1652 rem
2055 1600 2098 1653 si
2129 1598 2342 1654 differre
2371 1601 2393 1631 ⁸
2425 1598 2656 1657 voluerit
2685 1641 2702 1668 ,
2752 1603 3072 1656 sententiam
3117 1599 3370 1668 suscipiat
3391 1612 3490 1650 ex-

1915 1670 2434 1725 communicationis.

1987 1737 2044 1792 Si
2083 1753 2223 1806 quae
2272 1755 2468 1793 causae
2522 1738 2606 1793 vel
2655 1740 3030 1799 contentiones
3084 1740 3229 1794 inter
3258 1736 3488 1806 clericos

1917 1813 1973 1878 et
2002 1805 2168 1878 laicus
2201 1816 2307 1861 tam
2340 1809 2561 1864 maioris
2597 1809 2800 1863 ordinis
2824 1850 2839 1875 ,
2888 1825 3044 1878 quam
3076 1809 3237 1878 etiam
3270 1805 3489 1860 inferio-

1912 1876 1988 1948 ris
2018 1876 2217 1932 fuerint
2241 1887 2466 1933 exortae
2493 1920 2506 1938 .
2550 1879 2773 1948 placuit,
2806 1892 2863 1933 ut
2897 1876 3192 1933 secundum
3219 1877 3485 1948 synodum

1911 1946 2168 2016 Nicenam
2198 1946 2566 2016 coiigregatis
2600 1950 2848 2003 omnibus
2895 1949 3132 2016 eiusdem
3179 1946 3491 2015 provinciae

1911 2015 2182 2085 episcopis
2232 2015 2458 2080 iurgium
2489 2019 2839 2083 terminetur;
2876 2034 2974 2072 nec
3000 2015 3086 2072 cui
3123 2017 3319 2077 liceat,
3370 2017 3489 2067 sine

1910 2086 2238 2153 praeiudicio
2278 2094 2456 2140 tamen
2485 2088 2743 2142 ecclesiae
2785 2102 3070 2152 romanae,
3115 2086 3200 2140 cui
3243 2086 3263 2115 ⁸
3290 2085 3484 2138 inom-

1910 2154 2068 2208 nibus
2091 2156 2270 2210 causis
2304 2155 2531 2210 debetur
2564 2156 2862 2211 reverentia
2891 2156 3144 2211 custodiri
3174 2154 3376 2207 relictis
3405 2153 3487 2206 his

1908 2223 2277 2295 sacerdotibus
2326 2226 2416 2295 qui
2470 2227 2523 2279 in
2569 2226 2755 2281 eadem
2785 2228 3057 2294 provincia
3090 2225 3182 2279 Dei
3228 2223 3488 2295 ecclesias

1910 2304 2057 2364 mutu
2087 2294 2267 2348 divino
2296 2294 2617 2364 gubernant.
2649 2295 2715 2351 ad
2745 2298 2877 2351 alias
2930 2295 3219 2351 convolare
3265 2294 3482 2364 provin-

1908 2362 2019 2435 cias
2058 2365 2140 2417 vel
2188 2362 2410 2418 aliarum
2466 2367 2859 2433 provinciarum
2913 2366 3289 2435 episcoporum
3340 2363 3479 2435 indi:

1908 2432 2049 2503 cium
2074 2436 2250 2503 expeti
2282 2435 2364 2487 vel
2389 2430 2537 2503 pati,
2589 2436 2688 2489 nisi
2716 2435 2872 2490 fuerit
2913 2430 3284 2498 provocatum.
3332 2430 3486 2498 Quod

1908 2502 1957 2583 si
1985 2505 2103 2583 quis
2134 2502 2607 2583 _’praesuuipse_rit,
2658 2507 2808 2583 etab
2841 2502 3021 2583 officio
3049 2503 3177 2558 cleti
3208 2508 3485 2573 depostus

1908 2580 1963 2627 et
1992 2574 2300 2627 iniuriarum
2333 2588 2454 2627 reus
2469 2577 2537 2629 ab
2566 2574 2813 2629 omnibus
2841 2574 3126 2628 iudicetur.

1978 2641 2034 2696 Si
2063 2653 2244 2697 autem
2274 2643 2505 2699 maiores
2528 2659 2725 2698 causae
2751 2645 2801 2697 in
2851 2643 3029 2697 medio
3078 2641 3278 2695 fuerint
3322 2640 3488 2695 devo.

1907 2708 2077 2773 lntae,
2133 2712 2209 2783 ad
2259 2714 2440 2767 sedem
2482 2714 2852 2783 apostolicam,
2909 2721 2966 2766 ut
3012 2720 3195 2783 sancta
3232 2712 3488 2783 synodus

1907 2784 2097 2852 statuit
2118 2791 2172 2835 et
2198 2782 2354 2852 beata
2377 2780 2713 2838 consuetudo
2755 2783 2940 2852 exigit,
2971 2797 3068 2851 per
3084 2780 3340 2835 iudicium
3371 2780 3488 2850 epi-

1905 2851 2126 2914 scopale
2155 2850 2437 2906 referatur.

1982 2918 2406 2975 P.udentissime
2443 2920 2838 2988 iusdssimeqne
2871 2920 3085 2975 decreta
3118 2919 3299 2973 Niccni
3346 2932 3480 2971 con-

1909 2987 2016 3059 cilii
2040 2991 2155 3059 sive
2182 2989 2415 3043 Africani
2438 2987 2809 3047 decreverunt.
2843 3003 3214 3059 quaecumque
3270 2988 3483 3059 negotia

1910 3056 1964 3111 in
1992 3058 2106 3113 suis
2144 3058 2299 3127 locis,
2333 3060 2419 3112 ubi
2471 3068 2587 3113 orta
2620 3070 2763 3119 sunt.
2797 3056 3060 3121 lin‘ienda;
3094 3056 3485 3127 maximequia

1910 3127 2197 3196 unicuique
2240 3125 2553 3184 concessum
2596 3138 2696 3194 est,
2729 3131 2771 3183 si
2823 3128 3018 3182 iudicio
3047 3126 3281 3181 ollensus
3331 3125 3485 3179 fuerit

1901 3198 2258 3277 cognitorum,
2291 3202 2357 3252 ad
2386 3199 2612 3254 concilia
2660 3214 2789 3253 suae
2835 3198 3145 3268 provinciae
3186 3196 3269 3251 vel
3319 3196 3482 3250 etiam

1903 3269 2204 3322 universale
2232 3283 2548 3338 provocare.

1972 3337 2194 3407 Servata
2236 3336 2387 3406 quae
2414 3338 2609 3407 scripta
2650 3347 2731 3393 est
2775 3338 2841 3392 de
2870 3336 3351 3406 gubernationihus
3392 3348 3483 3388 re-

1903 3405 2048 3473 gula,
2082 3405 2419 3465 manifestum
2444 3405 2691 3475 estquod
2715 3409 2825 3471 illa,
2856 3405 2995 3476 quae
3023 3415 3147 3459 sunt
3166 3421 3266 3476 per
3291 3420 3481 3476 unam-

1900 3487 2169 3544 quamque
2193 3478 2543 3547 provinciam,
2574 3478 2739 3545 ipsius
2772 3475 3074 3546 provinciae
3101 3475 3339 3547 synodus
3367 3475 3450 3530 dis
3468 3504 3482 3516 -

1901 3554 2131 3663 pqnsat,
2189 3546 2327 3599 sicut
2380 3546 2579 3602 Niceno
2624 3556 2835 3604 constat
2877 3549 3155 3602 decretum
3196 3560 3316 3601 esse
3352 3559 3486 3600 con-

1902 3626 1949 3663 CI
1974 3627 2047 3663 I0.

1902 3626 2047 3666 CIIIO.

1975 3682 2031 3737 Si
2054 3684 2171 3750 quis
2193 3684 2478 3753 episcopus
2497 3699 2658 3752 super
2673 3687 2835 3741 certis
2856 3693 3134 3741 accusatur
3156 3684 3484 3750 criminibus,

1902 3750 1970 3831 ab
2000 3750 2245 3833 omnibus
2273 3750 2628 3833 audiaturi’el
2674 3756 2939 3812 iudicetur
2962 3758 3055 3825 qui
3101 3763 3227 3810 sunt
3268 3756 3320 3809 in
3357 3769 3486 3824 pro-

1900 3824 2074 3892 vincia
2104 3824 2389 3892 epist-Opis.

1974 3890 2351 3963 Quaecumque
2374 3899 2498 3945 sunt
2526 3892 2589 3944 ad
2615 3892 2887 3960 religionis
2930 3894 3320 3950 observantiam
3351 3908 3478 3963 per-

1902 3959 2146 4083 iii-uentis,
2172 3959 2304 4016 locis
2325 3963 2435 4015 suis
2462 3971 2573 4015 eta
2623 3977 2755 4017 suae
2800 3964 3080 4018 dioceseos
3128 3959 3476 4034 synodts'au-

1941 4039 2134 4083 tantur.

1941 4039 2134 4084 tantur.

1978 4101 2356 4172 Unaquaeque
2385 4100 2654 4172 provincia
2695 4114 2817 4172 suo?
2843 4102 3256 4172 metrOpolitano
3296 4109 3350 4154 (ι
3374 4100 3485 4155 suis

1904 4168 2442 4238 comprovincialibus
2471 4169 2735 4239 episcopis
2776 4171 2847 4225 sit
2886 4168 3161 4226 contenta.

1975 4239 2285 4294 Maledictus
2314 4240 2487 4293 omnis
2538 4242 2627 4307 qui
2683 4240 2933 4294 transfert
2963 4241 3217 4296 terminos
3246 4239 3477 4307 proximi

1906 4308 2008 4379 sui.
2034 4308 2101 4361 Et
2125 4309 2268 4363 dicet
2293 4310 2468 4364 omnis
2495 4308 2721 4378 populus
2754 4327 2767 4363 :
2799 4310 2984 4363 Amen.
3016 4309 3082 4364 Et
3107 4311 3330 4379 reliqua.

1977 4377 2077 4444 Qui
2101 4380 2128 4449 κθ
2155 4388 2281 4433 sunt
2328 4380 2488 4445 supra
2526 4377 2781 4434 diocesim
2821 4381 3089 4449 episcopi,
3134 4377 3471 4448 nequaquam

227 4466 379 4518 sunt,
406 4455 499 4508 scd
552 4453 650 4508 viri
685 4448 1061 4522 p'obatissimi.
1111 4452 1290 4505 Primo
1313 4466 1525 4522 semper
1553 4467 1798 4518 persona,
1838 4451 1882 4511 Ι)
1908 4449 1975 4501 ad
2000 4448 2275 4522 ecclesias,
2308 4462 2448 4516 quae
2489 4457 2615 4503 sunt
2648 4458 2797 4522 ex_tra
2831 4448 3094 4519 praeﬁxos
3141 4450 3241 4504 sibi
3292 4450 3477 4502 terrui-

231 4525 370 4578 tides
393 4564 409 4591 ,
469 4525 575 4577 vita
627 4533 681 4576 et
709 4522 1046 4576 conversatio
1077 4521 1438 4591 accusantium
1484 4523 1801 4589 inquiratur.

228 4592 296 4647 Et
325 4589 537 4663 pastca,
581 4607 721 4660 quae
745 4593 1079 4663 obiciuntur,
1113 4589 1341 4663 tideliter
1366 4597 1801 4663 poi-tractentur;

228 4659 356 4731 quia
394 4663 521 4717 nihil
561 4659 715 4715 aliter
753 4661 865 4714 ticri
897 4660 1090 4722 debet,
1122 4659 1221 4713 nisi
1268 4660 1627 4729 impetitorum
1658 4660 1805 4729 prius

229 4735 339 4785 vita
371 4733 705 4786 discutiatur.
777 4786 790 4795 ,

302 4803 419 4857 Non
452 4811 536 4856 est
561 4800 871 4863 auctoritas,
894 4812 1214 4867 quemquam
1241 4797 1554 4852 clericorum
1570 4796 1805 4853 iudicare

229 4870 315 4923 vel
346 4871 660 4939 dampnare,
689 4876 975 4939 antequam
1005 4875 1345 4939 accusatores
1371 4877 1679 4939 praesentes
1712 4868 1806 4939 ha-

232 4941 400 5019 heat,
433 4936 718 5008 locumque
756 4936 1075 5019 defendendi
1111 4936 1132 4968 ³
1161 4937 1386 5006 accipiat
1431 4936 1499 4990 ad
1542 4936 1805 4992 abluenda

230 5025 477 5064 ειήηηιεὶ.

302 5076 491 5133 Omnis
539 5077 812 5132 accusatio
858 5075 996 5130 intra
1048 5076 1373 5145 provinciam
1431 5076 1699 5142 audiatur,
1753 5083 1808 5130 et

232 5162 261 5199 a
311 5148 864 5218 conprovincialibus
899 5150 1237 5218 ter-minetur.
1297 5148 1448 5218 Ultra
1496 5146 1805 5214 provinciae

234 5216 494 5273 terminos
523 5218 805 5271 accusandi
835 5216 1046 5270 licentia
1076 5230 1181 5269 non
1206 5217 1595 5286 progrediatur.

229 5353 264 5408 Ι.
296 5288 606 5366 .I'Zpiscopus
646 5302 748 5341 nec
770 5295 1089 5356 provocmus
1137 5283 1235 5355 pro
1270 5283 1434 5340 rebus
1484 5283 1804 5339 transitoriis

252 5364 424 5408 ιιιεει.

252 5355 424 5423 itigct.

301 5425 420 5480 Non
457 5434 540 5481 est
584 5427 780 5482 iustum
816 5424 1052 5480 iudicare
1077 5434 1168 5479 aut
1205 5423 1568 5479 condemnare
1609 5423 1801 5491 virum,

227 5495 384 5551 cuius
404 5511 565 5552 causa
594 5497 660 5552 ad
703 5496 960 5567 liquidum
990 5510 1098 5551 non
1126 5502 1205 5551 est
1236 5495 1557 5550 examinata.

1906 4532 2032 4640 ipsa
2050 4518 2325 4638 ac'cedaut,
2374 4533 2476 4572 nec
2525 4533 2616 4572 eas
2662 4518 2841 4587 aliqua
2883 4523 3316 4590 praesunptione
3336 4533 3472 4573 con-

1931 4603 1996 4640 Ull
2037 4602 2102 4639 an
2136 4625 2150 4639 ο

1931 4593 2150 4640 'uudant.

1976 4655 2093 4709 Non
2125 4663 2335 4729 oportet
2377 4657 2647 4729 transferri
2705 4656 2963 4713 terminos
3002 4675 3030 4713 a
3060 4658 3301 4729 patribus
3351 4673 3480 4712 con-

1905 4725 2143 4797 stitutos,
2163 4725 2234 4779 ‘ut
2259 4725 2658 4797 alter_a|terius
2685 4729 3024 4797 parrochiam
3062 4725 3288 4783 invadat
3319 4735 3481 4795 atque

1907 4795 2018 4850 illic
2057 4795 2333 4866 celebrare
2383 4795 2561 4866 divina
2610 4795 2861 4866 mysteria
2914 4799 3216 4854 inconsulto
3270 4797 3476 4866 episco-

1906 4866 2079 4937 βοὶ]-
2099 4865 2196 4937 cui
2214 4865 2494 4937 commissa
2523 4876 2622 4937 est,
2655 4865 2981 4937 praesumat.

1983 4933 2104 4988 582.
2148 4932 2233 5005 Ea;
2271 4935 2508 5003 capitulis
2548 4932 2721 4990 domini
2768 4934 2948 4989 Karoli
2986 4939 3121 5005 regis
3149 4949 3285 4987 anno
3335 4934 3481 5005 regni

1911 5007 2016 5059 eius
2050 5002 2314 5076 undecimo
2351 5005 2504 5076 iactis.
2567 5006 2644 5059 De
2684 5007 2782 5069 Iris,
2824 5006 2909 5076 qni
2951 5002 3087 5076 infra
3113 5019 3323 5076 regnum
3372 5004 3482 5076 sine

1909 5076 2135 5129 iussione
2168 5073 2423 5143 dominica
2461 5090 2547 5143 per
2586 5076 2686 5128 vim
2719 5071 2915 5143 aliqui!
2936 5071 3066 5140 rapa
3098 5071 3227 5143 rint.
3264 5071 3320 5143 Si
3359 5072 3481 5140 quis

1912 5146 1965 5198 in
1993 5142 2228 5197 exercitu
2260 5142 2392 5196 infra
2421 5141 2639 5212 regnum
2669 5144 2786 5197 sine
2807 5141 3063 5198 iussione
3091 5141 3355 5212 dominica
3385 5156 3480 5209 per

1910 5216 2018 5268 vim
2046 5212 2290 5267 hostilem
2318 5210 2514 5277 aliquid
2543 5212 2784 5280 praedari
2829 5212 3096 5277 voluerit,
3136 5219 3227 5264 aut
3262 5210 3476 5264 foenum

1907 5284 2112 5346 tolerc,
2145 5290 2235 5335 aut
2264 5295 2506 5351 granum,
2531 5283 2645 5335 sive
2672 5296 2864 5351 pecora
2896 5284 3097 5351 maiora
3127 5280 3209 5335 vel
3246 5281 3474 5339 minora.

1904 5355 2199 5421 domusque
2239 5350 2538 5421 infrangere
2567 5350 2648 5404 vel
2674 5350 2976 5421 incendere
3008 5369 3021 5403 :
3059 5350 3201 5404 Ilaec
3256 5367 3325 5404 ne
3350 5350 3481 5403 fiant

1904 5419 2129 5491 omnino
2174 5419 2537 5491 prohibemus.
2579 5419 2802 5491 Quodsi
2861 5422 2939 5491 ab,
2971 5421 3155 5491 aliquo
3205 5434 3481 5491 praesum-

1902 5491 2077 5562 ptioso
2108 5489 2304 5545 factum
2352 5489 2530 5558 fuerit,
2562 5490 2838 5560 sexaginta
2865 5488 3075 5558 solidis,
3115 5490 3162 5545 si
3211 5488 3347 5546 liber
3372 5496 3479 5561 est,

1447 5607 1827 5664 \‘.\ll|.\NTES
1864 5578 2243 5661 Ll-JCTIONES

318 5726 330 5755 ‘
363 5725 495 5782 deest
527 5726 641 5782 Bal.
719 5728 738 5758 ’
761 5728 1152 5797 superscripta»:
1182 5724 1265 5781 vel
1295 5724 1381 5778 dei
1405 5722 1466 5777 (ἱ.

1544 5720 1563 5752 ³
1603 5720 1637 5774 1.
1669 5735 1726 5775 sc
1769 5719 1821 5773 il.
1858 5718 1969 5772 Bn’.

2048 5717 2067 5748 ⁸
2113 5716 2319 5774 deferre
2344 5717 2386 5773 (Ι
2483 5720 2501 5749 ³
2535 5732 2672 5788 quae
2700 5716 2743 5772 ϐ
2836 5718 2862 5759 -⁶
2889 5731 3027 5787 quae
3054 5720 3121 5778 0.
3197 5721 3215 5750 ⁷
3248 5733 3314 5776 eo
3342 5720 3411 5777 G.

3234 914 3418 974 postea
3449 905 3491 956 si
3580 904 3587 941 ἶ
