4002 6146
451 259 556 314 795
1397 255 1455 310 Β.
1505 255 1756 311 CAROLI
1794 255 2004 311 MAGNI
2044 256 2194 313 OPP.
2233 257 2410 313 PARS
2447 259 2487 312 I.
2527 259 2768 316 SECTIO
2802 262 2844 316 1.
3612 261 3708 319 796

446 373 520 425 sit
545 367 831 442 culpabilis
861 376 926 442 et
955 367 1132 424 omnia
1179 366 1386 442 similia_
1427 375 1694 442 restituat,
1757 377 1852 421 ant
1893 381 2015 442 cum
2052 371 2094 428 Α
2178 367 2415 442 Δ59οηυι
2444 386 2572 442 quae
2599 371 2782 442 diversi
2813 372 3070 442 principes
3106 382 3414 436 statuerunt,
3470 377 3548 427 vel
3574 381 3705 427 auti-

441 436 731 494 sluodeeim
787 437 1010 508 testibus
1051 453 1110 492 se
1142 444 1334 508 purget
1373 436 1500 508 ‘A._Si
1546 451 1672 489 vero
1701 451 1888 508 Seryus
1904 437 2018 508 hoc
2120 439 2263 492 stites
2289 436 2481 508 singuli
2519 457 2610 506 pro
2643 436 3200 496 cauriseccleSias'icis
3243 442 3594 505 obtinuerunt,
3627 446 3709 498 in-

448 507 932 580 fecerit._capitali
973 505 1281 580 sententiae
1320 506 1630 564 subiaceat.
1662 515 1719 560 et
1769 505 2021 560 dominus
2120 505 2382 580 convulsa
2409 505 2648 577 perpetuo
2698 527 2723 563 s
2753 520 2979 564 ruent-ir.
3045 513 3426 580 Quaecumque
3485 529 3517 565 a
3569 515 3710 569 divis

449 577 630 650 omnia
658 576 849 630 similia
880 576 1128 650 restitat
1148 614 1165 638 ,
1193 577 1317 650 quia
1340 590 1552 629 servum
1575 589 1731 629 suum
1757 591 1863 629 non
1892 591 2018 630 eor-
2121 576 2454 650 principibus
2481 581 2770 650 constituta
2797 591 2944 650 sunt,
2971 582 3053 635 vel
3071 576 3290 648 singuli
3337 576 3543 650 quique
3569 587 3709 637 anti-

452 648 592 719 rexit
619 660 720 719 nec
746 645 1050 719 custodivit,
1093 645 1304 719 ut__talia
1334 659 1440 719 non
1469 653 1804 719 perpetraret
1831 660 2020 719 -.__qo-
2117 647 2274 700 stites
2301 645 2414 716 pro
2447 648 2650 719 Acansis
2709 649 3098 719 ecclesiasticis
3148 645 3552 719 impetrarunt,
3608 653 3712 705 sub

452 718 591 768 niam
630 715 674 768 si
705 729 803 767 nos
825 713 1331 786 ipsoscomedimns,
1352 712 1812 786 eito'deiiciemns.
1847 712 2021 770 linus-
2121 731 2295 786 poena
2318 712 2592 784 sacrilegii
2622 717 2729 786 iugi
2753 727 2810 772 et
2837 719 3006 772 solida
3044 712 3368 774 aeternitate
3396 712 3708 774 serventur.

449 783 1173 860 quisquelamen‘rustodiat
1199 784 1695 860 esereitumsunm,
1735 786 2020 860 _ne_aliqna
2121 783 2318 860 Clerici
2350 801 2476 860 ‘non
2529 783 2867 841 secularibus
2900 788 3214 860 iudicibus,
3259 791 3352 844 sed
3409 791 3712 860 epi~c0pali

451 852 799 920 depraedatio
831 854 965 907 intra
993 868 1210 920 regnum
1253 852 1344 906 liat
1370 893 1384 916 ,
1414 853 1501 921 qui
1535 869 1638 906 non
1661 853 1775 906 vnlt
1819 853 2024 920 legibus

449 923 762 984 emendare,
809 937 950 991 quae
979 923 1078 977 sibi
1131 922 1398 977 commissi
1453 923 1648 976 iniuste
1697 923 2022 977 fecerunt‘.

457 993 677 1058 Dignum
708 1001 791 1046 est
813 993 984 1058 enim,
1029 1001 1087 1046 ut
1133 992 1368 1060 magistri
1400 991 1479 1044 vel
1505 992 1744 1046 seniores
1798 1009 1894 1061 pro
1922 991 2024 1047 sibi

452 1061 752 1115 cmumissis
781 1062 1001 1115 reddant
1035 1063 1291 1121 rationes.
1340 1061 1382 1115 si
1414 1061 1612 1129 aliquid
1645 1061 1873 1128 praedae
1898 1076 2024 1130 ege-

454 1133 564 1185 rint
589 1140 679 1184 aut
708 1130 901 1184 iniuste
934 1132 1184 1194 fecerint,
1227 1147 1292 1184 eo
1331 1131 1476 1198 quod
1525 1133 1710 1184 eosita
1757 1141 2028 1185 correctos

458 1217 562 1254 non
593 1201 812 1263 habent,
845 1210 902 1253 ut
931 1200 1055 1254 talia
1080 1216 1184 1254 non
1224 1199 1456 1254 audeant
1485 1207 1811 1266 perpetrare.

523 1269 649 1323 383.
693 1268 776 1322 Ea:
796 1271 1028 1338 capitulis
1077 1273 1248 1322 damni
1297 1269 1559 1322 Ludowici
1609 1267 1956 1338 I-tgliitenaim
2008 1269 2028 1300 ⁸

455 1339 736 1405 apostolica
775 1340 1081 1393 auctoritate.
1109 1347 1154 1392 ct
1204 1339 1443 1408 synodali
1489 1339 1752 1392 sanctione
1801 1340 2031 1394 omnium

454 1411 685 1462 videlicet
712 1409 1010 1462 clericorum
1053 1424 1115 1462 ac
1157 1409 1406 1462 laicorum
1439 1409 1758 1477 generaliter
1782 1424 2031 1463 con~ensu

456 1487 611 1548 atque
624 1478 849 1540 hortatu,
875 1478 1002 1533 decr.
1021 1479 1107 1532 tis.
1138 1478 1192 1532 Si
1222 1475 1504 1548 quisiufra
1537 1491 1761 1548 regnum
1790 1477 2031 1548 rapinam

457 1545 642 1601 fecerit
663 1556 756 1600 aut
782 1549 1026 1614 cuiquam
1077 1556 1260 1600 nostro
1291 1545 1428 1598 fideli
1458 1546 1679 1614 eiusque
1706 1545 1906 1601 homini
1937 1547 2032 1600 ali-

457 1615 584 1684 quid
613 1616 664 1669 vi
694 1615 989 1679 abstulerit,
1045 1617 1096 1669 in
1127 1616 1285 1682 triplo
1315 1615 1400 1668 cui
1431 1614 1630 1681 aliquid
1653 1615 1869 1670 abstulit
1899 1616 2030 1683 legi-

2125 854 2434 909 andientiae
2470 866 2819 910 re~erventur
2850 874 2865 910 :
2893 856 2972 911 fas
3004 859 3148 911 enim
3193 874 3298 912 non
3322 869 3424 923 est,
3447 854 3516 912 ἰιι
3545 854 3713 913 divini

2127 927 2366 1047 muneris
2395 923 2628 980 ministri
2661 928 3036 995 temporalium
3054 936 3381 999 potestatum
3409 929 3718 984 subdantur

2127 1009 2188 1046 ar
2227 1005 2370 1047 uno.

2126 1005 2349 1117 “£1,531?
2355 1033 2434 1117 be
2471 1064 2750 1134 privilegiis
2790 1065 3145 1132 ecclesiarum,
3189 1067 3432 1134 quatinus
3475 1067 3718 1122 incorru-

2128 1140 2218 1206 pta
2247 1135 2544 1206 persistent.
2575 1132 2962 1206 l’raecipimus,
3003 1144 3060 1189 ut
3108 1132 3404 1206 privilegia,
3455 1153 3599 1204 quae
3626 1152 3720 1189 ee-

2131 1201 2309 1254 clesiis
2341 1210 2398 1255 et
2417 1201 2626 1257 clericis
2676 1201 2795 1272 lege
2822 1219 3080 1261 concessa
3111 1201 3281 1272 sunt,
3303 1201 3582 1264 'mane'ant
3633 1207 3716 1260 in-

2132 1279 2531 1415 ωὲἓὲἶωραοά
2569 1341 2781 1415 _srrvari
2802 1411 2812 1415 _
2838 1341 3018 1415 debeat
3061 1344 3232 1413 potius
3277 1361 3431 1415 quam
3469 1345 3717 1415 auferri,

2131 1408 2267 1480 q-iod
2317 1421 2528 1482 sanctae
2558 1409 2653 1482 Dei
2705 1411 2950 1466 ecclesiae
2974 1408 3129 1480 fuerit
3157 1408 3424 1469 collatum.
3466 1408 3717 1482 Iniquum

2133 1479 2218 1558 est
2238 1489 2294 1532 et
2324 1480 2590 1547 sacrilegii
2621 1479 2810 1543 instar,
2847 1491 2905 1534 ut
2927 1479 3066 1563 quae
3088 1498 3184 1553 pro
3213 1485 3503 1563 salutenvel
3526 1479 3720 1563 requie

2134 1553 2432 1621 animarum
2467 1565 2685 1603 suarum
2734 1553 3100 1621 unusquisque
3129 1554 3420 1608 venerabili
3451 1553 3723 1609 ecclesiae

2135 1617 2426 1672 contulerit
2447 1626 2702 1673 autcerte
2729 1617 3028 1686 reliquerit,
3051 1621 3120 1675 ah
3142 1622 3242 1684 his,
3261 1625 3459 1686 quibus
3480 1623 3721 1677 maxime

457 1686 559 1740 bus
587 1695 862 1775 conponat
879 1723 898 1775 ἶ
941 1695 996 1739 et
1037 1686 1252 1775 inlsuper
1279 1685 1512 1775 banumn
1531 1694 1804 1775 lnostrum,
1851 1685 1902 1738 id
1951 1694 2034 1739 est
2068 1718 2109 1775 Β
2137 1686 2340 1775 περ,τί
2371 1697 2718 1775 eunvenerat,
2764 1685 2961 1769 aliferri
2990 1685 3044 1775 et
3073 1693 3123 1771 in
3153 1685 3297 1772 aliud
3331 1691 3640 1775 transfer-ri.

457 1755 732 1821 sexaginta
763 1754 983 1818 solidos,
1014 1753 1171 1808 nobis
1205 1753 1492 1822 persolvat.
1530 1753 1870 1808 Postiuodum
1903 1769 2031 1808 vero

457 1834 587 1878 ante
613 1839 711 1876 nos
731 1839 760 1876 a
791 1826 987 1878 comite
1013 1825 1310 1878 adducatur
1330 1863 1345 1889 ,
1375 1831 1436 1876 ut
1463 1822 1515 1876 in
1541 1823 1816 1877 bastonico
1859 1832 2032 1878 retru-

457 1909 570 1956 sus,
605 1907 773 1961 usque
817 1891 943 1946 dum
974 1893 1125 1946 nobis
1153 1892 1443 1961 placuerit,
1484 1907 1684 1959 poenas
1734 1893 1866 1946 luat.
1900 1891 2033 1946 Nam

459 1963 505 2017 si
535 1962 742 2030 pn‘olice
763 1972 940 2016 actum
995 1961 1185 2026 fuerit,
1243 1963 1508 2030 publicam
1537 1963 1660 2015 inde
1697 1972 1823 2030 agat
1844 1965 2034 2030 poeni-

465 2032 682 2086 tentiam
727 2031 872 2085 iuxta
923 2041 1228 2086 sanctorum
1285 2045 1550 2084 canonum
1591 2032 1959 2096 sanctionem;
1989 2033 2034 2086 si

460 2117 593 2155 vero
619 2101 851 2168 occulte,
881 2101 1219 2156 sacerdotum
1243 2100 1466 2155 consilio
1489 2115 1555 2171 ex
1579 2100 1681 2154 hoc
1701 2109 1824 2168 agat
1852 2101 2036 2171 poeni-

461 2171 1008 2239 tentiamzquoniam
1057 2179 1326 2238 raptores,
1379 2177 1437 2222 ut
1465 2169 1540 2222 ait
1587 2169 1902 2236 apostolus,
1935 2171 2034 2227 nisi

462 2257 647 2295 verum
678 2241 883 2306 egerint
911 2240 1320 2308 poenitentiam,
1351 2252 1572 2307 regnum
1601 2239 1692 2294 Dei
1719 2256 1824 2294 non
1867 2240 2040 2308 possi-

460 2309 683 2365 debunt.
715 2311 815 2376 Qui
846 2327 972 2365 vero
1009 2310 1074 2365 de
1102 2312 1260 2365 rebus
1299 2309 1645 2363 ecclesiarum
1676 2309 1876 2378 aliquid
1919 2310 2040 2365 abs-

463 2379 666 2446 tulerit,
691 2380 904 2449 gravius
957 2380 1080 2434 inde
1106 2380 1366 2435 iudicetur
1382 2395 1401 2449 ;Δ
1420 2379 1542 2447 quia
1565 2393 1837 2433 sacrarum
1861 2394 2039 2434 rerum

464 2449 664 2503 ab'atio
692 2447 1025 2518 sacrilegium
1055 2458 1139 2504 est
1166 2456 1222 2503 rt
1247 2447 1557 2518 sacrilegus
1568 2458 1812 2515 vocatur,
1855 2449 1945 2517 qui
1967 2465 2037 2504 ex

465 2519 544 2572 eis
567 2518 767 2588 aliquid
805 2514 1085 2573 abstulerit
1107 2526 1200 2573 aut
1228 2514 1485 2588 rapuerit.
1520 2514 1772 2588 Extorres
1800 2514 2036 2587 namque

464 2604 494 2640 a
537 2585 807 2642 liminibus
846 2597 1065 2642 sanctae
1110 2585 1305 2642 matris
1325 2585 1586 2641 ecclesiae
1617 2586 1751 2641 tales
1779 2585 2044 2656 personae

469 2671 638 2725 usque
659 2657 726 2710 ad
751 2657 1173 2712 satisfactionem
1220 2655 1502 2716 ecclesiae,
1547 2670 1708 2725 quam
1731 2655 2000 2712 laeserunt
2024 2698 2040 2724 ,

463 2724 597 2796 sunt,
619 2725 892 2796 habendae
919 2735 1080 2796 atque
1109 2725 1326 2781 infamia
1362 2724 1654 2781 notandae.

719 2795 795 2848 De
829 2813 888 2850 eo
927 2794 1011 2867 qui
1055 2797 1353 2864 facultatem
1395 2795 2047 2867 depraedationisgdederit

467 2866 727 2936 malitiosa
753 2865 1083 2936 factione,“
1129 2868 1268 2920 vivus
1296 2866 1626 2936 conburatur.
1657 2865 1712 2936 Si
1742 2865 1861 2936 quis
1884 2868 2046 2921 scele-

467 2945 581 2988 rata
610 2934 842 3004 factiOne
885 2935 1194 2990 facultatem
1223 2935 1655 3004 depraedationis
1683 2934 1931 3004 dederit,
1962 2937 2049 2991 vel

467 3004 513 3058 si
543 3004 664 3072 quis
691 3002 884 3060 factam
911 3004 1150 3060 diviserit
1169 3045 1184 3070 ,
1217 3002 1364 3060 viv‘us
1390 3004 1736 3060 conburatur.

2207 1755 2333 1830 39;).
2369 1754 2438 1810 Ut
2465 1757 2631 1830 _laicis
2666 1759 2907 1830 quamris
2938 1760 3220 1830 religiosis,
3253 1763 3397 1830 nulla
3440 1763 3507 1815 sit
3541 1763 3725 1828 dispo-

2134 1825 2290 1899 nendi
2319 1830 2381 1899 de
2402 1824 2965 1899 rebusecclcsiaedata
2995 1824 3239 1899 facultas.
3268 1828 3442 1886 Laicis
3470 1824 3726 1899 quamvis

2137 1895 2270 1970 relig
2294 1894 2596 1970 osis,__n_ull_a
2627 1895 2694 1948 de
2721 1894 3119 1970 eecle~iasticis
3137 1894 3726 1970 faculguutibus'aliquid

2136 1962 2449 2033 disponendi
2479 1964 2669 2032 legitur
2691 1980 2940 2033 umquam
2963 1968 3234 2022 adtributa
3257 1967 3504 2024 facultas.

2207 2032 2277 2108 39
2293 2033 2332 2085 ι.
2365 2030 2514 2097 Quod
2538 2030 2826 2108 praedones
2858 2037 3104 2108 ecrlesiae
3128 2040 3368 2108 sacrilegi
3404 2040 3534 2106 sint,
3591 2040 3726 2092 sicut

2137 2103 2425 2177 scripturae
2449 2103 2750 2177 testimoni9_
2772 2104 3137 2177 conprobatur.
3189 2103 3446 2177 Sacrilegi
3475 2103 3606 2162 sunt
3631 2125 3727 2162 ec-

2139 2172 2334 2227 clesiae
2358 2171 2673 2246 praedoues.
2711 2171 3023 2246 Unde—etin
3043 2177 3269 2232 concilio
3288 2171 3588 2246 Aga'thensi
3629 2179 3729 2232 sub

2142 2249 2338 2314 quarto
2377 2243 2613 2310 capitulo
2642 2242 2915 2298 decretum
2944 2244 3174 2299 habetur
3203 2247 3275 2302 ita
3299 2265 3313 2300 :
3339 2242 3525 2300 amico
3573 2248 3727 2314 quip-

2143 2311 2284 2387 pia-n
2321 2327 2503 2387 rapere
2541 2315 2732 2387 [artum
2773 2321 2900 2387 est;
2942 2316 3181 2387 ecclesiis
3209 2332 3326 2372 vero
3368 2311 3616 2387 fraudari
3653 2311 3732 2370 vel

2141 2380 2376 2453 abstrahi
2401 2380 2708 2453 _subripique
2736 2383 3082 2453 sacrilegium.
3111 2387 3311 2440 Omnes
3346 2380 3493 2441 enim
3531 2394 3726 2442 contra

2145 2450 2289 2524 leges
2313 2451 2570 2524 facientes
2594 2450 2785 2520 resque
2805 2450 3070 2524 ecclesiae
3094 2454 3410 2524 diripientes
3439 2457 3524 2509 vel
3555 2456 3730 2510 eccle-

2143 2520 2252 2573 sias
2271 2519 2686 2590 sacerdotesque
2701 2519 2892 2576 contra
2912 2520 3120 2578 divinas
3135 2519 3445 2579 sanctiones
3469 2535 3733 2579 vexantes

2144 2589 2390 2656 sacrilegi
2423 2589 2705 2658 vocantur.
2744 2599 2908 2658 atque
2956 2591 3324 2650 indubitanter
3353 2595 3586 2652 infames
3634 2609 3728 2650 sa-

2145 2658 2439 2728 crilegique
2468 2657 2698 2712 habendi
2729 2657 2876 2714 sunt.

2215 2725 2519 2801 393.0uod
2565 2744 2645 2791 ea,
2690 2728 3062 2801 quaeDom'no
3092 2743 3486 2801 consecrantur,
3531 2733 3605 2787 ad
3653 2735 3730 2787 ius

2146 2797 2544 2871 ecclesiasticum
2583 2797 2894 2871 pertineant.
2935 2800 3030 2867 E1,
3065 2817 3205 2871 quae
3235 2797 3734 2859 Domino'o'ferun-

2150 2875 2238 2942 tur
2266 2867 2349 2921 vel
2371 2876 2776 2942 consecrantur,
2828 2869 2892 2924 ad
2934 2871 3016 2942 ius
3051 2867 3329 2942 pertinent
3359 2874 3729 2928 sacerdotum.

2154 2937 2222 3060 fit
2257 2935 2507 3059 sartzrilegi
2535 2946 2660 2992 sunt
2677 2953 2884 3004 omnes,
2909 2941 3002 3010 qui
3027 2935 3090 2996 ea
3117 2943 3371 2999 auferunt
3398 2945 3484 2997 vel
3506 2945 3563 2998 in
3590 2942 3736 2997 aliud

2180 3021 2304 3060 rans
2331 3021 2464 3059 erun
2497 3041 2514 3058 .

2180 3021 2514 3060 Γηηειει-υιιι.

539 3071 663 3155 383.
712 3075 780 3157 Ut
807 3075 1010 3160 negatio.
1031 3077 1086 3160 iu
1107 3075 1333 3160 praediis
1357 3075 1710 3160 ecclesiarum
1719 3083 2050 3160 praesumpta
2075 3071 2124 3135 Ω
2227 3073 2354 3160 ὖθςξ.
2383 3073 2451 3129 Ut
2473 3076 2522 3156 si
2543 3077 2654 3158 quis
2683 3076 2984 3160 diguitatem
3013 3084 3432 3160 praesumpserit,
3461 3099 3618 3160 quum
3635 3098 3736 3135 non

470 3143 534 3198 ab
557 3145 806 3199 universis
844 3145 1148 3214 depellatur.
1193 3144 1273 3198 Ab
1301 3144 1549 3198 omnibus
1576 3143 2052 3214 illiusjusurpatio-

472 3215 555 3283 nis
581 3212 916 3283 contumelia
951 3213 1266 3283 depellenda
1297 3222 1396 3278 est,
1429 3228 1497 3267 ne
1545 3212 1764 3283 praedia
1785 3212 1888 3269 sibi
1919 3229 2048 3268 coe-

473 3282 684 3337 lestium
732 3282 1032 3338 sacrarunt
1061 3283 1236 3339 dicata
1288 3298 1318 3337 a
1365 3282 1682 3351 quibuSdam
1727 3282 2054 3338 irruentibus

473 3363 756 3423 vexentur.
786 3353 939 3420 Quod
968 3353 1011 3407 si
1047 3353 1165 3421 quis
1196 3352 1638 3423 praesumpserit,
1690 3361 1812 3423 post
1839 3353 2055 3409 debitae

474 3422 688 3492 ultionis
715 3424 1063 3477 acrimoniam
1093 3422 1248 3492 quae
1276 3436 1401 3489 erga
1423 3422 1716 3492 sacrilegos
1757 3422 1874 3476 iure
1923 3438 2053 3492 pro-

475 3438 688 3478 uisionis
715 3438 1063 3477 aernnomam
1149 3439 1248 3477 uae
1276 3438 1401 3489 erga
1423 3438 1716 3490 sacrilegos
1757 3438 1874 3476 ture

475 3491 666 3566 mead}
695 3501 796 3566 est,
825 3492 987 3566 exilio
1012 3438 1267 3566 pub1icae
1288 3491 1673 3566 deportationis
1714 3499 1920 3566 uratur.

547 3558 670 3614 386.
714 3559 782 3614 Ut
829 3558 1404 3631 capitale'supplicium
1457 3560 1700 3631 excipiat,
1757 3561 2057 3631 quiviolm-

478 3630 608 3683 tiam
627 3629 940 3686 commisisse
966 3631 1268 3684 dinoscitur.
1299 3630 1400 3696 Qui
1429 3630 1763 3684 manifestam
1793 3629 2056 3698 detegitur

478 3701 811 3754 commisisse
835 3699 1164 3764 violentiam,
1193 3715 1300 3755 non
1323 3701 1428 3754 iam
1473 3699 1800 3765 relegatione
1847 3708 1939 3752 aut
1963 3701 2059 3753 de-

478 3769 784 3839 portatione
804 3769 1009 3824 insulae
1038 3771 1319 3839 plectatur,
1345 3771 1438 3824 sed
1467 3768 1786 3838 supplici-um
1827 3769 2058 3838 capitale

479 3837 732 3906 excipiat,
784 3855 884 3896 nec
935 3837 1247 3908 interposita
1294 3837 1694 3908 provocatiOnis
1747 3837 2012 3894 sententia
2038 3879 2055 3905 ,

479 3921 618 3979 quae
663 3907 714 3979 iu
743 3924 864 3964 eum
912 3907 1091 3965 fuerit
1118 3910 1140 3940 ι
1179 3907 1343 3979 dicta,
1375 3909 1730 3979 suspendatur
1760 3924 1774 3963 :
1805 3910 2058 3979 quoniam

483 3977 647 4030 multa
679 3977 913 4034 facinora
947 3979 1047 4034 sub
1075 3994 1179 4033 uno
1202 3977 1488 4032 violentiae
1517 3979 1735 4032 nomine
1779 3978 2060 4032 continen-

482 4055 587 4110 tnr,
619 4061 740 4101 cum
763 4049 882 4104 aliis
910 4049 1014 4102 vim
1043 4049 1239 4104 inferre
1266 4047 1592 4104 teutantibus
1621 4086 1638 4111 ,
1679 4046 1799 4101 aliis
1826 4063 1947 4101 cum
1979 4049 2061 4102 in-

479 4114 788 4197 dignatione
835 4118 1214 4197 resistentibus
1257 4119 1480 4197 verbera
1521 4116 1826 4197 caedesque
1867 4116 2060 4197 crebrp

480 4184 806 4256 detegantur
834 4187 1118 4245 admissae.
1174 4185 1323 4242 Unde
1362 4187 1593 4256 placuit,
1622 4193 1680 4241 ut
1708 4184 1752 4256 si
1782 4185 1917 4241 forte
1941 4187 2062 4254 quis

480 4253 568 4307 vel
592 4268 656 4308 ex
683 4256 1005 4324 possidentis
1047 4266 1202 4327 parte
1224 4300 1238 4322 ,
1284 4253 1375 4312 vel
1391 4272 1457 4310 ex
1483 4258 1598 4312 eius
1632 4255 1722 4326 qui
1755 4253 2052 4327 possessio-

482 4320 901 4396 nemtemerare
932 4320 1306 4396 temptaverit,
1355 4320 1709 4396 interemptus
1738 4320 1828 4388 sit,
1857 4326 1908 4396 in
1937 4320 2077 4380 eum.

482 4392 798 4465 supplicium
848 4392 1202 4465 exeri,"’qui
1257 4395 1360 4450 vim
1403 4392 1604 4465 facere
1635 4395 1958 4465 tentaverit,
2007 4403 2062 4450 et

484 4460 727 4533 alterutri
757 4466 893 4533 patri
915 4460 1144 4520 cau'sam'
1168 4465 1428 4518 malorum
1459 4464 1722 4532 praebuit.

561 4531 683 4584 387.
713 4531 788 4586 De
813 4550 872 4587 eo
917 4537 1001 4600 qui
1049 4535 1144 4588 sibi
1195 4531 1474 4587 indebitum
1503 4535 1670 4588 locum
1709 4533 2056 4600 usurpaverit.

489 4597 547 4671 Si
586 4601 716 4671 quis
737 4597 1028 4671 indebitnm
1057 4604 1158 4658 sibi
1189 4603 1364 4658 locum
1413 4603 1771 4671 usurpaverit,
1802 4597 1946 4656 nulla
1997 4617 2060 4657 se

489 4668 830 4741 ignoratione
867 4670 1139 4734 defendat,
1193 4671 1370 4740 sitque
1413 4668 1568 4741 plene
1595 4671 1865 4741 sacrilegii
1910 4686 2058 4738 reus,

489 4738 590 4811 qui
602 4738 708 4811 huc
726 4755 902 4811 agere
933 4738 1299 4811 temptaverit;

557 4807 683 4863 388.
718 4807 793 4864 Ut
815 4807 1060 4865 inviolata
1088 4820 1438 4882 permaneant,
1462 4827 1587 4882 quae
1606 4810 1789 4864 diversi
1805 4809 2061 4882 principes

488 4879 628 4934 circa
647 4889 855 4936 sanctas
881 4879 1120 4935 ecclesias
1157 4879 1482 4935 soluerunt.
1511 4881 1887 4948 Quaecumque
1919 4881 2062 4935 circa

488 4960 872 5006 sacrosancta:
915 4952 1171 5005 ecclesias
1217 4965 1248 5003 a
1303 4951 1629 5020 principibus
1673 4949 1898 5005 diversis
1941 4959 2066 5006 sunt

489 5027 711 5089 statuta,
746 5035 963 5076 manere
996 5021 1246 5074 inviolata
1280 5020 1658 5089 praecipimus.

561 5033 711 5085 tum,
746 5035 963 5076 manere
996 5033 1246 5074 Inviotata
1317 5035 1658 5089 raecnplmus.

561 5086 688 5142 389.
723 5089 790 5142 Ut
813 5093 857 5144 si
883 5092 1126 5145 ecclesiae
1137 5033 1400 5160 priviﬁgia
1419 5091 1633 5160 alicuius
1656 5088 1937 5143 temeritate
1959 5090 2066 5159 {ue-

492 5156 602 5230 rint
622 5167 860 5230 corrupta
893 5156 1150 5230 piaculum
1191 5156 1408 5229 quinque
1432 5161 1452 5189 ⁵
1485 5159 1733 5230 librarum
1765 5161 1876 5230 auri
1898 5156 2065 5230 poena

496 5228 780 5298 uniltetur.'
807 5230 863 5284 Si
894 5228 1166 5286 ecclesiae
1211 5228 1532 5285 venerabilis
1578 5228 1853 5298 privilegia
1883 5229 2063 5283 cuius-

496 5245 756 5284 muttetttr.
807 5245 863 5284 δι
903 5245 1166 5286 ecclesiae
1211 5245 1532 5285 veneramus
1615 5245 1853 5298 rtvnegia
1883 5245 2062 5283 cuius-

491 5310 654 5363 quam
696 5292 893 5354 fuerint
921 5301 1224 5355 temeritate
1267 5299 1466 5354 violata
1506 5245 1610 5353 ver
1633 5298 2062 5354 dissimulatione

497 5368 774 5440 neglecta,
818 5370 1162 5440 commissum
1215 5370 1454 5440 quinque
1501 5368 1757 5425 librarum
1787 5368 1905 5423 auri
1935 5382 2066 5424 con-

501 5435 885 5507 dempnatione
906 5439 1193 5509 plectatur.

2155 3145 2339 3223 meruit
2359 3161 2390 3197 a
2403 3145 2634 3214 principe
2664 3145 2900 3223 vrl'iusto
2913 3145 3055 3204 senio
3064 3167 3130 3214 re,
3155 3145 3438 3223 sacrilegus
3462 3145 3735 3205 Imbeatur.

2157 3215 2375 3292 Si_quis_
2397 3218 2814 3292 praesumpserit
2839 3233 3018 3292 quam“
3049 3237 3154 3274 non
3185 3215 3400 3292 meruit
3431 3238 3461 3275 a
3493 3223 3632 3292 prin-
3654 3223 3740 3290 ipe

2158 3284 2833 3357 veiseiiiore‘dignitatem,
2860 3284 3154 3357 sacrilegus
3184 3291 3464 3347 habeatur.

2230 3351 2366 3431 397._
2388 3351 2454 3408 Ut
2477 3351 2576 3431 ill‘,
2624 3357 2709 3418 qui
2737 3351 2952 3431 diuersis
2995 3351 3270 3431 scileribus
3298 3362 3557 3431 implicati
3585 3368 3741 3422 sunt,

2155 3423 2224 3496 ad
2253 3423 2593 3496 testimonium
2618 3441 2720 3478 non
2747 3425 3102 3483 admittuntur.
3127 3430 3329 3485 Homici
3353 3423 3460 3496 lae,
3483 3431 3739 3491 maletici,

2156 3495 2320 3558 fures,
2352 3493 2618 3567 sacrilegi.
2651 3504 2916 3567 raptores,
2965 3498 3212 3564 venefici,
3256 3493 3490 3554 adulteri
3534 3509 3593 3554 et
3643 3499 3741 3567 qui

2159 3571 2371 3632 raptum
2421 3562 2646 3617 fecerint
2684 3562 2769 3618 vel
2818 3562 3011 3622 falsum
3064 3562 3431 3624 Iesdinonium
3475 3562 3742 3626 dixerint.

2157 3648 2252 3686 seu
2267 3633 2356 3702 qui
2370 3632 2438 3686 ad
2455 3633 2739 3706 sortilegos
2755 3648 3043 3706 [uagosque
3057 3637 3485 3702 decucurrerint,
3508 3640 3743 3693 nullate-

2159 3711 2444 3825 nus‘erulnt
2471 3702 2541 3757 ad
2569 3702 2970 3762 accusationem
3001 3709 3084 3764 vel
3113 3709 3180 3764 ad
3229 3710 3598 3765 testiinonium
3639 3707 3744 3764 ad.

2160 3787 2230 3825 un
2285 3787 2350 3824 en
2393 3788 2429 3825 I.

2160 3775 2429 3826 mittendi.

2227 3839 2353 3896 398.
2375 3840 2456 3894 Nc
2475 3851 2594 3896 ante
2634 3842 2790 3899 iudex
2817 3845 3064 3902 iaculetur
3110 3848 3164 3902 in
3214 3865 3354 3902 reum
3406 3849 3744 3910 sententiam.

2158 3927 2309 3980 quam
2357 3912 2465 3980 ipse
2509 3912 2813 3976 conﬁteatur
2852 3927 2944 3970 aut
2989 3919 3114 3972 socii
3137 3919 3218 3971 sui
3244 3933 3361 3972 eum
3405 3919 3748 3973 convincunt.

2157 3978 2332 4034 Judex
2357 3978 2708 4037 criminosum
2747 3984 3040 4042 discutiens
3087 4003 3194 4042 non
3239 3997 3365 4042 ante
3411 3989 3750 4042 Sententiuut

2162 4049 2397 4130 proferat
2425 4050 2920 4130 capitalem,_quam
2951 4064 3046 4110 aut
3094 4071 3216 4112 reus
3253 4056 3750 4130 ipseconliteatnr,

2161 4127 2254 4173 aut
2288 4122 2568 4174 convictus
2594 4135 2691 4189 per
2737 4122 3055 4181 innocentes
3086 4134 3251 4182 testes
3274 4122 3384 4186 ’νει
3426 4128 3606 4184 socios
3629 4129 3753 4182 cri-

2162 4189 2319 4243 minis
2341 4189 2420 4243 sui
2445 4191 2780 4246 manifestius
2801 4195 3181 4250 convincatur.

2232 4259 2356 4314 399.
2386 4255 2512 4313 Non
2539 4275 2648 4313 esse
2688 4263 3022 4319 iudicandum
3050 4266 3292 4320 adversus
3337 4265 3592 4321 absentes.
3625 4266 3751 4318 Ad-

2162 4343 2350 4402 versus
2379 4329 2634 4402 absentes
2652 4345 2758 4384 nou
2781 4331 3067 4389 iudicetur.
3095 4337 3247 4402 Quod
3272 4337 3317 4390 si
3339 4335 3538 4391 factum
3556 4336 3752 4400 fuerit,

2084 4435 2138 4495 Β
2167 4399 2376 4495 prulata
2405 4398 2671 4480 sententia
2703 4415 2808 4454 non
2841 4404 3055 4458 valebit.

2268 4466 2338 4495 nn
2410 4464 2486 4495 Ν-
2541 4484 2803 4495 -...--.._..-
2861 4474 3055 4495 _..:s:L-.

2233 4466 2358 4521 400.
2401 4464 2486 4543 Ne
2536 4469 2823 4543 episcOpus
2854 4474 3064 4542 quilibet
3108 4476 3269 4528 alium
3321 4474 3757 4543 conculcetepi-

2165 4553 2396 4607 scapum.
2434 4536 2502 4591 Ut
2530 4536 2714 4592 nullus
2739 4536 3202 4610 episeopnsziliuin
3225 4546 3508 4600 conculcet
3523 4536 3756 4610 episeo-

2167 4622 2315 4683 puin,
2349 4621 2448 4661 nec
2477 4619 2599 4683 eum
2649 4613 3106 4683 supergrediatur,
3136 4623 3234 4668 aut
3275 4613 3487 4683 aliquod
3527 4614 3760 4674 incom-

2166 4680 2382 4730 moluni
2409 4690 2458 4729 el
2492 4680 2542 4728 in
2573 4692 2667 4730 sua
2701 4680 2862 4733 lnciat
2891 4683 3193 4743 parrochia.

2237 4745 2361 4822 ιρι,
2393 4745 2473 4798 De
2513 4749 2751 4822 episcopo
2799 4751 3051 4822 deposito,
3107 4755 3194 4822 qui
3239 4770 3293 4809 sc
3335 4753 3403 4806 ad
3453 4750 3763 4822 Romanam

2167 4817 2465 4892 pontip’cem
2495 4815 2870 4892 reclamaverit.
2895 4820 2956 4892 Si
2987 4815 3414 4892 quis'episcopus
3438 4820 3764 4892 depositus

2170 4884 2433 4962 agendum
2463 4884 2563 4939 sibi
2592 4887 2862 4962 negotium
2893 4890 2944 4942 in
2971 4884 3101 4962 urbe
3125 4884 3292 4948 Ruina
3311 4884 3762 4962 proclamaverit,

2169 4956 2306 5031 alter
2334 4955 2621 5031 episcopus
2657 4954 2709 5008 in
2761 4956 2876 5012 eius
2898 4960 3155 5015 cathedra
3201 4954 3326 5031 post
3367 4959 3766 5030 apellationetn

2168 5025 2304 5090 eius,
2327 5025 2430 5097 qui
2443 5024 2656 5097 videtur
2681 5037 2804 5097 esse
2833 5031 3124 5097 depositus,
3174 5024 3416 5087 omnino'
3443 5044 3550 5083 non
3589 5031 3760 5084 ordi-

2168 5103 2349 5175 netur,
2381 5094 2480 5175 nisi
2502 5109 2662 5148 causa
2686 5094 2848 5151 fuerit
2869 5094 3067 5156 iudicio
3107 5101 3335 5156 Romani
3384 5099 3621 5170 episcopi
3658 5102 3766 5156 de-

2168 5172 2476 5218 terminata.

2242 5234 2363 5288 402.
2398 5229 2482 5286 Nc
2501 5234 2555 5287 in
2584 5233 2960 5304 praedicatores
2987 5239 3232 5295 ecclesiae
3271 5240 3610 5294 detractiones
3668 5255 3771 5294 seu

2174 5304 2566 5380 uituperationes
2587 5305 2716 5380 [iant
2734 5307 2915 5380 {quod
2952 5313 3203 5364 canonica
3229 5313 3479 5380 scriptura
3508 5308 3770 5363 damnat.

2176 5373 2330 5440 Ωιιοὰ
2360 5375 2619 5450 omnibus
2637 5373 2882 5450 fidelibus
2908 5380 3264 5450 omnibusque
3298 5373 3574 5436 ordinibus
3599 5395 3770 5433 sum-

2179 5459 2400 5514 mopere
2419 5443 2716 5501 cavendum
2738 5446 2827 5512 sit,
2852 5461 2919 5503 ne
2935 5443 3288 5507 clanculo'aut
3302 5451 3510 5524 publice
3525 5460 3774 5508 unctum

1725 5549 2116 5609 VARIANTES
2151 5554 2548 5610 LECTIONES.

574 5631 588 5661 '
621 5641 659 5705 t‘.
695 5634 968 5705 depurget
1015 5637 1081 5692 G.

503 5701 651 5756 exeri
679 5703 746 5757 G.
780 5701 841 5779 ’ξ
869 5701 1028 5761 deest.
1069 5707 1137 5763 (ὲ.

1155 5639 1198 5698 .'
1228 5639 1450 5697 fecerint
1480 5639 1594 5696 Bal.
1673 5639 1692 5672 ³
1724 5640 2002 5708 lngilinum
2042 5643 2108 5699 G.

2207 5646 2228 5678 ⁸
2262 5647 2458 5702 fuerint
2499 5645 2616 5700 ΒΑ.
2712 5648 2731 5680 ⁸
2755 5652 2950 5720 exequi
2994 5671 3247 5728 superscr.
3289 5655 3353 5712 sb
3382 5657 3565 5715 eadem
3595 5674 3773 5721 manu
