4002 6146
499 353 620 414 ’813

509 535 702 598 servis,
733 547 790 590 ut
820 537 871 590 in
907 537 1091 592 hostes
1121 537 1222 592 nisi
1253 537 1359 592 duo
1387 549 1478 592 aut
1512 547 1618 593 tres
1647 553 1676 590 a
1707 535 1904 594 ceteris
1932 537 2088 593 electi

511 618 568 677 et
607 607 916 661 sacerdotes
950 607 1198 662 similiter
1245 608 1497 677 perpauci
1546 609 1614 662 ab
1663 607 1742 662 eis
1787 607 1944 664 electi
1986 624 2093 663 non

512 676 674 749 irent,
701 677 843 730 sicut
873 678 942 749 in,
967 676 1466 748 prioribushoStris
1503 679 1808 733 continetur
1835 679 2096 749 capitula-

511 747 682 812 ribus,
735 763 835 802 nec
883 747 1228 818 ad'pugnam
1274 757 1650 818 properarent,
1683 764 1784 804 nec
1811 747 1960 802 arma
1989 748 2094 803 fer-

511 826 652 880 rent,
687 833 786 872 nec
830 819 1078 872 homines
1119 827 1226 872 ta-u
1277 818 1600 874 christianos
1642 833 1801 887 quam
1853 833 2094 888 paganos

513 899 790 950 necarent,
839 905 937 944 nec
979 890 1269 953 agitatores
1319 889 1635 958 sanguiuum
1687 891 1702 920 ι
1757 888 1966 952 ﬁerent,
2009 889 2092 944 vel

510 959 812 1028 quicquam
852 975 882 1014 c
907 970 1040 1012 -ntra
1071 975 1306 1014 canones
1359 958 1619 1023 facerent,
1661 959 1802 1026 quod
1860 962 2093 1014 honores

510 1029 854 1084 sacerdotum
905 1038 960 1083 et
1013 1045 1098 1084 res
1134 1031 1482 1084 ecclesiarum
1535 1030 1748 1083 auferre
1791 1030 1870 1083 vel
1923 1029 2094 1082 mino-

511 1115 634 1153 rare
665 1102 682 1130 ’
723 1101 801 1154 eis
831 1105 1184 1154 voluissemus
1229 1119 1242 1156 :
1290 1099 1433 1168 quod
1465 1100 1643 1153 nullat:
1667 1114 1768 1154 nus
1800 1098 1976 1154 facere
2010 1101 2093 1154 vel

515 1173 695 1224 facere
743 1171 1045 1224 volentibus
1076 1173 1382 1226 consentire
1413 1185 1601 1225 omnes
1641 1171 1778 1225 scire
1815 1171 2090 1239 cupimus;

511 1241 606 1294 sed
633 1250 835 1308 quanto
866 1258 934 1305 qu
959 1257 984 1294 s
1023 1257 1209 1295 eorum
1241 1242 1468 1309 amplius
1510 1256 1661 1294 suam
1695 1256 1937 1294 normam
1975 1255 2092 1294 ser-

509 1311 719 1364 vaverit
756 1319 810 1363 et
841 1310 949 1363 Deo
971 1312 1235 1372 servierit,
1267 1321 1416 1365 tanto
1445 1326 1566 1364 eum
1595 1312 1714 1378 plus
1743 1311 2010 1365 honorare
2039 1319 2094 1366 et

510 1381 778 1436 cariorem
807 1381 1002 1435 habere
1030 1382 1295 1436 volumus.
1322 1380 1386 1435 Et
1410 1389 1466 1434 ut
1485 1381 1619 1441 haec
1646 1383 1844 1435 certius
1867 1382 2094 1435 credan-

513 1461 600 1504 tur
647 1460 702 1505 et
729 1467 822 1521 per
873 1454 1045 1505 futura
1090 1461 1330 1520 tempora
1378 1459 1789 1518 conserventur,
1822 1449 2091 1520 praecipi-

512 1537 654 1588 mus,
682 1532 742 1576 ut
768 1523 942 1576 nullus
973 1538 1058 1576 res
1085 1522 1348 1576 ecclesiae
1374 1521 1471 1574 nisi
1495 1523 1775 1590 praeeario
1797 1522 2090 1591 possideat.

511 1591 578 1646 Et
612 1602 894 1662 postquam
937 1593 1086 1660 ipsae
1113 1593 1385 1659 precariae
1413 1592 1595 1645 linitae
1637 1591 1861 1662 fuerint,
1888 1591 2093 1646 faciant

510 1661 838 1732 putescitive
866 1663 1230 1732 speculatores
1259 1663 1556 1724 ecclesiae,
1588 1669 1769 1716 utrum
1803 1661 2090 1730 elegerint,

511 1743 606 1786 aut
653 1743 712 1787 ut
746 1735 766 1764 ³
807 1735 946 1802 ipsas
971 1750 1056 1787 res
1087 1733 1365 1802 recipiant,
1398 1742 1492 1787 aut
1529 1733 1756 1800 posteris
1775 1747 1961 1786 eorum
1989 1734 2092 1788 sub

508 1805 760 1872 precario
781 1813 837 1858 et
865 1819 1027 1858 censu
1056 1804 1255 1858 habere
1285 1808 1599 1873 permittant
1630 1817 1644 1856 :
1695 1804 1768 1857 ita
1799 1811 2000 1865 tamen,
2031 1811 2092 1857 ut

510 1875 610 1942 ipsi
642 1877 888 1944 proprias
915 1883 970 1929 et
996 1874 1154 1928 utiles
1190 1889 1274 1928 res
1315 1875 1518 1929 eisdem
1551 1873 1814 1935 ecclesiis,
1845 1873 1923 1944 de
1957 1889 2090 1942 qua-

510 1960 628 1998 rum
645 1942 776 1999 'iuie
805 1961 921 2000 esse
953 1946 1218 2005 videntur.
1237 1945 1483 2012 legaliter
1507 1947 1740 2008 Ira-lant,
1765 1954 1818 1998 et
1843 1943 1886 1996 si
1913 1942 1932 1973 ⁸
1953 1960 1984 1997 a
2008 1959 2096 1998 re-

510 2015 752 2070 etoribus
772 2015 1062 2069 earundem
1082 2015 1434 2084 ecclesiarum
1458 2015 1734 2084 precariae
1758 2014 2097 2084 renovandae

509 2093 654 2150 sunt,
673 2089 932 2140 canou‘ce
955 2094 1300 2139 renoventur.
1317 2083 1573 2139 Novimus
1593 2097 1720 2152 ergo
1746 2083 1908 2137 multa
1932 2097 2096 2152 regna

510 2164 566 2210 et
594 2169 750 2224 reges
791 2171 979 2209 eorum
1024 2163 1310 2224 propterea
1363 2155 1640 2218 cecidisse,
1672 2154 1796 2222 quia
1839 2153 2098 2220 ccci-sies

509 2227 950 2296 exspoliaverunt
995 2240 1190 2293 resque
1233 2241 1416 2280 carum
1446 2233 1809 2296 vastaverunt,
1855 2225 2097 2280 abstule-

517 2295 659 2360 runt,
691 2297 1068 2350 alienaverunt
1109 2297 1192 2350 vel
1235 2297 1590 2365 diripueruiit,
1625 2295 2002 2364 e,iscopisque
2042 2303 2099 2350 ct

511 2367 884 2421 sacerdotibus
913 2375 1096 2436 atque,
1130 2369 1271 2433 quod
1305 2368 1479 2420 maius
1507 2375 1611 2433 est,
1636 2366 1882 2420 ecclesiis
1907 2380 2096 2420 eorum

511 2437 848 2507 abstulerunt
875 2447 930 2492 et
955 2437 1314 2507 pugnantibus
1333 2436 1614 2507 dederunt.
1641 2439 1979 2507 Quapropter
1999 2451 2098 2491 nec

515 2505 680 2562 fortes
710 2507 762 2560 in
793 2506 934 2562 bello
956 2505 1058 2562 nec
1085 2510 1136 2560 in
1165 2509 1268 2562 lide
1295 2507 1516 2561 stabiles
1544 2506 1779 2570 fuerunt,
1810 2521 1909 2560 nec
1930 2506 2100 2560 victo-

510 2591 600 2632 res
620 2578 950 2647 cxtiterunt;
973 2577 1067 2632 sed
1098 2587 1246 2647 terga
1272 2577 1418 2630 multi
1443 2577 1706 2630 vulnerati
1731 2585 1787 2630 et
1814 2577 1994 2646 plures
2021 2579 2097 2631 in-

515 2646 726 2701 terl'ecti
779 2655 1077 2710 verterunt,
1135 2646 1408 2712 regnaque
1446 2656 1502 2700 ct
1546 2647 1795 2714 regiones
1845 2653 1920 2712 et,
1953 2651 2097 2715 quod

514 2719 670 2788 peius
713 2731 816 2782 est,
860 2730 1026 2784 regna
1083 2717 1334 2772 coelestia
1385 2715 1736 2786 perdiderunt
1763 2727 1926 2785 atque
1970 2733 2095 2785 pro-

513 2787 644 2855 priis
693 2787 1086 2842 hereditatibus
1137 2796 1427 2844 caruerunt
1491 2797 1550 2842 et
1607 2799 1830 2842 actenus
1889 2797 2096 2842 canent.

447 2868 456 2878 '
513 2859 662 2925 Quae
707 2860 886 2912 omnia
935 2860 1192 2923 vitantes,
1253 2874 1350 2914 nec
1395 2858 1518 2912 talia
1581 2858 1758 2912 facere
1815 2874 1912 2912 nec
1962 2873 2094 2912 con-

512 2929 713 2984 sentire
758 2943 854 2983 nec
895 2928 1184 2983 infantibus
1231 2929 1253 2960 ⁸
1305 2937 1398 2983 aut
1445 2928 1848 2983 successoribus
1902 2929 2100 2984 nostris

513 2999 819 3068 exemplum
869 2998 998 3053 dare
1053 3000 1334 3065 volumus;
1394 3001 1486 3056 sed
1545 3013 1804 3067 quantum
1862 2999 2100 3056 valemus

514 3078 572 3124 et
617 3085 932 3138 possumus,
991 3069 1245 3124 adiuncto
1302 3070 1496 3124 Leoiiis
1541 3083 1713 3138 papae
1753 3078 1810 3125 et
1858 3071 2098 3124 onmium

513 3141 890 3222 episcoporum
919 3179 934 3203 ,
989 3157 1215 3222 (piorum
1265 3140 1492 3195 consilio
1540 3140 1618 3222 usi
1677 3139 1782 3195 hoc
1829 3141 2035 3221 egimus
2065 3180 2080 3202 ,

514 3207 717 3280 spiritu
739 3220 926 3266 nostro
953 3207 1159 3280 spiritui
1187 3226 1376 3265 eorum
1397 3251 1411 3275 ,
1442 3225 1536 3280 per
1567 3209 1732 3264 Deum
1761 3218 1814 3266 et
1839 3213 2079 3265 omnium
2113 3207 2158 3270 C

514 3289 824 3336 sanctorum
856 3284 1045 3336 merita
1086 3281 1432 3351 prohibt-nius
1477 3287 1975 3348 contestamur-que,
2029 3298 2096 3336 ne

514 3352 644 3405 talia
689 3352 890 3414 faciant
923 3353 1002 3405 vel
1035 3352 1212 3406 facete
1255 3351 1556 3406 volentibus
1594 3353 1974 3416 consentiant;
2003 3353 2097 3406 sed

518 3422 795 3477 adiutores
823 3429 878 3476 et
905 3423 1216 3477 defensores
1243 3431 1406 3491 atque
1432 3421 1812 3476 sublimatores
1841 3420 2098 3477 ecclesia-

516 3506 638 3546 rum
660 3503 712 3546 et
732 3500 1044 3546 cunctorum
1066 3508 1346 3546 servorum
1373 3492 1466 3546 Dei
1499 3506 1596 3561 pro
1615 3491 1816 3546 viribus
1831 3491 2097 3556 existant;

518 3577 590 3632 ne
620 3564 671 3614 in
693 3561 924 3626 foveam,
961 3563 1012 3615 in
1041 3577 1198 3629 quam
1226 3563 1483 3632 praedicti
1514 3576 1668 3629 reges
1696 3570 1751 3615 et
1782 3576 1944 3632 regna
1966 3565 2102 3617 ceci-

518 3631 734 3700 derunt.
769 3632 986 3696 cadoit,
1033 3641 1126 3686 aut
1163 3631 1214 3684 io
1249 3631 1598 3700 profundum,
1650 3633 1794 3698 quod
1825 3631 1986 3696 absit,
2021 3633 2100 3686 in—

517 3699 655 3755 ferni
686 3701 1082 3770 demergantur.
1129 3705 1192 3756 Et
1236 3711 1294 3755 ut
1337 3704 1471 3756 haec
1515 3702 1760 3756 devotius
1801 3716 1896 3770 per
1923 3702 2100 3758 futura

519 3778 765 3840 tempora
805 3781 1212 3838 conserventur,
1261 3771 1653 3841 praecipientes
1702 3771 1984 3834 iubemus,
2045 3783 2105 3828 ut

519 3841 698 3896 nullus
727 3850 832 3894 ιειιιι
861 3841 1060 3897 nostris
1093 3857 1252 3910 quam
1297 3842 1488 3897 futuris
1535 3841 1866 3910 temporibus
1889 3857 1917 3894 a
1949 3843 2104 3898 nobis

517 3911 605 3966 vel
628 3913 1025 3983 successoribus
1048 3913 1245 3967 nostris
1263 3912 1370 3967 ullo
1393 3927 1622 3983 unquam
1641 3921 1882 3981 tempore
1897 3912 2103 3983 absque

519 3996 785 4053 consensu
816 3990 870 4036 et
902 3982 1176 4038 voluntate
1199 3982 1595 4052 episcOporum.
1622 3983 1674 4036 in
1701 3997 1935 4052 quorum
1971 3982 2104 4053 par-

517 4052 719 4106 rochiis
747 4067 866 4108 esse
914 4062 1225 4117 noscuntur,
1267 4069 1356 4108 res
1402 4052 1980 4121 ecclesiarumpeti-re,
2011 4062 2106 4109 aut

520 4122 795 4187 invadere,
825 4124 908 4178 vel
933 4133 1142 4177 vastare
1165 4134 1255 4177 aut
1274 4139 1615 4194 quocumque
1638 4123 1850 4190 ingenio
1867 4125 2104 4178 alienare

519 4203 850 4261 praesumat.
883 4193 1035 4259 Quod
1059 4196 1101 4247 si
1125 4199 1242 4263 quis
1267 4197 1472 4256 legerit,
1501 4205 1608 4246 tam
1639 4195 1838 4247 noSIris
1860 4209 2019 4262 quam
2051 4203 2106 4251 et

521 4278 894 4334 successorum
941 4275 1246 4320 nostiorum
1281 4266 1634 4334 temporibus,
1669 4265 1856 4330 poi-uis
1883 4264 2105 4319 sacrile-

518 4331 592 4399 gii
621 4333 914 4397 subiaceat,
956 4341 1012 4388 et
1041 4355 1068 4386 a
1102 4336 1256 4388 nobis
1286 4331 1446 4400 atque
1475 4335 1880 4390 successoribus
1907 4338 2105 4390 nostris

519 4404 827 4474 [rosurisque
853 4405 1117 4474 iudicibus
1145 4405 1229 4460 vel
1251 4409 1536 4460 comitibus
1562 4407 1698 4459 sicut
1725 4405 2014 4474 sacrilegus
2051 4414 2108 4460 et

522 4469 812 4544 homicida,
843 4473 924 4528 vel
967 4473 1050 4526 fur
1077 4476 1370 4542 sacrilegus
1411 4475 1654 4544 legaliter
1685 4469 2104 4544 puniatuﬁetab

522 4541 789 4610 episcopis
804 4545 998 4598 nostris
1010 4541 1510 4609 anatheinatizetur,
1528 4547 1596 4598 ita
1613 4556 1667 4598 ut
1683 4541 1923 4598 mortuus
1937 4547 2100 4598 etiam

520 4587 795 4679 seibtltt'ira
818 4587 1510 4670 etvetuictis.
1527 4633 1574 4684 pi
1589 4616 1772 4669 ecibus
1793 4627 1847 4668 et
1873 4615 2102 4669 oblatio-
2133 4587 2186 4648 Β

523 4683 678 4756 nibus
693 4696 892 4749 careat,
913 4699 1012 4737 uer.
1025 4683 1372 4755 clymosinam
1387 4683 1537 4740 suam
1553 4687 1835 4754 quisquam
1853 4687 2095 4756 recipiat.

521 4752 677 4816 Quod
716 4762 894 4826 autem
933 4752 1223 4826 maximum
1254 4752 1595 4826 sacrilegium
1625 4759 1697 4808 sit
1726 4771 1810 4809 res
1839 4752 2101 4811 erciésxae

519 4825 762 4893 auferre,
810 4822 1102 4890 iniadere,
1159 4822 1420 4888 alienare,
1455 4822 1679 4881 'vastare
1720 4827 1802 4880 v.-l
1853 4827 2097 4893 subripi,

519 4892 754 4962 n‘iaxiine
778 4908 967 4947 omnes
982 4895 1276 4962 siripturae
1293 4895 1505 4950 divinae
1522 4905 1802 4950 testantur.
1828 4898 1891 4946 lit
1913 4892 2102 4951 beatus

517 4961 872 5036 Symmachus
894 4979 1031 5035 papa
1048 4961 1293 5036 synodali
1311 4969 1572 5020 sententia
1595 4976 1817 5020 cunctos
1835 4964 2094 5030 feriendo,

517 5031 686 5087 dicit:
727 5052 744 5084 ι
779 5031 1025 5107 ιιιίιιὶιιιίιι
1057 5031 1158 5100 ἑτι,
1189 5036 1394 5107 inquit,
1426 5048 1482 5090 et
1511 5036 1780 5107 sacrilegii
1821 5035 2006 5099 instar,
2041 5048 2127 5091 ut-

517 5118 660 5172 quae
688 5107 770 5178 vel
799 5105 894 5174 pro
923 5105 1097 5161 salute
1117 5106 1198 5160 Vel
1227 5123 1321 5178 pro
1349 5109 1536 5176 requie
1553 5105 1848 5162 animarum
1877 5122 2095 5162 suarum

521 5176 888 5248 unusquisque
940 5176 1238 5232 venerabili
1282 5178 1544 5234 ecclesiae
1597 5193 1892 5248 pauperum
1933 5193 2095 5232 causa

519 5245 808 5300 eontulerit
837 5254 929 5300 aut
957 5257 1102 5302 certe
1127 5249 1506 5317 reliquerit,ab
1524 5245 1625 5314 his,
1650 5245 1845 5318 quibus
1867 5251 2100 5302 maxime

519 5317 721 5369 servari
753 5327 1115 5381 eos-Venerat,
1144 5318 1342 5374 auferri
1371 5329 1465 5374 aut
1493 5321 1546 5374 in
1578 5321 1644 5373 ali
1672 5317 1716 5372 id
1743 5318 2037 5373 transferri.
2073 5337 2092 5370 ι

522 5383 591 5438 Ει
617 5388 783 5439 multa
813 5396 1120 5442 sanctorum
1153 5405 1418 5444 canonum
1449 5391 1668 5446 decreta
1707 5401 1761 5444 ει
1792 5397 1991 5444 ιιιιιειο
2011 5405 2098 5444 om

523 5463 735 5531 patrum
763 5456 938 5531 edicta
972 5458 1106 5531 haec
1137 5463 1326 5531 eadem
1357 5471 1624 5516 testantur
1651 5479 1664 5516 :
1705 5476 1844 5531 quae
1872 5462 2101 5514 :CI'lllitl‘l

521 5534 578 5580 et
595 5527 738 5582 scire
756 5529 1096 5598 cupientibus
1125 5529 1380 5600 perfacile
1409 5541 1614 5602 patent.

1392 356 1453 411 Β.
1511 356 1761 415 CAROLI
1803 353 2018 414 MAGNI
2067 355 2216 412 OPP.
2256 357 2435 414 PARS
2473 357 2518 414 1.
2570 356 2813 414 SECTIO
2849 359 2913 413 ll.

511 464 770 536 cessimus
820 465 1085 535 episcopis
1133 475 1186 521 et
1223 466 1594 523 sacerdotibus
1639 483 1702 522 ac
1741 466 1963 536 reliquis
1992 465 2086 521 Dei
2118 471 2162 528 Α

3681 362 3789 419 816

2263 466 2384 522 MS.
2427 465 2508 522 De
2535 468 2810 542 sceleribus
2834 467 3094 542 nefandis,
3119 467 3181 542 ali
3204 487 3242 542 Aq
3267 487 3342 524 ’σε
3357 487 3524 542 regna
3543 488 3789 540 percussa

2197 549 2336 604 sunt,
2369 548 2424 592 ut
2451 539 2656 608 penitus
2700 549 3000 593 caveantur.
3053 537 3667 597 Prohibemus'omnmo
3687 547 3789 602 sub

2198 623 2371 678 poena
2400 607 2668 675 sacrilegii
2698 609 3026 675 generaliter
3074 610 3324 664 omnibus
3359 620 3676 666 cunctarum
3701 631 3790 670 ee-

2196 679 2482 734 c1esiarum
2515 693 2696 733 rerum
2729 679 3054 742 iuvasiones,
3105 681 3460 747 vastationes,
3503 680 3790 740 alienatio-

2196 763 2312 814 nes,
2343 747 2790 823 sacerdotumque
2819 757 2874 802 et
2899 749 3226 817 reliquorum
3255 765 3535 805 sonorum
3563 751 3659 807 Dei
3685 769 3788 823 0p-

2193 819 2521 900 pressiones,
2579 819 2896 872 vexationes
2950 828 3114 900 atque
3147 829 3477 900 punctorum
3523 819 3787 900 generum

2196 889 2439 952 iniurias,
2483 903 2690 958 necnon
2737 900 2790 941 et
2821 889 3032 944 cunctis
3055 890 3334 958 utriusque
3363 905 3526 944 sexus
3554 893 3788 948 hornini-

2194 958 2294 1013 bus
2316 959 2603 1021 adulteria,
2633 957 3018 1014 fornicationes
3048 957 3512 1028 sodomitieasque
3540 961 3788 1020 luxurias

2195 1038 2357 1098 atque
2387 1029 2592 1084 incrsta
2626 1029 2708 1082 vel
2748 1038 2942 1098 cuncta
2973 1029 3159 1084 illicita
3189 1031 3469 1097 coniugia,
3499 1031 3789 1088 homicidia

2195 1097 2410 1166 iniusta,
2445 1098 2700 1168 periuria,
2737 1097 2865 1153 falsa
2899 1101 3225 1164 testimonia,
3267 1108 3324 1156 et
3351 1101 3535 1155 omnia
3576 1101 3787 1169 illicita,

2195 1184 2294 1238 pro
2315 1171 2650 1240 quibusnon
2679 1169 2798 1223 solu
2824 1189 2854 1222 ιι
2885 1185 3048 1238 regna
3084 1179 3140 1224 et
3165 1184 3336 1240 reges.
3370 1171 3466 1225 sed
3490 1172 3658 1226 etiam
3689 1175 3788 1227 tio-

2195 1240 2372 1310 mines
2411 1239 2462 1292 in
2494 1238 2574 1294 eis
2601 1250 3009 1310 commanentes
3041 1238 3638 1310 perire'cognovimus.
3683 1243 3791 1299 Sed

2193 1309 2318 1378 quia
2359 1309 2468 1363 Deo
2509 1309 2802 1364 auxiliante
2851 1326 2946 1376 per
2989 1309 3182 1364 merita
3240 1318 3297 1366 et
3342 1309 3789 1368 intercessionem

2195 1387 2508 1435 sanctorum
2545 1395 2937 1459 servorumque
2969 1381 3086 1448 Dei,
3119 1395 3254 1448 quos
3281 1381 3577 1437 sublimare
3605 1392 3662 1436 et
3693 1384 3790 1439 ho-

2193 1465 2388 1504 norarc
2409 1465 2712 1505 curavnnus
2735 1459 2895 1518 atque
2916 1467 3188 1517 curamus,
3219 1460 3444 1506 actenus
3467 1467 3567 1506 nos
3593 1462 3650 1508 et
3668 1469 3791 1510 sitc-

2193 1535 2439 1576 cessores
2481 1521 2654 1574 nostri
2703 1533 2866 1590 regna
2909 1530 2964 1575 rt
3014 1521 3264 1590 regiones
3291 1522 3702 1590 adquisivmus,
3736 1534 3790 1578 et

2196 1590 2450 1646 victorias
2503 1591 2698 1644 multas
2744 1588 3094 1654 halmimus,'
3129 1588 3394 1661 deinceps
3441 1608 3788 1661 summepere

2195 1661 2446 1732 omnibus
2472 1661 2650 1732 pellis
2694 1661 3113 1732 providendum
3146 1670 3269 1732 est,
3319 1677 3388 1717 ne
3432 1677 3532 1732 pro
3575 1667 3789 1732 praedi-

2194 1730 2307 1804 ctis
2337 1730 2358 1761 ⁶
2412 1729 2628 1785 inlicitis
2683 1731 3146 1804 et_spurcissiiiiis
3195 1729 3595 1804 luxuriis'his,
3644 1733 3789 1804 quod

2194 1801 2357 1872 absit,
2390 1815 2691 1856 careamus.
2727 1801 2857 1854 Nam
2899 1803 3100 1856 multae
3139 1803 3405 1870 regiones,
3431 1817 3576 1872 quae
3609 1801 3785 1858 rerum

2197 1871 2548 1926 eccleaiarum
2598 1872 2948 1936 invasiones,
2999 1873 3326 1927 vastationes
3357 1915 3374 1936 ,
3428 1871 3790 1929 alienationes

2199 1943 2626 2012 vexationesque
2652 1951 2708 1996 et
2743 1947 3086 1996 sacerdotum
3130 1941 3572 2012 reliquorumque
3598 1959 3790 1998 servo-

2198 2026 2316 2064 rum
2371 2011 2464 2066 Dei
2535 2013 2914 2080 oppressiones
2963 2012 3046 2066 vel
3098 2027 3464 2081 quascumque
3516 2014 3788 2081 iniurias,

2196 2081 2282 2135 vel
2311 2082 2330 2112 τ
2363 2083 2466 2136 iam
2497 2081 2637 2136 dicta
2669 2081 2853 2145 illicita
2884 2091 2940 2136 et
2964 2081 3225 2138 adulteria
3245 2125 3259 2143 .
3293 2084 3374 2136 vel
3406 2084 3786 2138 sodomitieaiu

2198 2152 2466 2206 luxuriam
2484 2154 2567 2206 vel
2588 2153 3028 2206 commixtionem
3053 2154 3398 2208 meretricum
3420 2163 3670 2208 se..t.itae
3689 2154 3791 2208 fue-

2197 2233 2344 2285 runt,
2378 2238 2477 2276 nec
2503 2222 2554 2277 in
2577 2221 2722 2277 bello
2749 2222 2978 2277 scculari
3009 2223 3196 2288 fortes,
3213 2239 3318 2278 nec
3349 2225 3401 2277 iu
3429 2222 3534 2277 [ide
3561 2225 3687 2278 stab
3710 2226 3792 2280 les

2199 2293 2574 2362 perstiterunt.
2655 2291 2722 2346 Et
2742 2293 2973 2361 qualiter
2998 2293 3255 2348 Dominus
3281 2294 3466 2348 talium
3496 2296 3792 2348 criminum

2201 2363 2564 2430 patratoribus
2592 2362 2811 2417 ultrices
2845 2377 3047 2433 poenas
3083 2379 3178 2432 per
3207 2367 3538 2418 Sarracenos
3565 2375 3627 2419 et
3656 2365 3711 2418 al
3733 2379 3794 2421 os

2199 2435 2426 2504 populos
2455 2433 2637 2488 venire
2661 2447 2721 2504 et
2751 2433 2960 2504 servire
2996 2434 3240 2504 permisit
3267 2436 3322 2498 ⁸,
3354 2435 3573 2489 cunctis
3605 2449 3796 2491 earum

2198 2510 2348 2569 gesta
2380 2503 2680 2572 legentibus
2710 2503 2898 2572 liquet.
2922 2502 3114 2558 Efnisi
3148 2519 3249 2560 nos
3281 2506 3348 2558 ab
3371 2505 3453 2558 bis
3477 2519 3790 2569 caveamus,

2198 2573 2389 2644 similia
2415 2575 2569 2629 nobis
2588 2573 2938 2644 supervenire
2959 2589 3064 2628 non
3088 2574 3418 2638 dubitamus,
3445 2575 3573 2640 quia
3598 2577 3796 2630 vindex

2199 2653 2280 2696 est
2310 2642 2451 2697 Deus
2479 2649 2546 2700 de
2576 2642 2664 2698 his
2684 2645 2954 2698 omnibus.
2979 2645 3323 2714 Quapmpter
3342 2645 3481 2700 sciat
3503 2651 3797 2714 anu-quis-

2199 2728 2305 2782 que
2331 2715 2486 2770 nobis
2517 2714 2813 2786 subiectus,
2836 2716 2963 2784 quia
2989 2716 3076 2786 qui
3107 2716 3162 2770 in
3193 2732 3299 2770 uno
3324 2731 3391 2770 ex
3421 2717 3508 2769 his
3543 2725 3795 2786 repertus

2199 2794 2364 2853 atque
2393 2787 2668 2840 enavictus
2696 2784 2874 2848 tuerit,
2917 2796 2973 2839 et
3012 2785 3267 2851 hodores,
3297 2789 3343 2842 si
3386 2787 3572 2850 habet,
3603 2784 3795 2841 omnes

2202 2869 2250 2926 p.
2273 2855 2448 2926 rderc,
2493 2864 2546 2909 et
2574 2855 2628 2910 in
2659 2869 2929 2910 carcerem
2981 2869 3040 2909 se
3081 2871 3252 2926 usque
3279 2857 3345 2910 ad
3376 2857 3573 2909 instant
3607 2871 3797 2911 einen-

2200 2925 2472 2978 dationein
2497 2933 2660 2997 atque
2680 2940 2778 2994 per
2807 2925 3050 2996 publicae
3078 2925 3443 2996 poenitentiae
3465 2927 3678 2980 satisfai
3689 2929 3796 2982 tio-

2203 3009 2324 3048 ne-n
2348 2997 2554 3050 retrudi
2574 3005 2630 3050 et
2659 2997 2727 3051 ab
2764 2997 2910 3052 oumi
2941 2997 3172 3051 litclium
3203 2997 3480 3053 consortio
3511 2997 3627 3051 fieri
3659 2999 3796 3052 alie-

2201 3079 2352 3138 num.
2384 3063 2550 3138 Valde
2596 3067 2740 3121 enim
2769 3069 3009 3138 cavenda
3042 3078 3128 3122 est
3173 3067 3264 3121 illa
3317 3067 3494 3133 fovea,
3541 3068 3599 3122 in
3633 3083 3796 3138 quam

2203 3135 2337 3206 alios
2365 3137 2625 3206 cecidisse
2649 3137 3018 3206 cognovimus.

2261 3205 2382 3280 ιιι.
2425 3205 2521 3280 De
2550 3207 2627 3261 liis
2657 3205 2984 3280 presbyteris.
3035 3211 3120 3280 qui
3149 3217 3331 3263 contra
3364 3209 3642 3280 episcopos
3679 3225 3795 3264 suos

2203 3278 2460 3349 seculares
2487 3277 2784 3348 defensores
2815 3278 3001 3333 habere
3021 3277 3320 3334 noscuntur.
3349 3277 3510 3346 Quod
3539 3277 3613 3333 illi
3645 3295 3798 3349 pres-

2202 3346 2396 3419 byteri,
2427 3349 2517 3416 qui
2551 3346 2679 3419 sine
2717 3350 2972 3418 episcopo
3011 3366 3230 3419 proprio
3276 3351 3503 3404 arbitrio
3550 3346 3796 3404 viventes

2203 3418 2474 3472 seculares
2530 3418 2840 3474 defensores
2889 3418 3082 3475 habent
3119 3418 3320 3474 contra
3371 3423 3664 3489 episcopos
3741 3431 3796 3476 rt

2203 3502 2446 3559 seorsum
2490 3490 2718 3559 populos
2761 3500 3107 3558 congregant,
3158 3505 3456 3558 eorumque
3505 3506 3795 3545 erronenui

2205 3558 2697 3630 ministerium’non
2728 3560 2780 3614 in
2803 3563 3056 3626 ecclesia,
3086 3563 3178 3615 sed
3204 3577 3298 3630 per
3329 3561 3566 3629 agrestia
3597 3562 3712 3614 loca
3743 3571 3800 3614 et

2203 3629 2604 3685 mansiunculas
2649 3638 2814 3700 agunt
2861 3640 2917 3685 et
2957 3629 3215 3686 ecclesias
3256 3633 3608 3691 conturbant,
3661 3634 3800 3686 tales

2204 3701 2516 3772 sacerdotes
2547 3701 2749 3755 vitandi
2793 3709 2847 3754 et
2886 3702 3092 3756 honore
3118 3705 3340 3772 preprio
3366 3711 3491 3756 sunt
3521 3701 3795 3771 privandi,

2204 3769 2622 3840 carceribusque
2668 3772 2750 3826 vel
2782 3769 3291 3828 moiiastieae'vitae
3318 3774 3418 3825 sub
3459 3769 3796 3840 poenitentia

2205 3839 2396 3912 diebus
2444 3839 2586 3896 vitae
2617 3855 2748 3896 suae
2782 3841 3056 3908 tradendi,
3088 3845 3228 3897 mala
3257 3857 3402 3912 quae
3430 3839 3662 3912 egerunt
3689 3842 3797 3895 lui-

2206 3911 2330 3962 ιυι-ι.

2203 4045 2215 4052 ι
2275 3978 2402 4054 H5.
2447 3979 2516 4036 Ut
2543 3984 2832 4054 cuiuspiam
2874 3983 3072 4054 gradus
3120 3984 3334 4038 clericus
3378 3983 3492 4037 sine
3529 3998 3567 4052 ρ
3600 3981 3800 4052 ntiﬁcis

2205 4052 2285 4105 sui
2337 4069 2578 4106 concessa
2608 4052 2807 4108 nullum
2856 4052 2926 4107 ad
2972 4055 3218 4108 iudicium
3258 4059 3489 4107 seculare
3534 4055 3804 4106 attrahere

2206 4132 2525 4191 praesumat.
2569 4123 2810 4180 Clericus
2841 4125 3126 4182 cuiuslibet
3153 4124 3348 4192 gradus
3376 4125 3496 4176 sine
3521 4123 3804 4192 βοειιὶἢὼ

2205 4193 2287 4246 sui
2321 4195 2585 4262 permissu
2617 4198 2820 4250 nullum
2851 4197 2917 4250 ad
2947 4199 3193 4251 scrutare
3232 4195 3486 4248 iudicium
3513 4194 3805 4248 attrahere

2207 4275 2536 4342 pI-aesuttiat,
2569 4279 2670 4319 nec
2697 4266 2834 4322 laico
2857 4267 3094 4334 quemlib
3113 4264 3438 4342 :t_clerieum
3479 4263 3532 4342 in
3559 4264 3805 4342 seculari

2207 4332 2408 4387 iudicio
2451 4335 2612 4388 liceat
2640 4350 2704 4389 ac
2741 4332 2920 4402 usare,
2947 4351 3068 4391 eum
3099 4336 3428 4406 privatorum
3467 4333 3802 4406 christiano-

2209 4418 2326 4456 rtun
2359 4419 2551 4460 causas
2593 4406 2762 4473 magis
2788 4407 3069 4474 apostolus
3095 4403 3162 4460 ad
3192 4405 3447 4460 ecclisias
3477 4403 3676 4458 deferri
3706 4413 3805 4458 at-

2207 4473 2540 4546 queibilem
2572 4483 2594 4546 t
2629 4473 2854 4530 rininari
2881 4479 3192 4546 praecipiat.

2281 4541 2402 4617 146.
2437 4543 2503 4617 Ut
2532 4545 2704 4617 clerici
2749 4541 3042 4600 venationes
3068 4541 3191 4602 ἠοη
3236 4547 3434 4617 faciant
3469 4560 3583 4598 cum
3609 4545 3802 4599 auibus

2210 4615 2286 4668 vel
2311 4616 2543 4667 caubus.
2583 4613 2648 4669 Ut
2675 4619 2856 4672 clerici
2885 4633 2916 4669 v
2955 4621 3202 4672 nationes
3233 4613 3337 4670 non
3371 4625 3550 4684 agant,
3584 4630 3693 4670 nec
3719 4631 3809 4671 ac-

2207 4699 2285 4750 ce,
2313 4694 2458 4739 tores
2481 4685 2501 4714 θ
2527 4692 2608 4736 Vel
2643 4685 2878 4741 falcones
2900 4688 2931 4740 h
2953 4690 3152 4740 dicant.

2281 4755 2402 4809 Hi.
2447 4755 2514 4808 Ut
2541 4759 2677 4809 omni
2708 4773 2846 4812 arma
2877 4759 3150 4812 ηιὶιιὶειιήὶ
3196 4757 3277 4812 sui
3314 4756 3564 4810 rationem
3592 4757 3810 4824 presbi-

2208 4827 2302 4880 teri
2333 4827 2567 4896 episcopo
2605 4844 2704 4880 suo
2754 4829 2994 4882 reddant.
3027 4829 3094 4882 Ut
3121 4827 3485 4896 unusquisque
3516 4827 3809 4896 presbiter

2207 4913 2303 4966 per
2330 4912 2484 4965 smgu
2509 4913 2572 4952 os
2597 4913 2767 4952 annos
2795 4901 3048 4966 episco,n
3080 4913 3178 4952 suo
3210 4909 3474 4952 rationem
3504 4897 3810 4953 ministerii

2205 4967 2287 5020 sui
2319 4970 2504 5020 reddat
2537 4977 2642 5021 tam
2675 4974 2741 5022 de
2777 4967 2882 5023 tide
2921 4969 3210 5034 catholica,
3239 4983 3400 5038 quam
3427 4969 3493 5021 de
3518 4967 3811 5036 baptismo

2205 5047 2370 5094 atque
2398 5049 2466 5092 de
2493 5039 2640 5094 omni
2661 5039 2851 5093 ordine
2882 5039 3182 5094 ministerii.

2305 5053 2370 5089 ne
2398 5053 2466 5092 ue
2493 5053 2640 5094 omni
2661 5053 2851 5093 ordine
2882 5053 3182 5094 tuintsuzru.

2265 5053 2400 5160 ί148.
2447 5109 2514 5162 Ut
2555 5125 2676 5163 cum
2705 5125 2730 5163 ε
2752 5111 2984 5180 episwpi
3007 5110 3310 5177 parrochias
3344 5124 3464 5162 suos
3491 5109 3646 5162 annis
3693 5110 3819 5163 sia-

2204 5179 2338 5248 gulis
2367 5180 2698 5234 circumeant.
2751 5178 2819 5234 Ut
2842 5178 3064 5249 singulis
3089 5182 3247 5234 annis
3273 5179 3638 5248 unusquisque
3683 5181 3817 5249 epi-

2202 5265 2402 5318 scopus
2419 5251 2757 5322 parrochiam
2780 5267 2934 5305 suam
2955 5253 3101 5306 circu
3125 5265 3249 5306 neat
3274 5253 3817 5322 populumquecoa-

2208 5324 2388 5374 firmet
2409 5319 2472 5376 ac
2497 5321 2712 5388 doceat,
2744 5334 2798 5376 et
2821 5338 2884 5376 ea
2913 5338 3052 5390 quae
3081 5319 3294 5375 vitanda
3327 5319 3455 5376 sunt
3483 5319 3816 5390 prohibeat,

2208 5400 2264 5446 et
2286 5405 2426 5461 quae
2445 5393 2654 5461 agenda
2680 5401 2806 5446 sunt
2835 5392 3036 5446 utiliter
3061 5405 3126 5461 ag
3164 5407 3222 5447 re
3249 5392 3492 5447 suadeat.

2283 5459 2400 5514 ΜΕ).
2447 5459 2522 5534 De
2552 5478 2634 5522 eo,
2663 5464 2748 5534 qui
2775 5479 2874 5517 non
2901 5475 3072 5518 ιοιιιςιρ
3094 5459 3287 5517 intuta
3310 5474 3664 5533 transgressis
3689 5465 3820 5531 [ae-

2207 5536 2293 5586 rit.
2324 5534 2380 5586 Si
2426 5532 2546 5603 quis
2581 5532 2784 5588 statuta
2822 5549 3200 5606 supergressus
3227 5532 3530 5604 corruperit
3572 5535 3660 5588 vel
3702 5547 3820 5606 pro

1737 5646 2128 5702 VARIANTES
2173 5647 2578 5703 LEtLTlONES.

598 5753 614 5782 ¹
654 5755 969 5820 sanguinem
1021 5755 1139 5810 Bal.
1255 5757 1275 5787 ¹
1315 5757 1558 5814 minuere
1591 5759 1704 5815 Bal.

507 5822 829 5877 ittventibus
857 5826 922 5878 (ἐ.
1033 5829 1053 5855 ⁸
1073 5825 1228 5882 dictis
1258 5825 1376 5884 Bal.

1817 5760 1838 5792 ³
1876 5761 2015 5816 deest
2047 5761 2110 5815 (ἰ.

1486 5832 1503 5862 ⁷
1533 5831 1606 5884 sic
1635 5830 1701 5886 (ἱ.
1733 5847 1870 5886 σπη’.
1891 5849 1956 5887 ea:
1978 5847 2140 5903 quae,
2167 5835 2303 5900 quod
2325 5837 2477 5891 habet
2504 5835 2623 5892 Bal.

2221 5762 2244 5792 ‘
2289 5767 2368 5821 sic
2411 5781 2466 5819 a.
2503 5781 2546 5836 ις.
2601 5779 2653 5820 e.
2687 5781 2740 5822 c.
2784 5781 2838 5836 ρ.
2867 5766 2911 5820 si
2962 5780 3007 5818 r.
3045 5765 3166 5822 Bal.

2742 5838 2764 5867 ⁸
2794 5839 3040 5908 promisit
3063 5840 3128 5894 (ἰ.

3277 5767 3299 5798 ⁸
3324 5766 3636 5822 iuuantibus
3657 5783 3815 5830 corr.

3275 5839 3296 5870 ⁹
3323 5843 3614 5910 aest-pitu:
3634 5841 3680 5897 ϐ
3697 5882 3714 5897 .
