4002 6146
246 314 351 375 855

708 317 861 374 COD.
900 316 1171 373 DlPLOM.
1213 349 1280 358 -—
1319 317 1677 373 BENEDICTI
1719 316 2241 375 CAPITULAPJUM
2276 319 2679 377 COLl.ECTlO.
2707 352 2777 360 —-
2807 321 2933 376 LlB.
2976 321 3061 376 Ill.

3423 324 3530 382 8⁵54

246 434 604 519 cominpiiitus
652 433 761 488 Deo
793 435 1084 519 auxiliante
1130 432 1223 486 red
1244 432 1439 497 liderit,
1472 433 1539 486 ab
1569 431 1837 487 ecclesiae
1866 437 1916 496 Α
1941 435 2064 506 quid
2110 437 2368 519 agendum
2405 437 2508 519 sit.
2529 436 2584 490 Si
2606 436 2728 506 quis
2760 452 2846 492 res
2879 437 3145 492 ecclesiae
3191 437 3399 501 debitas
3449 445 3536 501 νρι

246 505 548 562 catholicae
571 505 951 557 enitimunione
984 503 1233 571 pellatur.

312 572 438 628 26%.
484 572 553 627 Ut
609 575 915 641 pos'eriores
960 576 1041 643 cpi
1071 574 1187 639 copi
1236 591 1339 628 ιιο·ι
1388 590 1444 626 se
1505 580 1835 639 praeponant

247 644 524 715 prioribus.
555 645 622 697 Ut
645 644 819 697 nullus
849 646 1137 714 episeoptts
1172 644 1446 712 prioribus
1481 643 1593 697 suis
1622 658 1683 696 se
1734 658 1834 696 au-

246 719 370 769 deat
393 722 742 782 anteponere.

311 807 441 859 269.
481 805 548 858 Ut
579 807 767 865 clerici,
800 806 885 875 qui
924 806 1035 857 sine
1064 806 1293 871 epistolis
1323 805 1549 873 episcopi
1582 805 1659 856 sui
1688 816 1836 857 extra

246 879 510 948 propriam
566 877 891 948 parrocltimn
938 876 1150 948 profecti
1204 879 1419 944 fuerint,
1475 875 1836 948 coitnntnione

248 944 627 1015 prienturset
673 946 715 998 si
744 946 1120 1014 incorrigiblks
1152 950 1508 1015 apparuerint.
1548 944 1837 997 verberibus

245 1027 579 1072 coerceantur
611 1017 649 1068 ¹.
711 1016 933 1068 Clericis
958 1020 975 1045 ²
1001 1018 1116 1069 sine
1160 1015 1562 1068 conititcmlatiti
1590 1032 1615 1066 s
1641 1016 1843 1082 cpisto-

247 1090 312 1142 lis
345 1089 491 1152 cpi-‘c
532 1086 580 1155 pi
608 1086 688 1137 sui
738 1086 951 1138 lii-entia
995 1104 1099 1137 non
1131 1095 1311 1150 pateat
1361 1087 1598 1155 evagand
1638 1102 1650 1140 :
1686 1094 1739 1155 et
1789 1085 1839 1136 itt

248 1160 400 1212 omni
433 1154 575 1217 loco,
611 1158 675 1207 ad
714 1172 873 1222 quem
919 1156 1035 1208 sine
1066 1156 1307 1220 epistolis
1331 1154 1567 1224 cpismpi
1621 1154 1728 1219 sui,
1785 1163 1843 1206 ιιι

247 1229 452 1281 dictum
486 1235 589 1286 est,
618 1235 884 1288 Vener-int,
909 1240 938 1277 a
971 1226 1349 1279 communione
1382 1227 1683 1278 habeantur
1707 1225 1842 1277 atie-

248 1298 324 1351 ni.
363 1299 415 1350 ln
450 1297 726 1349 monachis
756 1311 971 1364 quoque
1020 1312 1117 1363 par
1170 1296 1337 1348 forma
1390 1303 1672 1356 servi-tur;
1706 1308 1842 1362 quos

247 1370 291 1423 si
320 1370 483 1419 verbo
518 1383 548 1419 ιι
573 1386 602 1417 ιι
629 1367 1120 1434 increpatiunermu
1150 1365 1557 1419 ciuendaveriut
1577 1404 1591 1428 ,
1623 1365 1784 1417 etiam
1822 1364 1842 1393 ³

251 1438 566 1491 verberibus
591 1437 879 1489 statuimus
904 1435 1202 1489 coherceri.

321 1527 445 1580 9.70.
488 1527 561 1580 De
613 1526 832 1589 clericis,
883 1527 928 1579 si
980 1527 1273 1579 ebrietatem
1304 1543 1407 1579 non
1439 1526 1745 1585 vitaverint,
1787 1534 1843 1577 ut

246 1597 754 1652 excontntuniccntur
781 1608 869 1649 aut
909 1597 1251 1650 verberentur.
1327 1596 1466 1649 Aule
1514 1598 1690 1649 munia
1750 1611 1781 1648 a
1826 1594 1845 1625 "

245 1669 464 1723 clericis
483 1668 680 1721 vitetur
701 1670 952 1727 ebrietas,
977 1682 1114 1735 quae
1138 1666 1377 1720 omnium
1404 1666 1651 1720 vitiorum
1675 1667 1695 1717 l
1716 1680 1845 1719 ‘ttl(’S

247 1754 315 1792 ac
341 1739 520 1792 nutrix
552 1746 654 1790 ert.
687 1737 795 1791 Nec
823 1738 943 1805 quis
975 1737 995 1767 ⁵
1035 1745 1213 1805 potest
1244 1736 1467 1789 liberum
1490 1735 1730 1803 corporis
1761 1735 1843 1789 sui

245 1824 315 1861 ac
341 1812 535 1862 ruentis
566 1808 766 1861 habt-re
798 1808 1070 1871 iudicium,
1095 1807 1185 1876 qui
1217 1816 1409 1875 captus
1443 1808 1570 1859 vino
1618 1822 1648 1858 a
1679 1820 1843 1859 sensu
1882 1817 1920 1871 Β

290 1881 514 1932 rebatur
554 1879 798 1942 alienus;
854 1887 909 1931 et
958 1879 1246 1945 proclivius
1294 1879 1358 1929 all
1392 1877 1645 1930 iudicium
1691 1890 1843 1928 meus

270 1949 574 2003 aliefactaLa
600 1949 832 2007 ducitur,
869 1957 923 2001 ut
962 1950 981 1977 ⁶
1015 1948 1327 2015 plerumque
1361 1950 1529 2015 possit
1563 1963 1592 2014 p
1630 1954 1841 1998 ci-attnu

246 2028 349 2073 aut
372 2020 744 2083 crnuen,dtuu
780 2019 965 2079 nescit,
1018 2019 1313 2071 incurrere.
1359 2017 1662 2085 Ignorantia
1717 2031 1844 2069 vero

247 2092 379 2142 tal.s
402 2106 508 2142 non
536 2098 713 2157 potest
741 2088 974 2154 ell'ugi-re
993 2102 1243 2155 poenam,
1274 2102 1432 2154 quam
1462 2103 1527 2140 ex
1544 2087 1846 2139 voluntaria

247 2162 493 2213 amentia
549 2174 793 2211 manasse
841 2158 1161 2210 constiterit.
1223 2157 1408 2225 Itaque
1448 2172 1846 2225 quemcunque

246 2231 463 2283 ebrium
497 2230 659 2283 fuisse
689 2228 901 2281 ιόιυιὶμ
926 2228 1011 2288 rit,
1045 2238 1101 2279 ut
1144 2228 1278 2281 ordo
1312 2229 1527 2295 patitur.
1560 2236 1651 2279 ant
1708 2241 1845 2293 qua-

247 2300 502 2366 draginta
562 2301 770 2351 dierum
822 2298 998 2363 spatio
1046 2314 1072 2349 a
1128 2298 1513 2352 communione
1561 2297 1848 2349 statuimus

245 2370 412 2490 εῗιιιιι
438 2369 706 2432 ινυιιιιιιιιι,
736 2377 832 2421 attt
869 2368 1136 2437 corporali
1175 2368 1510 2422 subdendum
1553 2384 1673 2421 esse
1721 2365 1848 2419 sub-

246 2455 283 2490 ι)
311 2456 440 2490 icto.

311 2456 440 2492 lL‘Iil.

291 2455 440 2492 ueto.

246 2455 283 2508 Ρ
326 2508 453 2562 27L
488 2507 563 2561 De
583 2509 635 2562 lti
668 2549 682 2572 ,
714 2508 800 2579 qui
831 2524 916 2570 per
941 2508 1251 2561 caluinn'ant
1282 2506 1496 2560 ecclesia
1520 2526 1547 2558 ιι
1580 2519 1669 2579 aut
1703 2504 1849 2579 cleri-

246 2596 370 2633 cum
413 2582 639 2650 fatigare
686 2577 1062 2648 teniptueeriut.
1120 2580 1175 2632 Si
1214 2594 1335 2645 quis
1382 2594 1475 2644 ιυι·
1522 2577 1846 2650 calumniam

246 2649 545 2704 ecclesiam
572 2662 658 2702 aut
691 2654 948 2703 cler.cum
985 2652 1206 2715 latigare
1242 2649 1606 2715 temptaverit,
1633 2657 1687 2699 ct
1710 2663 1847 2698 ron-

247 2722 432 2774 victus
483 2720 676 2783 luerit,
725 2722 993 2774 ecclesiie
1047 2719 1320 2771 liminibus
1358 2731 1408 2771 et
1459 2718 1847 2772 catholicorqu

247 2793 673 2851 communione,
707 2791 805 2843 nisi
836 2791 920 2855 dig
947 2806 993 2842 :e
1018 2790 1362 2856 porutuerit,
1393 2798 1661 2841 arceatur.

329 2859 456 2914 272.
485 2860 549 2912 ιίι
569 2862 685 2913 laici
709 2877 741 2912 ιι
764 2877 809 2911 .u
831 2859 1129 2913 ornineutar
1154 2859 1252 2911 nisi
1278 2860 1550 2925 religione,
1575 2856 1842 2910 i'aeniisi‘a.

246 2930 327 2985 Et
373 2942 427 2983 ut
458 2945 659 2984 monast
692 2932 783 2983 riis
833 2946 898 2997 ιιι
930 2930 1117 2981 llarum
1169 2928 1416 2998 probatae
1462 2930 1593 2980 i-itae
1656 2931 1848 2980 omines

247 3019 400 3073 prae,
426 3018 528 3072 gan
555 3018 616 3053 ur
654 3003 697 3054 ⁷.
744 3000 1131 3073 l’iaecipitiins,
1160 2997 1224 3053 ne
1259 3000 1423 3073 laicus
1452 2998 1550 3050 nisi
1594 2997 1850 3073 religione

247 3068 552 3142 praciiiis-a
585 3074 810 3125 clericus
844 3071 953 3123 liat.
979 3068 1032 3142 lu
1066 3070 1449 3142 monasterium
1484 3084 1611 3120 vero
1642 3068 1844 3142 puella-

246 3137 377 3198 rum
423 3143 667 3224 liotntiies
723 3143 743 3172 ³
815 3140 1023 3193 nonnisi
1077 3141 1333 3206 probatae
1379 3139 1519 3190 vitae
1553 3148 1614 3217 et
1655 3137 1846 3224 aetatis
1874 3161 1919 3224 ρ

250 3223 552 3280 provectae
593 3213 659 3264 ad
716 3225 1083 3281 quascumque
1122 3224 1305 3281 carum
1358 3209 1710 3281 necessitates
1760 3207 1844 3281 vel

247 3277 687 3337 iniuistratioues
734 3277 1127 3351 permittuntur
1178 3280 1401 3351 intrare.
1455 3279 1531 3330 A'l
1577 3277 1847 3331 faciendas

247 3369 391 3407 vero
414 3353 606 3407 missas
632 3349 835 3417 clerici,
887 3353 976 3420 qui
1022 3351 1242 3415 ingressi
1276 3349 1491 3414 luet-int,
1514 3356 1692 3401 statim
1727 3361 1847 3415 pcr-

248 3432 384 3479 acto
417 3424 713 3477 ministerio
741 3422 949 3490 regredi
1010 3421 1281 3473 festinent.
1319 3422 1487 3472 Aliter
1529 3429 1708 3472 autem
1750 3432 1849 3471 nec

250 3494 494 3548 clericus
520 3509 619 3547 nec
650 3494 943 3546 monachus
997 3492 1205 3545 itthltis
1230 3490 1392 3543 ullum
1439 3491 1502 3541 ad
1548 3490 1792 3557 puellare
1818 3510 1846 3538 ιι

250 3565 737 3633 congregationem
754 3565 949 3616 liabeat
978 3577 1278 3633 accessum,
1321 3559 1419 3633 nisi
1451 3560 1674 3633 ltooaut
1700 3560 1719 3587 ³
1753 3575 1848 3626 pa-

252 3628 420 3689 terna
447 3628 538 3687 aut
566 3650 818 3701 gerriiana
850 3630 1191 3687 necessitudo
1222 3628 1481 3697 probetur
1502 3629 1808 3701 admittere.

334 3705 461 3758 275.
492 3698 687 3769 υεἾιὶε,
720 3704 803 3770 qui
833 3703 1203 3756 districtionem
1225 3702 1585 3768 episcoiiorunt
1629 3698 1853 3770 cii-case

254 3778 599 3828 austeriorcm
625 3768 928 3845 putaverint,
960 3772 1081 3843 quid
1102 3771 1354 3845 agendum
1391 3774 1477 3823 sit.
1510 3770 1565 3822 Si
1596 3784 1715 3835 quis
1743 3768 1851 3845 cle-

254 3848 503 3900 ricorum
547 3840 689 3898 circa
726 3859 786 3897 se
820 3852 913 3896 aut
950 3840 1341 3895 districtiouem
1385 3849 1480 3892 aut
1519 3840 1853 3892 retractatio-

259 3931 392 3969 netu
430 3917 470 3946 ¹⁰
519 3916 755 3981 cpiscOpi
787 3915 867 3968 sui
898 3922 1050 3981 putat
1086 3913 1361 3977 iniustam,
1412 3912 1558 3964 iuxta
1605 3909 1855 3978 antiquas

258 3987 681 4041 constitutiones
702 3997 943 4039 recurrat
970 3984 1035 4036 ad
1064 3985 1349 4053 synodum.

333 4055 463 4109 274.
501 4056 576 4109 De
614 4057 995 4125 conspiratione
1022 4050 1322 4105 rleincorum
1369 4050 1447 4125 vel
1482 4058 1853 4125 monachorum

259 4138 355 4180 aut
377 4128 647 4180 taicorum.
680 4120 878 4192 Siquis
907 4125 1251 4192 clericorum,
1299 4131 1356 4175 ut
1408 4123 1459 4174 iu
1510 4120 1691 4173 mulis
1722 4120 1855 4192 locis

258 4198 484 4252 diabolo
516 4190 801 4259 instigante
850 4204 1031 4247 actum
1080 4191 1244 4245 fuise
1301 4193 1587 4259 perpatuit,
1640 4190 1856 4242 rebellis

259 4268 576 4322 auctoritati
612 4268 650 4296 “
684 4282 744 4319 se
793 4266 844 4317 iii
877 4280 1038 4316 unum
1069 4264 1444 4315 coniuratione
1484 4262 1857 4315 intercedente

260 4337 549 4403 ciitlegerit
579 4338 638 4399 ”,
681 4345 738 4389 et
789 4343 880 4387 attt
932 4341 1268 4387 sacramenta
1309 4332 1450 4384 inter
1496 4346 1555 4403 se
1607 4336 1731 4382 data
1763 4338 1858 4382 aut

260 4401 528 4462 cartalam
553 4409 912 4471 conscriptam
939 4405 1100 4457 luisse
1126 4403 1378 4469 latuerit,
1429 4403 1518 4455 nul
1545 4401 1588 4453 is
1634 4415 1858 4453 excusa-

262 4479 503 4530 tionibus
531 4478 663 4530 liaec
687 4470 1053 4544 praesumptio
1090 4474 1476 4544 praev_ellatur;
1523 4470 1617 4526 sed
1642 4486 1736 4523 res
1763 4476 1855 4522 de-

1943 508 2191 579 proprias
2240 522 2268 561 s
2303 506 2539 579 certlotis
2587 509 2890 579 horrendae
2938 509 3251 573 capiditatis
3284 512 3537 569 instincm

1944 577 2314 646 occupavt‘rit,
2348 577 2633 650 retinuerit
2664 587 2757 630 aut
2802 594 2831 629 a
2879 587 3146 643 potestate
3189 594 3256 650 ex
3284 586 3543 650 competi-

1944 650 2091 703 tione
2119 649 2448 716 perceperit,
2478 648 2520 699 si
2550 663 2641 699 eas
2670 662 2775 700 non
2812 650 3083 713 restituat,
3114 649 3272 702 nullis
3298 666 3355 704 se
3385 648 3543 709 rebus

1942 726 2184 773 excuset.
2218 716 2371 782 Quod
2390 720 2432 769 si
2460 718 2643 783 agnito
2676 718 2719 747 ”
2754 719 2866 770 iure
2898 718 3266 772 ecclesiastico
3292 736 3396 773 non
3426 734 3543 777 sta-

1944 791 2038 842 tim
2069 803 2144 841 ec;
2167 788 2329 840 lesiae
2357 787 2437 839 vel
2463 789 2732 860 sacerdoti
2765 792 3161 860 reforiieaverit,
3179 798 3271 841 aut
3291 801 3343 842 ut
3370 792 3542 860 ipsum

1944 861 2025 913 im
2046 873 2341 923 agitustere
2393 858 2561 920 [Ossit
2599 858 2650 909 in
2701 857 2953 910 iudicium
3006 860 3300 912 electorum
3358 857 3545 919 vluiro

1943 929 2248 993 distulerit;
2277 926 2480 980 tamdiu
2513 944 2540 978 a
2574 928 2958 982 communione
3006 929 3369 984 ecclesiastica
3423 948 3544 986 sns-

1946 1001 2231 1069 pcndatur,
2296 998 2549 1069 quamdiu
2602 999 2864 1069 restitutis
2904 998 3066 1051 rebus
3108 1008 3212 1050 tam
3259 1002 3545 1056 ecclesiam

1944 1067 2104 1137 quam
2135 1067 2474 1121 sacerdotem
2525 1068 2714 1120 rcldat
2759 1068 3086 1121 indetrmem.
3137 1068 3341 1124 Similis
3378 1072 3545 1126 etiam

1947 1141 2048 1201 liis,
2084 1139 2171 1204 qui
2198 1138 2501 1191 oblationes
2523 1138 2898 1191 defunctorurn
2953 1138 3196 1192 ccclesiis
3238 1144 3318 1193 vel
3365 1157 3550 1196 sacer-

1945 1211 2161 1263 dotibus
2187 1208 2431 1275 legaliter
2458 1208 2708 1260 dimissus
2738 1207 2977 1274 quolibet
3024 1208 3215 1263 ordine
3264 1211 3549 1278 adsignare

1948 1279 2281 1332 tardaverint
2311 1279 2393 1331 Vel
2425 1279 2662 1331 retinere
2686 1287 3168 1347 praesumpserant,
3194 1279 3550 1338 districtionis

1945 1348 2346 1404 ecclesiasticae
2375 1350 2519 1400 iuxta
2554 1348 2765 1417 priores
2794 1363 3030 1401 canones
3075 1350 3243 1401 forma
3277 1360 3545 1406 servetur.

1912 1460 1915 1463 μ
1945 1420 2043 1473 (Σιιί
2068 1420 2226 1472 etiam
2250 1419 2550 1489 sententiae
2571 1419 2892 1481 subiacemt,
2919 1419 3162 1486 quisquis
3183 1419 3280 1473 sibi
3305 1423 3551 1489 quolibet

1945 1491 2155 1548 Ordine.
2187 1489 2329 1558 quod
2377 1503 2475 1557 pro
2503 1488 2792 1540 devotione
2831 1504 2926 1542 sua
2970 1489 3215 1543 ecclesiis
3260 1488 3429 1558 dedit,
3462 1508 3547 1547 re-

1944 1574 2143 1614 vocare
2170 1559 2612 1627 praesumpserit.
2661 1558 2984 1621 Abbatibtts,
3034 1559 3349 1627 presbiteris
3398 1571 3548 1615 cete-

1945 1634 2129 1697 risque
2154 1629 2410 1682 ministiis
2441 1628 2507 1682 de
2537 1629 2695 1681 rebus
2720 1627 3105 1683 ecclesiasticis
3136 1631 3218 1682 vel
3258 1645 3413 1685 sacro
3445 1633 3550 1686 nii-

1951 1700 2175 1771 nisterio
2206 1699 2414 1771 traditis
2443 1699 2517 1771 nil
2542 1698 2783 1771 alienare
2807 1698 2892 1771 vel
2922 1700 3165 1771 obligare
3197 1700 3400 1767 absque
3431 1718 3554 1771 per-

1948 1770 2208 1825 missione
2236 1777 2290 1821 et
2311 1768 2711 1835 subscriptione
2734 1768 2973 1836 episcoiii
2996 1769 3077 1821 sui
3112 1768 3295 1823 liceat.
3326 1768 3479 1837 Quod
3504 1773 3553 1827 si

1949 1839 2429 1910 pracsuiirpserint,
2477 1838 2863 1906 degradcntur,
2911 1841 3297 1894 communione
3326 1858 3553 1897 conces-

1946 1908 2004 1965 sa
2030 1928 2046 1976 ;
2075 1920 2127 1963 et
2151 1908 2292 1979 quod
2326 1918 2529 1964 temere
2553 1917 2951 1977 praesumptum
3002 1918 3093 1962 aut
3129 1910 3420 1965 alienatum
3450 1922 3552 1981 est,

1948 1981 2291 2035 ordinatione
2316 1980 2558 2048 episcopi
2589 1987 2900 2033 revocetur.

2023 2072 2149 2126 276.
2193 2072 2269 2126 De
2317 2073 2397 2125 Itis
2435 2088 2566 2141 quae
2596 2072 2681 2126 die
2730 2071 2988 2125 dominico
3017 2072 3103 2142 agi
3138 2070 3183 2102 “
3222 2073 3554 2141 prohibentur

1951 2148 2025 2197 ιε’
2057 2144 2444 2215 permittuntur.
2477 2142 2812 2215 Audivirnus.
2847 2158 3161 2215 persuasum
3196 2158 3315 2197 esse
3342 2148 3555 2215 populis

1951 2215 2038 2266 (lie
2058 2212 2247 2267 domin
2271 2227 2336 2267 co
2361 2214 2441 2279 agi
2460 2229 2582 2266 cum
2611 2212 2836 2267 caballis
2860 2220 2954 2265 aut
2982 2212 3154 2268 bubus
3180 2214 3263 2267 vel
3294 2212 3554 2271 vehiculis

1951 2284 2145 2338 itinera
2177 2299 2280 2335 non
2305 2282 2524 2345 debere,
2558 2297 2733 2350 neque
2764 2282 2926 2337 ullam
2978 2298 3088 2335 rem
3122 2282 3187 2336 ad
3237 2285 3436 2339 victum
3471 2302 3555 2340 re-

1950 2370 2166 2423 parare,
2198 2353 2282 2406 vel
2314 2367 2396 2409 ea.
2428 2367 2570 2421 quae
2610 2354 2673 2405 ad
2706 2354 2937 2405 nitorem
2970 2353 3162 2407 domus
3195 2355 3277 2408 vel
3321 2355 3556 2411 hominis

1952 2426 2245 2493 pertinent,
2271 2423 2573 2476 nullateuua
2603 2438 2890 2481 cxt'rcet'e;
2920 2439 3056 2485 quae
3083 2439 3167 2475 res
3202 2424 3266 2476 ad
3291 2427 3554 2481 iudaicaut

1951 2492 2391 2555 stipi-rstitioneai
2428 2509 2511 2545 tua
2553 2494 2595 2545 is
2616 2508 2776 2560 quam
2803 2493 2866 2547 ad
2892 2493 3239 2547 cli-istiauam
3263 2496 3557 2549 observan-

1953 2565 2081 2617 tiam
2109 2563 2380 2630 pertinere
2413 2565 2691 2629 probatur.
2724 2564 3065 2632 Quapropter
3098 2563 3151 2616 id
3177 2564 3220 2593 ”
3245 2565 3555 2631 statuimus,

1954 2644 2011 2687 ut
2032 2636 2115 2687 die
2142 2634 2416 2687 dominico
2445 2632 2589 2700 quod
2613 2643 2737 2685 ante
2758 2635 2869 2687 Iieri
2902 2634 3068 2695 licuit,
3104 2634 3286 2689 liceal.
3311 2635 3354 2687 A
3387 2637 3554 2690 rurali

1954 2714 2131 2756 tamen
2155 2719 2342 2771 opere,
2377 2702 2425 2756 id
2458 2712 2542 2757 est
2582 2720 2747 2770 opere
2775 2704 2962 2764 aratri,
2998 2704 3084 2757 vel
3117 2719 3325 2768 vmeae,
3355 2705 3440 2760 vel
3467 2722 3557 2759 se-

1955 2776 2133 2829 ctione
2158 2775 2349 2826 messis
2377 2775 2697 2827 exetrssioae
2727 2783 2919 2827 exarto
2945 2773 2987 2803 ¹⁶
3009 2774 3090 2826 vel
3119 2791 3249 2838 sepe
3284 2777 3321 2806 ¹⁷
3348 2776 3560 2831 censui-

1951 2860 2072 2897 mus
2101 2841 2510 2906 abstineudmu,
2541 2858 2649 2910 quo
2680 2843 2891 2896 facilius
2921 2844 2986 2895 ad
3020 2844 3307 2897 cetzlesiam
3336 2848 3559 2899 venien-

1954 2921 2036 2967 tes
2065 2913 2324 2966 orationis
2352 2915 2523 2976 gratia
2559 2921 2769 2966 vacent.
2800 2913 2956 2977 Quod
3000 2914 3043 2965 si
3094 2914 3346 2969 iuventus
3394 2916 3558 2969 fuerit

1954 2983 2147 3051 aliquis
2180 2983 2230 3035 ιι.
2259 2982 2513 3050 operibus
2543 2983 2944 3051 suprascriptis.
2980 2989 3074 3035 aut
3096 2998 3237 3050 quae
3267 2983 3558 3039 interdicta

1953 3063 2080 3106 sunt
2108 3068 2365 3105 exercere
2390 3052 2830 3119 praesunqiserit,
2853 3051 3087 3119 Qualiter
3109 3052 3242 3107 haec
3266 3055 3560 3109 emendare

1953 3123 2169 3185 debeat,
2195 3138 2301 3175 non
2332 3123 2383 3174 in
2409 3122 2671 3175 laieoruni
2698 3122 3055 3187 distrctione,
3076 3123 3171 3179 sed
3198 3128 3246 3177 in
3261 3125 3561 3180 sacerdotis

1947 3194 2307 3257 castigatione
2330 3193 2614 3247 coasistat.

2017 3283 2146 3336 277.
2182 3282 2258 3336 De
2296 3283 2393 3344 lt-‘s,
2426 3283 2513 3353 qui
2543 3290 2663 3335 ante
2709 3282 2867 3352 [inita
2887 3299 2917 3333 ιι
2978 3282 3187 3336 missam
3237 3283 3301 3337 de
3342 3283 3560 3337 ecclesia

1947 3356 2120 3425 egredi
2163 3362 2515 3423 praesumant.
2565 3353 2867 3425 Demissis
2899 3353 3079 3407 nullus
3123 3353 3383 3425 laicorum
3430 3365 3560 3409 ante

1949 3423 2222 3485 discedat,
2264 3438 2424 3491 q.:aiu
2468 3424 2736 3476 dominica
2769 3423 2979 3477 dicatur
3015 3424 3209 3477 oratio.
3245 3424 3383 3478 Etsi
3428 3425 3550 3490 epi-

1949 3509 2146 3564 scopas
2179 3509 2435 3562 praesens
2466 3493 2651 3556 fuerit,
2704 3494 2820 3547 eius
2864 3493 3173 3548 benedictio
3201 3504 3545 3564 expectetur.

1951 3566 2135 3632 Neque
2185 3575 2312 3618 ante
2364 3564 2582 3618 inissent
2640 3571 2911 3633 expfctam
2979 3565 3102 3634 quis
3156 3566 3340 3633 egredi
3396 3580 3555 3635 prae-

1954 3644 2155 3690 sumat.

2023 3705 2147 3759 278.
2182 3703 2258 3757 De
2286 3705 2387 3771 Itis,
2418 3705 2505 3775 qui
2533 3706 2586 3757 in
2618 3704 2835 3758 ecclesia
2860 3720 2975 3757 cum
2997 3706 3157 3758 armis
3189 3705 3386 3759 intrare
3405 3722 3560 3773 prae-

1952 3785 2178 3829 sumant.
2203 3776 2478 3829 Saertlicia
2508 3776 2767 3828 matutina
2801 3776 3085 3829 missarum
3110 3776 3224 3845 sive
3246 3776 3556 3845 vespertina

1956 3861 2023 3899 ne
2050 3846 2170 3913 quis
2196 3860 2318 3898 cuin
2350 3847 2514 3899 armis
2543 3846 2938 3913 pertinentibus
2981 3845 3046 3897 ad
3091 3844 3357 3899 bellorum
3401 3860 3555 3900 usuin

1953 3924 2225 3983 expectet.
2274 3914 2426 3980 Quod
2471 3918 2561 3983 qui
2595 3914 2801 3977 fecerit,
2856 3916 2906 3966 in
2938 3914 3237 3968 sacerdotis
3283 3922 3555 3983 potestate

1953 3985 2235 4042 consistat.
2268 3987 2411 4052 quali
2436 4001 2557 4037 eum
2601 3985 2939 4037 districtione
2966 3984 3162 4037 debeat
3191 3986 3481 4049 castigare.

2026 4053 2150 4107 Ἧι).
2199 4053 2265 4107 Ut
2297 4056 2415 4107 laici
2450 4056 2503 4107 in
2542 4055 2757 4106 ecclesia
2784 4055 2928 4119 infra
2965 4052 3223 4105 cancellos
3273 4062 3414 4106 stare
3450 4069 3555 4108 non

1954 4134 2311 4193 praesumant.
2349 4123 2417 4178 Ut
2447 4122 2571 4176 laici
2600 4138 2758 4176 secus
2782 4124 2975 4185 altare,
2998 4137 3104 4191 quo
3127 4132 3312 4193 sancta
3347 4133 3551 4193 myste-

1957 4192 2034 4249 ria
2065 4194 2427 4254 celebrantur,
2462 4196 2602 4246 inter
2626 4193 2857 4246 clericos
2887 4201 2993 4245 tam
3031 4195 3097 4245 ad
3149 4192 3358 4262 vigilias
3385 4192 3552 4262 quam

1957 4265 2022 4319 ad
2051 4265 2242 4318 missas
2270 4274 2417 4317 stare
2466 4263 2682 4332 penitus
2720 4278 2827 4315 non
2858 4271 3226 4329 praesumant.
3260 4261 3364 4315 Sed
3411 4261 3556 4331 pars

1958 4335 2046 4388 illa
2077 4349 2217 4404 quae
2241 4350 2269 4385 ιι
2296 4334 2339 4365 ³⁸
2378 4332 2633 4388 cancellis
2653 4347 2843 4389 versus
2872 4331 2913 4362 ¹⁹
2936 4333 3104 4404 altare
3124 4332 3398 4399 dividitur,
3425 4333 3558 4388 chi--

1957 4407 2031 4458 ris
2062 4402 2267 4457 tantum
2312 4404 2657 4474 psallentium
2690 4412 2875 4472 pateat
2896 4402 3364 4474 clericorum.Ad
3392 4419 3556 4456 oran-

1958 4475 2083 4527 dum
2115 4490 2243 4527 vero
2274 4473 2327 4529 et
2347 4474 2858 4529 comrnuuicaudnm
2892 4473 3042 4526 laicis
3065 4482 3120 4527 et
3152 4473 3388 4542 feminis,
3416 4477 3558 4529 sicut

262 4529 433 4608 terna,
466 4562 588 4600 cum
614 4529 664 4598 in
687 4529 954 4615 'syuodnni
980 4529 1198 4597 veniam
1245 4541 1420 4615 fuerit,
1466 4529 1527 4595 in
1577 4555 1735 4615 prars
1759 4556 1856 4592 tm-
1885 4529 1933 4586 ο
1961 4554 2217 4615 iitosest,
2237 4552 2457 4611 pateant
2488 4553 2669 4598 sancta
2701 4553 3033 4597 sanctorum.

258 4616 513 4687 ptoribus
544 4622 686 4669 iusta
710 4613 1057 4683 personarum
1100 4622 1158 4667 et
1203 4613 1447 4687 ordinum
1469 4613 1601 4687 quat
1627 4620 1790 4687 tatem
1821 4626 1850 4663 a
1882 4664 1887 4669 ,

259 4681 630 4758 pontiucitius,
665 4681 753 4751 qui
785 4695 910 4739 tunc
935 4703 984 4758 ni
1017 4699 1180 4737 unum
1219 4682 1430 4737 collecti
1463 4683 1707 4758 fuerint,_
1734 4681 1851 4758 viu-

260 4751 515 4821 dicetur;
547 4759 669 4826 quia
703 4759 845 4811 sicut
876 4756 1072 4808 caritas
1102 4768 1167 4826 ex
1191 4824 1200 4826 _
1221 4754 1522 4826 praeceptis
1565 4751 1851 4826 dominicis

262 4829 455 4891 corde,
481 4822 586 4881 non
635 4832 876 4881 car-tutae
915 4824 1315 4891 conscriptione
1352 4824 1435 4877 vel
1476 4822 1850 4877 coniuratione

261 4908 350 4953 est
379 4898 702 4959 exliitienda,
737 4898 806 4949 ita
828 4897 972 4964 quod
999 4908 1157 4960 supra
1186 4907 1366 4948 sacras
1394 4892 1693 4964 admittitur
1716 4893 1847 4946 scri-

263 4980 457 5039 pturas
506 4969 832 5021 auctoritate
861 4966 1267 5019 etdistiictioue
1297 4963 1593 5031 pontiticali
1645 4970 1731 5017 est
1761 4977 1850 5016 re-

263 5057 316 5110 pi
334 5041 630 5110 iiiiettdttm.

339 5109 464 5164 275.
499 5107 579 5163 De
603 5109 704 5172 liis,
734 5107 820 5177 qui
849 5122 929 5160 res
965 5107 1209 5161 ecclesiae
1238 5105 1455 5159 traditas
1503 5103 1752 5177 invadunt
1779 5105 1856 5158 vel

264 5191 472 5235 vastant
510 5192 599 5232 aut
626 5180 815 5250 absque
834 5179 1027 5248 proirrii
1049 5179 1272 5248 episc0pi
1299 5191 1551 5231 consensu
1573 5176 1855 5245 accipiunt,

2032 4614 2157 4667 280:
2195 4614 2269 4668 De
2295 4617 2395 4676 liis,
2426 4616 2509 4682 qui
2542 4615 2756 4668 sabbato
2778 4623 2960 4668 sancto
2990 4614 3214 4682 paschae
3245 4617 3371 4669 I:ora
3416 4629 3556 4668 nona

1958 4686 2208 4742 ieiunium
2225 4686 2449 4739 solvunt.
2473 4684 2697 4753 Quidam
2719 4685 2945 4741 sabbato
2964 4695 3151 4739 sancto
3167 4686 3234 4739 ab
3260 4689 3389 4740 l.ora
3409 4699 3553 4738 nona

1960 4756 2217 4809 ieiunium
2247 4757 2482 4816 solvunt,
2512 4758 2773 4811 conviviis
2802 4765 3063 4820 utuntur;
3097 4764 3152 4809 et
3176 4757 3301 4809 dum
3325 4756 3405 4810 sol
3439 4754 3555 4822 ipse

1958 4825 2150 4880 eadem
2180 4825 2268 4880 die
2301 4827 2535 4880 tenebris
2564 4829 2814 4895 palliatus
2840 4826 3039 4879 lttmina
3062 4825 3378 4879 subduxerit
3409 4824 3554 4895 ipsa:

1959 4910 2066 4964 que
2135 4896 2400 4950 elementa
2463 4892 2676 4951 turbata
2745 4898 3069 4951 maestitiam
3141 4895 3303 4947 totius
3366 4892 3553 4964 inundi

1959 4960 2315 5030 ostenderint,
2345 4967 2419 5019 illi
2448 4967 2702 5020 ieiunium
2727 4975 2906 5020 tarncu
2930 4966 3033 5019 diei
3061 4964 3323 5033 polluant,
3348 4960 3549 5033 epulis-

1961 5051 2068 5104 que
2099 5036 2414 5090 inserviunt.
2442 5036 2508 5089 Et
2544 5037 2670 5103 quia
2696 5045 2862 5088 totum
2888 5050 2992 5088 eun
3015 5032 3117 5088 lein
3159 5033 3312 5104 diem
3335 5032 3553 5085 univer-

1963 5102 2093 5160 salis
2117 5107 2342 5162 ecclesia
2382 5102 2603 5176 pr0pter
2629 5104 2927 5175 pas-ionem
2962 5102 3175 5176 Domini
3219 5104 3553 5176 inmoerore

1965 5185 2022 5230 et
2041 5172 2648 5248 abstinentia-peragit,
2694 5176 3022 5245 quicumque
3066 5175 3117 5228 in
3174 5187 3243 5229 eo
3288 5172 3551 5229 ieiunium

1509 5312 1765 5368 VARIAN
1780 5312 1903 5367 I‘ES
1941 5312 2343 5369 LECTIONES.

348 5452 363 5481 ¹
389 5458 675 5505 arceantur
706 5448 821 5504 Bal.

269 5521 436 5574 etiam
458 5537 488 5574 a
516 5535 568 5573 ν.
597 5519 714 5573 Bal.
793 5522 813 5550 ⁸
836 5522 978 5575 deest
1024 5518 1143 5573 Bal.

272 5601 435 5647 catur
459 5608 523 5644 ac
551 5607 605 5659 p.
644 5590 711 5646 ϐ.
847 5592 869 5661 "_
901 5591 1296 5661 perlignrantur
1326 5587 1390 5641 (ἰ.

272 5663 637 5722 auctoritate,
671 5662 806 5731 quod
846 5659 963 5715 Bal.
1018 5661 1243 5712 retinuit.

274 5732 488 5795 abrasa)
517 5729 825 5801 expunctum
859 5744 906 5785 et
937 5731 1157 5798 margini
1208 5729 1525 5801 adscriptum
1548 5739 1657 5786 aut.
1686 5730 1751 5787 G.

657 5803 699 5832 “’
722 5820 785 5859 ea
818 5801 883 5856 (ἐ.

1493 5588 1515 5616 ⁸
1543 5589 1681 5642 deest
1728 5589 1844 5643 Bal.

278 5802 320 5831 ⁸⁷
352 5818 484 5872 quae
512 5798 592 5855 l1.
657 5803 699 5832 ιθ
722 5820 785 5859 ea
818 5801 883 5856 (ἐ.
965 5802 1004 5832 ‘9
1033 5815 1183 5854 versa
1212 5798 1277 5853 G.

898 5451 918 5480 ⁹
945 5447 1167 5503 Clericis
1192 5462 1330 5501 corr.
1352 5443 1542 5517 Clt‘rici
1565 5447 1760 5514 quibus
1783 5457 2074 5503 atramento
2106 5448 2271 5502 minus
2300 5448 2450 5517 nigro
2470 5446 2533 5502 G.

1230 5519 1250 5549 ⁸
1276 5516 1463 5586 nequis
1492 5516 1556 5570 li.
1585 5518 1669 5572 ubi
1699 5521 1882 5573 iterant
1910 5521 1963 5573 in
1992 5520 2225 5588 margine
2252 5516 2463 5572 additur
2494 5533 2513 5571 :
2546 5518 2714 5589 possit
2742 5516 2898 5573 aliter
2927 5532 3027 5573 nec
3054 5518 3268 5587 aliquis.

1235 5605 1296 5641 ur
1326 5587 1390 5641 (ἰ.
1493 5588 1515 5616 ⁸
1543 5589 1681 5642 deest
1728 5589 1844 5643 Bal.
1945 5590 1965 5620 ’
1997 5590 2137 5643 deest
2170 5590 2291 5643 Gal.
2369 5590 2410 5619 ¹⁰
2454 5590 2837 5643 retractionem
2866 5587 2931 5643 G.
3042 5589 3083 5619 “
3112 5589 3186 5643 sic
3214 5589 3268 5642 ti.

2275 5627 2291 5651 9

1354 5660 1393 5689 ι’
1426 5660 1740 5727 collegerint
1764 5660 1921 5720 Ca'.;
1950 5660 2268 5728 collegerint
2296 5674 2435 5713 corr.
2470 5658 2750 5726 collegerit
2778 5657 2845 5713 G.

1354 5732 1525 5799 'iptunt
1548 5739 1657 5786 aut.
1686 5730 1751 5787 G.
1868 5730 1910 5761 “‘
1937 5731 2028 5799 qui
2058 5731 2113 5786 d.
2143 5730 2197 5785 ιι.
2229 5743 2389 5798 agerc
2418 5729 2484 5785 G.
2600 5730 2645 5763 ⁸⁸
2681 5732 2821 5785 deest

2614 5446 2954 5551 :cipc'rppatio
2971 5462 3076 5551 npn
3092 5448 3553 5551 Ιςξιιιιειι(Ιιιιιιεξιιιιιι,

3054 5521 3268 5587 aliquis.
3403 5521 3426 5551 ⁶
3450 5521 3551 5574 du-

3042 5589 3083 5619 “
3112 5589 3186 5643 sic
3214 5589 3278 5643 (ἒ.
3319 5606 3457 5646 corr.
3486 5606 3555 5645 ea:

2954 5660 2995 5691 ’³
3016 5660 3124 5732 agit
3157 5660 3353 5730 (littera
3392 5667 3555 5732 postt

2600 5730 2645 5763 ⁸⁸
2681 5732 2821 5785 deest
2854 5729 2967 5785 Bal.
3058 5729 3128 5762 “²⁶
3168 5729 3228 5794 ο..
3264 5729 3455 5789 exorto
3476 5731 3546 5788 (ὲ.

2369 5590 2410 5619 ¹⁰
2454 5587 2837 5643 reti-actionem
2866 5587 2931 5643 G.
