4002 6146
341 291 447 344 877

812 286 964 342 COD.
1005 285 1179 341 DIPL.
1218 314 1285 329 --
1327 285 1679 342 BENEDICTI
1720 287 1898 343 CAPl'l

1999 287 2231 343 ,Αιιιυιι
2271 288 2664 346 (IOLLECTIO.
2718 320 2772 335 -
2804 293 2955 347 ADD.
2991 288 3077 351 Ill.

3454 296 3553 349 878

408 400 499 457 46.
540 398 610 455 Ut
631 400 940 471 deminuo
964 398 1182 453 habeam
1206 401 1436 454 actiones
1463 401 1738 471 πρᾳεῖαν-εδ.
1768 394 1893 452 Cleo
1926 404 1971 457 Δ
1997 396 2182 471 seculo
2199 434 2212 457 .
2244 399 2340 471 sed
2367 398 2720 471 soliDomiuo
2746 403 2853 471 sub
2872 400 3053 461 habitu
3082 365 3315 471 regulari
3333 403 3415 458 vel
3442 406 3552 462 cle-

339 475 482 529 ricus
508 471 592 524 vel
620 470 912 525 monachus
934 509 951 535 ,
980 481 1152 538 neque
1192 478 1418 538 exactor
1440 468 1769 538 publicarum
1805 482 1896 538 re~

338 557 457 597 rum
482 553 659 606 neque
686 538 983 593 conductor
1004 547 1102 591 aut
1130 536 1146 569 ι
1186 536 1522 596 vectigalium
1553 536 1636 591 vel
1665 536 1900 590 curatio-

336 613 420 666 nis
662 608 749 661 vel
774 615 1093 678 procurator
1108 606 1215 663 litis
1230 607 1317 662 vel
1331 608 1604 663 tideiussor
1632 606 1684 660 in
1706 606 1900 660 talibus

337 694 513 729 causis
629 715 646 729 .

337 680 513 736 causis
534 680 646 730 iiat.

408 747 496 801 l1.
531 745 610 800 De
633 762 694 800 se
738 745 830 818 qui
868 754 1049 799 contra
1077 746 1323 818 canonica
1371 753 1562 818 statuta
1612 750 1789 818 egerit.
1840 746 1896 802 Si

335 818 459 888 quis
503 826 694 871 contra
721 812 869 888 haec
912 822 1112 869 statuta
1142 812 1348 879 fecerit,
1388 816 1434 869 si
1479 812 1764 888 episcopus
1791 824 1894 880 est,

334 883 526 941 timeas
562 897 648 939 res
684 883 802 955 eius
840 898 907 937 ex
934 898 1270 955 quacumque
1314 899 1472 955 causa
1517 883 1600 939 vel
1627 883 1854 955 persona
1880 931 1894 953 ,

335 957 452 1033 sive
481 961 615 1033 ante
645 953 1013 1033 episcopatum
1038 954 1151 1033 sive
1174 961 1359 1033 postea
1388 953 1452 1005 ad
1484 969 1604 1033 eum
1632 953 1895 1033 pervene-

337 1025 469 1084 rint,
503 1021 762 1076 ecclesiae
787 1034 917 1075 suae
945 1037 1037 1075 eas
1064 1021 1336 1076 vindicare
1361 1021 1651 1078 sancimus:
1679 1025 1734 1077 Si
1772 1039 1899 1078 vero

333 1091 515 1148 clerici
537 1090 610 1155 ibi
640 1091 742 1160 hoc
772 1090 1014 1153 fecerint,
1062 1104 1291 1160 poenam
1343 1094 1708 1159 pecuniarum,
1737 1106 1895 1159 quam

337 1163 620 1230 episcopus
646 1158 1271 1230 existimaveritexigere
1294 1202 1309 1224 ,
1340 1158 1597 1230 ecclesiae
1626 1158 1901 1216 vindican-

334 1227 482 1286 dam.
512 1227 579 1282 ili
609 1242 757 1289 vero,
805 1229 896 1295 qui
951 1229 1191 1283 actiones
1219 1243 1345 1282 suas
1388 1229 1466 1282 eis
1515 1232 1899 1284 commiserunt

336 1298 421 1352 vel
452 1298 793 1352 fideiussores
834 1309 931 1351 eos
959 1312 1057 1365 pro
1105 1297 1424 1364 supradictis
1446 1301 1622 1353 causis
1673 1314 1900 1366 accepe-

334 1376 483 1433 runt,
512 1368 715 1420 nullam
755 1375 945 1420 contra
987 1366 1266 1420 ecclesiam
1312 1366 1394 1421 vel
1438 1368 1898 1423 administratores

334 1437 451 1490 eius
474 1435 561 1489 vel
583 1434 840 1505 adversus
866 1434 1004 1505 ipsas
1030 1449 1286 1505 personas
1328 1450 1464 1505 quos
1488 1438 1828 1491 crediderunt
1853 1438 1896 1503 ’,

335 1506 569 1574 habeant
598 1504 888 1574 actionem.
920 1503 975 1557 Si
1014 1519 1142 1574 vero
1171 1504 1287 1574 quis
1307 1503 1404 1574 eos
1434 1518 1532 1574 pro
1560 1507 1772 1574 publico
1799 1505 1898 1560 de-

330 1574 449 1628 bito
478 1573 559 1627 vel
589 1572 874 1626 exactione
925 1572 1213 1627 crediderit
1262 1574 1347 1627 vel
1378 1572 1719 1629 fideiussores
1743 1589 1899 1630 rece-

332 1644 493 1713 perit,
533 1641 601 1697 de
624 1642 919 1696 substantia
950 1642 1064 1697 ilsci
1089 1642 1328 1696 debitum
1355 1643 1689 1712 conpellatur
1717 1644 1898 1699 exsol-

332 1726 480 1766 vere.

328 1848 410 1903 set
434 1849 618 1919 fraude
664 1848 997 1919 adipiscitur.
1027 1848 1094 1903 Ut
1119 1849 1163 1903 si
1193 1848 1444 1919 quislibet
1488 1848 1763 1904 hominum
1810 1864 1897 1905 res

329 1917 594 1973 ecclesiae
624 1932 719 1988 per
758 1917 1151 1988 mendaciawel
1200 1917 1577 1988 malaiugenia
1626 1919 1675 1971 in
1708 1933 1895 1988 preca-

332 1987 467 2043 riam
497 1987 598 2040 sibi
629 1985 933 2057 adquirere
973 1995 1029 2041 et
1056 1987 1255 2057 habere
1284 1985 1533 2051 voluerit,
1555 1998 1611 2042 et
1636 1985 1756 2057 poét
1782 1987 1896 2042 fac-

330 2067 417 2111 tas
463 2054 736 2124 precarias
788 2055 976 2124 eadem
1028 2056 1303 2110 mendacia
1346 2058 1411 2110 ad
1462 2072 1620 2113 aures
1641 2054 1896 2112 eiusdem

329 2141 404 2180 re.
427 2123 559 2180 toris
605 2123 1068 2193 ecclesiaedelata
1112 2125 1327 2189 fuerint,
1388 2126 1503 2193 ipsa
1555 2127 1780 2183 ecclesia
1810 2140 1899 2180 res

324 2209 480 2261 suas,
498 2207 639 2261 quae
653 2194 707 2264 ei
737 2191 1064 2264 mendaciter
1078 2193 1380 2264 abstractae
1409 2191 1639 2258 fuerunt,
1671 2196 1900 2264 pleniter

326 2264 533 2331 absque
592 2262 753 2334 ullius
801 2262 1241 2334 contradictione
1289 2266 1607 2322 omnintvdis
1652 2262 1894 2334 recipiat.

329 2333 425 2388 Ille
452 2346 602 2403 vero.
633 2332 723 2403 qui
752 2345 842 2403 res
871 2345 997 2385 suas
1026 2345 1122 2398 per
1146 2331 1333 2403 eadem
1359 2334 1551 2387 menda
1574 2336 1636 2388 ia
1680 2331 1900 2403 proper

328 2400 672 2470 cupiditatem
701 2401 867 2470 ipsius
911 2402 1184 2467 precariae
1247 2401 1419 2456 eidem
1472 2400 1731 2457 ecclesiae
1786 2400 1898 2456 tra-

324 2469 488 2538 didit,
516 2469 679 2538 simili
721 2469 883 2523 modo
930 2470 983 2522 in
1011 2484 1161 2522 suam
1192 2471 1418 2538 recipiat
1455 2472 1895 2527 dominationem.

400 2537 490 2591 49.
528 2536 677 2602 Quod
703 2539 938 2611 antiquus
962 2553 1191 2611 mospoe
1209 2536 1385 2611 .itendi
1406 2582 1419 2606 ,
1445 2543 1532 2611 qui
1568 2544 1714 2595 iuxta
1742 2556 1900 2595 cano-

326 2610 502 2663 nicam
537 2608 891 2661 auctoritatem
917 2609 1145 2677 agendus
1169 2618 1277 2675 est,
1313 2610 1414 2662 iam
1443 2608 1507 2663 ab
1543 2627 1639 2665 usu
1677 2626 1899 2664 recesse-

326 2679 420 2733 rit.
460 2676 649 2749 Modus
691 2676 1080 2749 paenitentiam
1120 2691 1282 2749 agere
1312 2679 1476 2749 iuxta
1504 2681 1780 2749 antiquam
1809 2694 1901 2733 ca-

328 2763 532 2803 nonum
550 2746 938 2801 institutionem
963 2745 1016 2816 in
1033 2747 1299 2816 plerisque
1310 2747 1441 2804 locis
1455 2749 1524 2803 ab
1539 2745 1897 2816 usu—recessit,

327 2826 386 2871 et
413 2830 589 2884 neque
635 2815 1129 2886 excomntunica’ndi
1160 2832 1335 2886 neque
1372 2819 1754 2873 reconciliandi
1798 2831 1898 2871 an-

329 2886 464 2957 tiqui
506 2886 670 2939 moris
708 2884 840 2957 ordo
869 2896 1139 2957 servatur;
1193 2884 1306 2957 uta
1335 2886 1535 2942 domno
1575 2888 1901 2957 imperatore

328 2953 668 3026 impetretur
696 2954 1021 3026 adiutorium
1043 2996 1060 3021 ,
1113 2953 1344 3023 qualiter
1364 2995 1380 3018 ,
1429 2958 1473 3011 sl
1525 2953 1665 3026 quis'
1689 2955 1900 3025 publice

328 3023 554 3094 procat,
587 3023 793 3091 publica
823 3024 1079 3079 multetur
1106 3026 1435 3092 poenitentia
1455 3068 1469 3089 ,
1511 3023 1570 3080 ut
1604 3023 1897 3081 secundum

327 3096 573 3149 ordinem
599 3108 877 3163 canonum
913 3108 1010 3162 pro
1039 3095 1234 3149 merito
1276 3109 1376 3150 suo
1426 3097 1548 3163 quis
1584 3109 1898 3151 excommu—

326 3163 538 3218 nicetur
558 3175 613 3216 et
633 3162 1027 3218 reconcilietur.

398 3253 490 3324 50.
534 3256 607 3309 ιε
654 3254 840 3324 clerico
885 3253 958 3306 ad
1004 3256 1213 3308 tute'am
1259 3263 1456 3310 vocato.
1504 3255 1563 3311 Si
1595 3254 1897 3324 episcopus,

327 3323 629 3394 presbiter,
681 3323 966 3384 diaconus,
1033 3324 1391 3379 subdiaconus
1443 3325 1507 3379 ad
1554 3323 1899 3379 tutelam’vel

327 3394 662 3448 curationem
684 3401 962 3453 vocentur,
990 3401 1194 3447 tantum
1213 3409 1405 3447 munus
1426 3394 1900 3448 administrationis

328 3463 383 3516 in
423 3463 526 3516 hoc
554 3462 881 3517 concedetur
911 3461 931 3491 ³
958 3464 1268 3531 suscipere;
1312 3463 1356 3518 si
1385 3472 1561 3517 tamen
1594 3465 1728 3516 intra
1768 3477 1901 3530 qua-

326 3539 456 3586 tuor
484 3546 721 3601 menses
747 3545 842 3600 per
883 3541 1274 3601 competentem
1319 3533 1546 3587 iudicem
1593 3533 1643 3586 in
1685 3533 1900 3601 scriptis

330 3599 921 3682 manifestaveritﬂuod
940 3601 1456 3682 hninstnodi‘tnnnus
1482 3599 1902 3682 suasponte—re-

325 3668 491 3741 cepit.
520 3671 584 3724 Et
610 3678 735 3724 tunc
763 3668 902 3724 circa
939 3670 1096 3724 aliam
1127 3671 1349 3724 tutelam
1379 3668 1761 3741 praeiudicium
1789 3686 1899 3726 non

326 3739 584 3808 patiatur.

402 3828 490 3903 εις
534 3829 859 3903 Derecrlesiis
884 3833 938 3886 in
964 3832 1111 3888 rebus
1140 3833 1361 3903 propriis
1374 3832 1665 3903 constitutis
1687 3842 1736 3887 et
1764 3835 1899 3890 inter

326 3900 544 3956 heredes
571 3902 768 3955 divisis.
803 3899 1072 3956 Perlatutn
1103 3899 1170 3956 ad
1200 3899 1297 3956 nos
1326 3909 1428 3965 est,
1460 3904 1604 3968 quod
1633 3902 1772 3957 inter
1801 3906 1896 3959 lte-

328 3971 488 4025 redes
503 3970 761 4025 ecclesiae
780 3971 835 4023 in
864 3972 1023 4026 rebus
1053 3972 1281 4040 propriis
1308 3970 1634 4040 constitutae
1657 3971 1900 4040 dividan-

326 4050 440 4105 tur,
491 4045 547 4093 et
577 4047 719 4092 tanta
762 4054 858 4160 per
883 4038 1108 4094 eandem
1140 4038 1454 4095 divisionem
1483 4039 1727 4095 simultas
1752 4038 1898 4096 oria-

327 4119 438 4160 tur.
470 4116 527 4160 ttt
556 4110 713 4160 unius
732 4122 762 4160 a
788 4109 916 4160 taris
940 4118 1192 4160 quattuor
1210 4108 1555 4160 nartesliant.
1578 4116 1635 4160 et
1659 4110 1898 4160 sintmlae

327 4119 438 4170 tur,
470 4116 527 4160 ut
556 4108 916 4178 uniusaltaris
940 4118 1192 4178 quattuor
1210 4119 1392 4177 partes
1404 4108 1555 4170 fiant.
1578 4116 1635 4178 et
1659 4110 1900 4178 singulae

326 4186 516 4246 partes
553 4176 789 4244 singulos
806 4176 1046 4247 habeant
1082 4176 1432 4244 presbiteros;
1485 4177 1627 4247 quod
1649 4176 1767 4233 sine
1793 4181 1901 4235 dis-

325 4247 514 4317 cordia
563 4255 621 4317 et
663 4246 935 4308 simultate
972 4247 1117 4301 nullo
1157 4247 1318 4303 modo
1359 4251 1470 4317 geri
1510 4246 1712 4316 potest.
1746 4248 1899 4304 Unde

326 4315 493 4386 nobis
526 4316 698 4369 visum
726 4325 826 4386 est,
868 4317 1012 4386 quod
1058 4315 1423 4386 huiuscemodi
1463 4315 1721 4375 ecclesiae
1761 4318 1899 4374 inter

326 4384 559 4440 heredes
587 4384 746 4439 dividi
794 4384 902 4439 non
930 4385 1182 4441 debeant.
1227 4384 1291 4440 Et
1324 4389 1368 4441 si
1406 4388 1463 4442 in
1500 4387 1895 4442 contentionem

327 4455 600 4519 venerint,
639 4464 694 4510 et
731 4454 1033 4525 simultates
1064 4455 1337 4525 intereas
1357 4455 1688 4514 surrexerint
1713 4496 1731 4524 ,
1799 4471 1895 4525 per

324 4536 466 4595 quas
492 4524 744 4578 sacerdos
789 4539 887 4595 suo
917 4524 990 4578 ibi
1019 4523 1194 4579 oﬂicio
1216 4524 1360 4595 iungi
1383 4542 1487 4581 non
1518 4523 1895 4595 possitpprae-

326 4591 562 4663 cipiatur
608 4595 675 4647 ab
729 4593 981 4663 episcopo
1026 4594 1279 4663 civitatis,
1321 4591 1394 4649 ‘ut
1417 4591 1566 4650 nullo
1610 4591 1769 4649 modo
1820 4594 1894 4649 ibi

328 4661 617 4731 missarum
680 4661 975 4731 solempnia
1027 4662 1368 4718 celebrentur
1401 4705 1417 4731 ,
1489 4667 1660 4720 donec
1706 4664 1779 4718 illi
1826 4664 1895 4719 ad

326 4730 678 4803 concordiam
708 4730 932 4803 redeant
957 4774 971 4796 ,
1003 4741 1057 4789 et
1085 4733 1200 4801 pari
1232 4742 1355 4787 voto
1377 4742 1539 4803 atque
1560 4734 1785 4788 consilio
1806 4748 1896 4787 ec-

325 4799 498 4853 clesia
525 4800 617 4871 illa
662 4802 991 4871 sacerdotem
1030 4799 1291 4857 canonice
1328 4799 1516 4858 habeat
1540 4842 1557 4870 ,
1587 4803 1680 4871 qui
1727 4803 1896 4857 libere

327 4883 489 4923 suum
515 4870 861 4926 ministerium
893 4870 963 4924 ibi
984 4884 1238 4941 peragere
1257 4873 1443 4940 possit.

400 4955 491 5012 53.
535 4955 613 5033 lie
632 4958 737 5033 itis,
762 4960 850 5033 qui
874 4960 1054 5033 bisaut
1084 4968 1159 5013 ter
1182 4958 1246 5033 ab
1260 4962 1531 5033 episcopis,
1546 4960 1898 5033 ignorantibus

327 5038 506 5082 tamen
533 5027 721 5099 eisdem
747 5031 999 5098 episcopis
1018 5068 1039 5099 ,ν
1080 5027 1466 5099 conﬁrmentur.
1498 5027 1704 5087 Dictum
1747 5032 1900 5087 nobis

332 5105 439 5171 est.
485 5098 629 5171 quod
658 5099 872 5166 quidam
897 5098 1150 5171 de_pl_ebo
1176 5098 1258 5171 bis
1286 5109 1489 5171 autrter
1515 5101 1583 5155 ab
1605 5101 1894 5171 episcopis,

335 5165 705 5237 ignorantibus
739 5175 916 5222 tamen
938 5165 1137 5222 eisdem
1167 5170 1461 5237 episcopis,
1492 5165 1893 5224 confirmeniur.

382 5234 488 5288 nde
516 5236 669 5290 nobis
697 5238 870 5291 visum
899 5244 1004 5300 est,
1034 5234 1733 5293 candentcontlrmationem
1760 5238 1898 5292 sicut

331 5318 438 5377 nec
465 5304 789 5377 baptismum
811 5306 995 5377 iterari
1023 5308 1239 5361 minime
1263 5307 1489 5377 debere;
1517 5309 1641 5375 quia
1655 5307 1780 5374 hos,
1804 5310 1895 5377 qui

331 5373 418 5428 bis
447 5373 550 5428 vel
576 5377 803 5444 amplius
831 5376 1169 5447 baptizantur
1212 5383 1304 5431 aut
1332 5373 1720 5432 conﬁrmantur
1741 5418 1755 5442 ,
1787 5373 1895 5430 non

536 1779 613 1860 De
639 1795 699 1834 re
833 1794 918 1860 res
956 1780 1201 1860 ecqiesiae
1246 1797 1365 1860 per“
1380 1781 1566 1860 falsam
1609 1782 1895 1860 precariam
1933 1754 1975 1812 Β

2003 465 2150 539 ricaii
2183 466 2580 539 religiosissime
2606 469 2849 539 famulari
2879 465 3168 539 decretntn'
3180 480 3280 539 est.

2070 530 2156 587 53.
2202 530 2306 609 ρι’
2320 536 2523 609 clericis
2543 538 2612 591 ad
2635 538 2835 593 tabulas
2878 538 3187 594 ludentibus.
3234 536 3290 594 Si
3318 536 3435 609 quis
3449 536 3550 596 clr-

1997 602 2142 659 ricus
2167 604 2233 657 ad
2278 605 2487 661 tabulas
2512 607 2657 681 ludai
2696 610 2780 681 vel
2803 610 3123 681 spectaculis
3166 602 3558 681 atlend‘at,‘p_er

2001 681 2110 727 tres
2133 689 2301 727 annos
2326 689 2354 746 ξι
2403 690 2558 730 sacro
2586 674 2879 732 ministerio
2909 678 3273 746 prohibeatur.
3316 674 3380 733 Et
3404 674 3449 734 si
3467 674 3558 734 di-

1997 754 2153 810 gnam
2187 743 2784 809 poenitentiamfecerit,
2813 743 3204 801 reconciiictur.

2070 809 2155 863 54.
2199 810 2278 864 De
2329 813 2407 865 Itis
2437 852 2452 876 ,
2492 816 2578 883 qui
2618 832 2875 868 servorum
2919 816 3250 869 matrimonia
3288 817 3557 871 dirimunt.

2002 879 2205 952 Dictum
2234 891 2317 952 est
2358 879 2529 947 nobis,
2560 885 2700 951 quod
2745 886 2956 952 quidam
3002 886 3235 952 legitima
3282 896 3559 940 servomm

1999 950 2335 1023 matrimonia
2369 954 2688 1023 potestativa
2741 950 2966 1021 quadam
3021 950 3455 1023 praesumptione
3483 955 3564 1023 di-_

1999 1015 2227 1092 rimam,
2262 1015 2400 1092 _noni
2426 1015 2773 1075 adtendentes
2816 1023 2941 1076 illud
2974 1015 3343 1092 etiangelicnm
3373 1039 3385 1076 :
3412 1019 3564 1086 Quod

2005 1084 2139 1139 Deus
2160 1088 2447 1154 coniunxit,
2482 1092 2630 1143 hom-t
2654 1107 2755 1145 non
2787 1102 3006 1159 separet.
3033 1084 3181 1146 Unde
3208 1090 3360 1147 nobis
3388 1084 3560 1147 visum

1998 1162 2115 1226 est,
2147 1164 2204 1208 ut
2230 1158 2472 1226 coniugia
2517 1173 2791 1213 servorum
2834 1158 2939 1214 non
2977 1160 3323 1226 dirimantttr,
3356 1163 3565 1217 etiamsi

1996 1223 2241 1279 diversos
2268 1225 2510 1298 dominos
2540 1228 2800 1288 habeant;
2831 1231 2922 1283 sed
2945 1230 2996 1282 in
3040 1246 3143 1281 uno
3169 1223 3422 1298 coningio
3443 1244 3564 1296 per-

2002 1303 2276 1347 manentes
2297 1294 2524 1349 dominis
2545 1298 2655 1351 suis
2679 1298 2930 1351 serviant.
2964 1302 3027 1351 Iit
3049 1299 3150 1352 hoc
3174 1299 3224 1351 in
3248 1294 3359 1353 illis
3378 1294 3563 1353 obser-

1997 1361 2231 1436 vandum
2260 1370 2359 1436 est,
2385 1366 2473 1417 ubi
2497 1365 2681 1432 legalis
2710 1369 3016 1422 coniunctio
3042 1366 3140 1421 l‘uit
3161 1374 3215 1421 et
3243 1383 3339 1436 per
3365 1366 3561 1423 volun-

1996 1436 2162 1483 tatem
2194 1432 2548 1487 dominorum.

2070 1497 2155 1575 ξδ’.
2195 1500 2267 1554 De
2295 1502 2374 1554 his
2402 1504 2724 1575 quipteniter
2742 1514 2951 1575 peccata
2976 1522 3079 1560 non
3107 1507 3436 1575 conﬁtentur.
3458 1505 3565 1562 Srd

1999 1575 2054 1620 et
2078 1568 2187 1644 hoc
2243 1568 2617 1644 emendatione
2672 1568 2910 1641 indigere
2961 1568 3362 1644 perspeximus,
3419 1576 3565 1644 quod

2000 1637 2090 1704 qui
2111 1637 2239 1711 lam,
2270 1638 2395 1711 dum
2424 1641 2746 1711 confitentur
2774 1637 2990 1711 peccata
3035 1637 3127 1698 sua
3177 1637 3565 1710 sacerdotibus,

2006 1720 2109 1758 non
2128 1705 2296 1777 plene
2343 1708 2394 1760 id
2426 1707 2644 1764 faciunt.
2702 1705 2833 1777 Quia
2874 1726 3003 1777 ergo
3024 1721 3236 1767 constat
3295 1705 3566 1769 hominem

1998 1788 2066 1828 ex
2104 1776 2309 1829 duabus
2353 1790 2472 1830 esse
2504 1776 2831 1842 substantiis.
2877 1776 3052 1834 anima
3084 1780 3221 1834 videl
3245 1788 3333 1836 cet
3374 1791 3569 1838 etcor-

1999 1855 2150 1911 pore,
2175 1852 2231 1897 et
2259 1844 2525 1899 interdum
2567 1849 2730 1903 animi
2762 1858 2930 1911 motu,
2964 1848 3229 1904 interdum
3258 1851 3436 1907 carnis
3464 1852 3569 1906 fra—

1999 1911 2205 1990 gilitate
2225 1922 2513 1982 peccatur:
2540 1916 2745 1990 snllerti
2776 1916 3334 1990 indagatione‘debent
3364 1921 3562 1990 inquiri

1998 1981 2112 2056 ipsa
2144 1981 2382 2050 peccata,
2414 1992 2474 2037 ut
2521 2000 2588 2056 ex
2635 1988 2874 2056 utrisque
2903 1981 3075 2055 plena
3119 1988 3212 2041 fiat
3258 1981 3561 2045 confessio:

1997 2049 2203 2104 scilicet
2231 2058 2288 2104 ut
2328 2066 2390 2105 ea
2420 2049 2802 2127 confiteantur;
2839 2049 2979 2127 quae
3023 2071 3119 2127 per
3171 2072 3365 2126 corpus
3414 2059 3565 2127 gesta

1997 2127 2141 2191 sunt,
2166 2129 2223 2173 et
2264 2134 2363 2191 ea,
2408 2123 2601 2187 quibus
2645 2125 2696 2177 in
2722 2125 2836 2178 sola
2859 2123 3189 2191 cogitatione
3215 2123 3566 2191 delinquitur.

2000 2186 2347 2262 instruendus
2369 2199 2451 2262 est,
2469 2191 2649 2262 itaque
2671 2186 3010 2261 peccatorum
3025 2210 3242 2249 suorum
3266 2186 3564 2262 confessor,

1999 2263 2059 2331 ιιι
2102 2254 2330 2331 deocto
2371 2254 2752 2331 principalibus
2778 2263 2958 2331 vitiis,
3007 2264 3121 2317 sine
3150 2265 3342 2331 quibus
3380 2264 3432 2318 in
3465 2254 3565 2322 hac

1998 2323 2115 2402 vita.
2133 2323 2347 2402 diiiicile
2371 2323 2613 2397 'vivitu'r,
2634 2323 3049 2402 confessionem
3080 2323 3267 2397 faciat;
3319 2334 3443 2402 quia
3470 2344 3566 2391 aut

1999 2394 2343 2472 cogitatione,
2370 2406 2483 2462 aut,
2506 2394 2647 2519 qitod
2675 2409 2757 2453 est
2784 2401 3017 2468 gravius,
3040 2415 3205 2469 opere
3234 2394 3421 2457 eorum
3472 2404 3561 2459 in~

1999 2471 2192 2515 structu
2222 2466 2480 2519 peccavit.
2561 2468 2702 2519 .lium
2726 2468 2941 2519 etenim.
2968 2468 3183 2519 invidia.
3207 2473 3454 2519 sunerhia
3477 2475 3561 2519 vel

1996 2466 2480 2541 stiactupeccavit.
2498 2466 2702 2541 ﬁdium
2726 2466 2941 2531 etenim,
2968 2466 3183 2532 invidia,
3207 2473 3454 2541 superbia
3477 2475 3563 2528 vel

1998 2541 2146 2609 certe
2205 2533 2530 2588 huiscemodi
2554 2538 2770 2609 animae
2818 2548 2995 2606 pestes
3024 2547 3174 2594 tanto
3204 2533 3565 2609 periculosius

2000 2599 2238 2675 laedunt,
2258 2612 2460 2668 quanto
2488 2604 2733 2675 subtilius
2759 2599 2999 2675 serpunt.

2071 2666 2153 2722 56.
2196 2666 2481 2727 Desunctis
2505 2674 2754 2728 ecclesiis.
2778 2666 2962 2730 Nu'llus
2973 2676 3071 2731 sub
3101 2677 3339 2733 Romana
3364 2678 3570 2738 ditione

2000 2739 2324 2816 conSIittttae
2368 2744 2630 2797 ecclesiae
2666 2745 3138 2816 velsynodocltiae
3168 2748 3251 2802 vel
3296 2759 3568 2806 monaste-

1999 2808 2199 2886 riormn
2220 2815 2700 2886 _lfectores,_earum
2735 2808 2846 2867 rein
2876 2815 3201 2886 immobilem
3228 2831 3565 2886 nequaquam

1998 2875 2158 2930 liceat
2185 2876 2438 2957 alienare,
2470 2875 2538 2933 id
2564 2889 2647 2934 est
2677 2894 2861 2957 agrum
2886 2922 2902 2947 ,
2923 2882 3149 2957 domum
3173 2922 3190 2948 ,
3222 2875 3571 2957 mancipium,

2002 2959 2168 3012 panes
2210 2945 2424 3023 civiles,
2465 2962 2638 3023 neque
2684 2945 2937 3023 creditori
2979 2945 3262 3021 obligare:
3296 2945 3570 3023 (alienatin

1998 3023 2088 3094 est
2108 3014 2364 3094 venditio,
2387 3014 2625 3094 donatio,
2647 3021 2990 3094 permutatio,
3020 3014 3419 3094 em'phiteoseos
3440 3014 3566 3094 per;

1925 3089 1971 3151 (ζ
2001 3091 2194 3155 petitus
2233 3086 2560 3155 contractus)
2592 3101 2776 3141 omnes
2805 3089 3023 3143 omnino
3048 3086 3299 3146 convenit
3332 3100 3387 3146 ut
3413 3086 3473 3149 se
3500 3096 3568 3152 ab

2002 3154 2367 3232 huiuscemodi
2413 3155 2739 3209 alienatione
2787 3157 3111 3232 abstineant.
3143 3159 3384 3217 Tabellio
3413 3177 3568 3232 vero,

2000 3222 2244 3298 quitalia
2269 3225 2621 3298 instrumenta
2651 3228 3068 3298 conscripserit,
3102 3240 3361 3298 perpetuo
3405 3222 3570 3290 exilin

2001 3291 2259 3345 tradatur.
2295 3294 2628 3362 Magistratus
2655 3295 2678 3325 ⁸
2704 3309 2833 3350 vero
2866 3291 3118 3363 iudices;
3142 3291 3228 3364 qui
3263 3302 3387 3355 talia
3429 3312 3572 3358 stru-

2000 3369 2179 3433 menta
2221 3366 2593 3417 consenserint
2641 3365 2682 3428 ⁸,
2735 3373 2790 3419 et
2832 3365 3143 3433 dignitatem
3189 3376 3243 3422 et
3288 3370 3573 3429 facultates

2000 3431 2269 3484 amittant.

2071 3497 2160 3575 _57.
2193 3499 2286 3575 De
2309 3501 2390 3553 Itis
2418 3503 2509 3575 qui
2535 3503 2852 3575 solummodo
2886 3503 3123 3573 conﬁteri
3157 3505 3262 3559 Deo
3298 3506 3319 3538 ⁶
3361 3520 3573 3575 peccata

1998 3567 2182 3622 debere
2233 3567 2437 3624 dicunt.
2476 3572 2701 3638 Quidam
2752 3572 2864 3626 Deo
2921 3567 3259 3630 solummodo
3323 3567 3572 3636 confiteri

1999 3638 2198 3710 debere
2244 3639 2433 3710 dicunt
2476 3649 2694 3710 peccata
2719 3681 2733 3706 ,
2778 3641 2990 3709 quidam
3022 3656 3152 3698 vero
3199 3647 3571 3706 sacerdotibus

1996 3706 2302 3784 conﬁtenda
2322 3723 2454 3784 esse
2470 3706 2810 3779 percensent.
2835 3710 2988 3784 qud
3020 3722 3304 3784 utrumque
3328 3731 3434 3771 non
3456 3720 3576 3777 sine

2000 3790 2195 3845 magno
2236 3775 2411 3833 fructu
2441 3775 2576 3833 intra
2621 3775 2950 3835 sanctam’tit
2975 3775 3284 3849 ecclesiam,
3336 3786 3410 3840 ita
3434 3775 3574 3844 dun;

2001 3852 2152 3922 laxant
2196 3858 2256 3900 ut
2309 3857 2366 3901 et
2402 3849 2535 3913 Deo,
2570 3864 2600 3903 a
2646 3864 2753 3916 quo
2794 3849 3036 3903 remissio
3088 3860 3170 3922 est
3197 3864 3569 3922 peccatorum,

1998 3914 2352 3985 conﬁteamur
2374 3925 2590 3985 peccata
2619 3914 2819 3979 nostra,
2848 3924 3046 3971 etcum
3090 3914 3256 3974 David
3283 3923 3525 3980 dicamus
3553 3914 3567 3978 Ξ

2001 3981 2255 4055 Delictum
2277 3981 2443 4039 meum
2470 3987 2728 4052 cognitum
2759 3985 2848 4039 tibi
2876 3988 2975 4055 feci
2995 3994 3044 4039 et
3080 3988 3386 4044 iniustitiam
3404 4008 3570 4048 meam

2000 4068 2102 4106 non
2129 4053 2394 4124 abscondi.
2426 4055 2544 4108 Dixi
2578 4072 2591 4107 :
2631 4053 2911 4124 conﬁtebor
2936 4056 3180 4109 adversus
3200 4060 3572 4116 meiniustitios

1999 4138 2140 4175 meas
2173 4121 2433 4185 Domino;
2460 4134 2511 4177 et
2538 4134 2589 4176 tu
2612 4121 2851 4177 remisisti
2877 4125 3185 4191 impietatem
3225 4130 3420 4190 peccati
3448 4133 3569 4186 mei.

2003 4191 2068 4244 Et
2095 4193 2389 4246 secundum
2419 4194 2646 4261 apostoli
2677 4194 3067 4247 institutionem
3113 4194 3465 4253 conliteamur
3492 4202 3570 4255 al-

2002 4269 2261 4336 terutrum
2288 4270 2540 4336 peccata_
2568 4272 2774 4336 nostra,
2827 4271 2882 4316 et
2925 4277 3161 4336 oremus
3181 4279 3278 4333 pro
3319 4267 3571 4336 invicem,

2001 4339 2060 4385 ut
2083 4330 2368 4384 salvemur.
2398 4330 2676 4386 Confessio
2701 4332 2881 4399 itaque
2901 4370 2919 4407 ε
2958 4345 3099 4407 quae
3131 4330 3240 4407 Deo
3271 4336 3347 4401 fit,
3382 4330 3574 4407 purgat

1922 4416 1974 4479 ῃ
2003 4408 2253 4480 peccata;
2284 4414 2541 4480 ea‘vero,
2571 4416 2710 4470 quae
2735 4400 3001 4480 sacerdoti
3032 4401 3089 4452 tit
3111 4442 3127 4466 ,
3155 4401 3315 4480 docet
3337 4400 3574 4480 qualiter

2000 4469 2116 4537 ipsa
2145 4476 2440 4540 purgantur
2467 4469 2686 4540 peccata
2721 4487 2734 4523 :
2769 4469 2907 4540 Dens
2937 4482 3166 4537 namque
3193 4469 3381 4530 salutis
3415 4487 3468 4531 et
3485 4492 3573 4533 sa-

2001 4539 2185 4592 nitatis
2222 4546 2413 4614 auctor
2455 4539 2515 4614 et
2548 4539 3124 4614 iargtior_plcrumque
3171 4540 3312 4614 hanc
3351 4549 3573 4614 praebet

1999 4609 2426 4686 sua_e_potentiae
2455 4607 2704 4686 invisibili
2732 4607 3215 4681 administratione,
3255 4607 3574 4686 plerumque

2000 4676 2329 4747 medicorum
2367 4678 2696 4747 operatione.
3200 4676 3210 4681 ⁷
3255 4676 3277 4683 “
3340 4718 3355 4735 .

2071 4744 2161 4800 58.
2204 4746 2363 4817 Quodﬁ
2380 4744 2715 4816 personarum
2754 4747 2980 4817 acceptio
3004 4747 3058 4800 in
3078 4750 3312 4807 omnibus
3348 4753 3575 4809 cavenda

2000 4818 2067 4871 sit
2086 4817 2308 4870 iudiciis.
2335 4816 2469 4882 Quia
2497 4817 2659 4893 igitur
2683 4816 2928 4893 apostolo
2951 4824 3180 4893 testante
3206 4836 3328 4893 non!
3344 4831 3431 4876 est
3449 4838 3574 4893 per-

2003 4900 2257 4941 sonarum
2308 4888 2547 4955 acceptio
2600 4888 2739 4955 apud
2774 4888 2960 4952 Deum,
3000 4894 3057 4938 et
3095 4889 3149 4941 in
3168 4890 3416 4945 omnibus
3437 4888 3574 4946 iudi-

2005 4958 2101 5011 ciis
2128 4956 2363 5027 cavenda
2397 4967 2499 5020 est,
2521 5025 2530 5027 _
2552 4957 2720 5027 multo
2749 4956 2916 5022 magis
2944 4956 2996 5027 in
3054 4958 3157 5012 hoc
3204 4960 3570 5027 poenitentiae

2006 5025 2200 5080 iudicio
2226 5025 2534 5096 praecaveri
2561 5025 2750 5096 debet,
2780 5034 2841 5096 ιιι
2888 5025 3061 5096 nullus
3086 5025 3423 5082 sacerdotum
3453 5043 3577 5083 Im-

2003 5109 2162 5163 quam
2190 5093 2284 5149 aut
2306 5094 2474 5161 gratia
2500 5101 2592 5166 aut
2624 5093 2747 5146 odio
2775 5093 2996 5166 alicuius
3024 5104 3286 5166 personae
3311 5111 3470 5151 secus
3493 5098 3576 5152 iu-

2004 5162 2169 5232 dicet,
2190 5178 2349 5233 quam
2380 5163 2522 5231 quod
2567 5164 2619 5217 in
2648 5162 2943 5216 canonibus
2973 5162 3142 5220 sacris
3188 5164 3452 5220 invenerit
3480 5176 3576 5221 aut

2004 5234 2147 5302 quod
2176 5234 2252 5287 illi
2296 5234 2315 5264 ⁷
2360 5233 2653 5303 secundum
2693 5242 2998 5303 sanctarum
3045 5234 3432 5303 scripturarum
3471 5251 3573 5290 au-

2002 5300 2310 5358 ctoritatem
2357 5310 2413 5357 et
2440 5300 2858 5356 ecclesiasticam
2888 5300 3330 5360 consuetudinem
3375 5307 3575 5363 rectius

2001 5374 2171 5428 visum
2204 5370 2383 5427 fuerit.
2433 5369 2489 5424 Si
2517 5383 2648 5439 ergo
2678 5369 2894 5440 medici,
2926 5374 3016 5443 qui
3044 5374 3360 5445 corporibus
3401 5375 3572 5445 medi-

1546 5486 1935 5543 VABIANTES
1972 5482 2374 5540 LEGTIONES.

414 5595 427 5610 ε
457 5580 871 5662 ςκριεειειιιῃιρ.
947 5582 1390 5662 j‘superifripium
1430 5589 1750 5636 creaverunt
1788 5580 1854 5635 G.

335 5650 544 5702 suerint
571 5649 637 5704 G.
713 5651 735 5681 '
760 5651 901 5705 deest
944 5650 1007 5706 (ἰ.
1059 5649 1091 5683 ⁷⁷
1122 5651 1227 5705 illis
1254 5649 1322 5704 υ.

1947 5579 1968 5610 ⁸
1996 5579 2311 5635 conceditur
2339 5577 2457 5631 Bal.

2546 5577 2567 5606 δ
2597 5575 2737 5628 deest
2772 5574 2839 5629 G.
2916 5576 2938 5607 ³
2961 5574 3230 5631 censerint
3263 5591 3403 5634 corr.
3442 5593 3575 5639 cen-
