4034 6182
452 216 562 274 879

1381 210 1438 264 Β.
1469 206 1714 262 CABOLI
1755 206 1963 261 MAGNI
2004 207 2152 262 OPP.
2198 209 2418 264 PAllSl
2458 210 2697 266 SECTlO
2735 210 2779 265 1.

3580 212 3678 271 sso

457 330 630 384 cinam
658 322 853 394 inferre
880 328 1139 394 conantur
1159 361 1175 388 ,
1221 334 1554 394 nequaquam
1586 327 1804 388 pr0pter
1833 334 2016 394 perso-
2043 324 2096 382 Α
2191 318 2277 372 64.
2320 318 2467 382 Quod
2504 322 2734 394 quidam
2755 320 3058 394 presbiterist
3083 319 3272 394 absque
3298 339 3552 378 consensa
3578 330 3683 394 epi-

459 410 560 452 nae
583 391 1249 461 cuiuslibetacceptioneni
1275 391 1536 461 liis,quos
1565 403 1754 461 sanare
1774 389 2015 461 cupiunt,

460 467 701 520 cauterio
747 470 840 514 aut
868 458 1131 515 ferro'aut
1158 460 1303 514 duris
1350 458 1465 513 aliis
1510 458 1833 527 quibuslibet
1863 458 2021 527 rebus

460 539 723 604 pari-unt;
753 528 921 604 multo
944 530 1112 604 magis
1133 531 1211 583 his
1239 526 1633 604 observandum
1654 536 1754 583 est.
1790 526 1879 604 qui
1912 541 2020 580 non

457 597 786 669 corporum,
833 599 924 654 sed
973 597 1267 669 animarum
1318 597 1504 669 medici
1536 597 2023 669 existuntuNeque

460 665 731 740 pensanda
774 675 857 740 est
893 668 1218 740 poenitentia
1256 668 1552 740 quantitate
1599 665 1884 740 temporis,
1926 665 2021 720 sed

460 735 651 794 ardore
673 739 865 791 mentis
881 735 948 803 et
976 737 1382 791 mortilicatione
1411 735 1667 803 corporis.
1705 749 1719 784 i
1744 750 1809 788 or
1837 745 2016 788 autem

462 806 749 863 contritum
773 815 828 859 et
856 800 1184 859 h‘umiliatum
1210 805 1350 860 Deus
1379 820 1482 858 non
1510 800 1732 873 spernit.

534 875 619 930 5i).
662 875 741 929 De
760 877 1023 929 monachis
1049 884 1098 928 et
1120 873 1499 929 sanctimonilili
1522 872 1611 925 ius.
1644 873 1810 926 Nemo
1830 872 2025 926 audeat

462 946 782 1002 monachum
813 945 895 998 vel
940 945 1367 999 sanctimoniales
1401 942 1621 995 feminas
1664 940 1730 994 ad
1763 940 1919 995 civile
1943 942 2025 994 in-

462 1016 659 1071 dicium
689 1028 972 1075 accusare,
998 1012 1089 1067 sed
1119 1014 1185 1064 ad
1231 1014 1570 1081 episcoiium;
1602 1019 1655 1064 et
1679 1011 1790 1078 ipse
1818 1025 1881 1063 ex
1909 1011 2025 1079 lege

464 1087 550 1140 vel
595 1083 885 1138 canonibus
926 1091 1338 1136 consentaneum
1403 1081 1722 1134 sententiam
1768 1081 2025 1148 proferat.

463 1152 609 1208 Haec
650 1167 838 1206 omnes
866 1153 1101 1221 episcopi
1130 1151 1433 1221 custodiant
1457 1160 1510 1203 et
1531 1163 1718 1221 omnes
1766 1148 2024 1218 praefecti

463 1222 688 1278 Romani
715 1229 770 1275 et
796 1218 1071 1289 plaetorius
1124 1220 1300 1286 p0pnli
1345 1227 1399 1272 et
1442 1218 1831 1289 provinciarum
1874 1233 2028 1283 prae-

464 1293 627 1353 sides,
675 1298 735 1344 ut
773 1298 961 1344 curent
1000 1289 1158 1344 citius
1206 1289 1587 1342 monachorum
1637 1294 1692 1341 et
1733 1289 2023 1341 sanctimo-

466 1362 682 1416 nialium
709 1358 831 1413 lites
872 1360 1140 1413 dirimere.
1187 1359 1242 1411 Si
1273 1358 1392 1425 quis
1419 1357 1557 1409 hanc
1591 1356 2025 1410 constitutionem

465 1430 777 1504 violﬁerit,
832 1429 884 1481 in
912 1424 1470 1504 niagistratqpositus
1494 1424 1682 1504 decem
1721 1426 1748 1504 ‘_
1774 1424 2025 1504 librarum

466 1500 581 1553 auri
618 1513 786 1567 poena
836 1494 1164 1551 multabitur.
1194 1497 1247 1550 Si
1272 1494 1688 1567 'exsecutorest,
1735 1494 1787 1547 in
1829 1494 2030 1567 catenis

466 1561 812 1624 ecclesiarum
850 1567 1157 1621 recludatur
1184 1580 1385 1635 poenas
1417 1564 1662 1630 luiturus,
1713 1572 1767 1617 et
1794 1561 2028 1618 allii-ium

465 1641 672 1707 perdat.

539 1685 815 1768 iiOTQuod
859 1704 1007 1758 multi
1034 1702 1419 1774 inpoenitentia
1469 1702 1665 1774 deliciis
1708 1700 2026 1774 indulgeant.
2067 1685 2107 1742 Β

468 1774 642 1841 Multi,
670 1774 813 1843 quod
851 1789 957 1827 non
998 1772 1116 1828 sine
1149 1772 1640 1843 doloreuiceudum
1672 1778 1753 1825 est
1776 1810 1792 1836 ,
1820 1772 1869 1823 in
1895 1785 2028 1839 poc-

469 1842 699 1899 nitentia
719 1860 822 1897 nou
856 1853 960 1895 tam
992 1844 1190 1909 peccati
1225 1842 1611 1907 remissionem,
1641 1854 1799 1906 quam
1825 1849 2031 1908 tenipo-

468 1915 541 1968 ris
569 1913 840 1990 constituti
878 1921 1177 1990 expectant
1197 1912 1587 1990 expletioneni;
1612 1917 1672 1990 et
1700 1910 1743 1962 si
1793 1912 2031 1990 carnium

469 1992 523 2036 et
554 1984 657 2035 viui
691 1998 813 2034 usus
844 1982 921 2035 eis
965 1979 1276 2035 interdictus
1304 1990 1404 2044 est,
1459 1985 1661 2031 mutata
1702 1994 1808 2031 non
1843 1979 2031 2031 volnu—

470 2061 600 2111 tate.
624 2052 714 2104 sed
738 2051 971 2104 eiusdem
996 2051 1097 2103 cibi
1122 2059 1211 2102 aut
1228 2056 1385 2117 potus
1397 2048 1739 2117 perceptione
1763 2048 1812 2100 in
1829 2059 2031 2100 tantum

467 2121 670 2174 deliciis
698 2125 807 2173 suis
856 2119 1145 2186 indulgent,
1199 2116 1254 2171 ut
1300 2116 1594 2171 delitiosius
1637 2116 1720 2170 bis
1742 2118 2035 2170 interdictis

470 2190 695 2244 aliorum
743 2189 1087 2243 υἰὺυτυιιινιι
1145 2187 1417 2254 ι.οιί‹›ιιυιη
1450 2186 1688 2254 appetitu
1743 2188 1918 2239 vivere
1945 2201 2035 2239 (.0-

469 2271 812 2326 gnoscantur.
864 2258 1128 2326 Spiritalis
1171 2266 1348 2309 autem
1404 2255 1743 2326 abstinentia,
1797 2270 1933 2321 quae
1982 2255 2034 2308 in

471 2324 867 2396 poenitentibus
898 2324 1228 2395 potissimum
1261 2326 1436 2389 tigere
1472 2324 1669 2388 debet,
1702 2332 1756 2396 et
1794 2338 2035 2396 quorun-

470 2392 590 2448 ilam
613 2398 850 2449 ciboru‘u
875 2392 937 2448 at:
952 2396 1225 2461 potionum
1240 2396 1609 2462 perceptiones
1637 2406 1690 2447 et
1712 2392 2035 2446 desiderium

474 2466 656 2532 fugere
684 2466 860 2518 debet.
897 2464 1018 2528 Ille,
1052 2465 1287 2531 inquam,
1341 2463 1428 2515 ille
1473 2463 1636 2530 magis
1680 2462 2039 2531 parsimoniae

472 2535 674 2587 servire
694 2534 989 2586 censendus
1002 2543 1098 2599 est,
1128 2533 1218 2599 qui
1248 2532 1347 2585 sibi
1376 2546 1482 2585 non
1503 2536 1673 2584 solum
1702 2532 2036 2599 quarundam

475 2618 651 2655 rerum
681 2602 1083 2669 perceptiones,
1125 2601 1219 2655 sed
1248 2600 1634 2656 delectationes
1678 2604 1919 2669 corporis
1944 2615 2038 2669 pe-

476 2672 618 2725 nitus
648 2671 938 2724 interdicit.

542 2742 628 2793 6t.
676 2740 749 2792 De
793 2738 890 2801 Itis,
914 2740 997 2806 qui
1026 2755 1091 2792 ea:
1135 2739 1387 2793 industria
1417 2747 1644 2807 peccant.
1679 2739 1782 2794 Seil
1812 2754 1909 2791 nec
1937 2736 2039 2793 hoc

475 2809 924 2879 praetereundum
981 2818 1248 2877 putamus.
1305 2809 1446 2875 quod
1504 2811 1718 2875 quidam
1782 2807 2037 2861 industria

478 2887 761 2949 peccantes
791 2888 1009 2949 propter
1054 2879 1455 2933 elim-isinarum
1505 2879 1833 2949 largitionem
1864 2893 2039 2949 quan-

475 2947 599 3002 dam
649 2947 749 3002 sibi
779 2948 1096 3015 promittunt
1141 2948 1513 3015 inpunitatem.
1567 2948 1849 3001 lilimosina
1897 2947 2039 2999 enim

2120 389 2821 470 scaporumLecclesiasdent
2852 394 2937 470 Avel
2962 392 3225 470 auferant.
3252 390 3533 470 Inventum
3582 389 3682 470 est,

2121 462 2263 530 quol
2295 459 2443 530 multi
2490 460 2691 530 arbitrii
2725 459 2809 512 sui
2848 463 3151 530 temeritate
3179 468 3252 522 et,
3283 463 3427 529 quod
3457 474 3543 516 est
3568 459 3687 530 κε·εὲ

2122 527 2271 591 vius,
2303 527 2447 581 ducti
2474 528 2764 600 cupiditate
2792 529 3103 600 presbiteris
3131 527 3456 600 quibuslibet
3480 527 3686 600 absque

2122 610 2385 666 consensu
2415 598 2805 666 episc0porum’
2833 598 3088 651 ecclesias
3116 598 3245 652 dant
3288 600 3371 654 vel
3416 598 3683 656 auferunt.

2126 665 2275 735 Unde
2328 674 2562 733 Oportet,
2601 665 2679 718 ’ut
2725 666 2983 719 canonica
3013 667 3197 735 regula
3227 679 3457 732 servata,
3513 674 3690 727 nullus

2122 734 2323 802 absque
2352 750 2613 789 consensu
2653 736 2884 802 episcopi
2933 734 3154 788 cuilibet
3182 739 3484 800 presbitero
3510 741 3686 794 eccle-

2125 804 2259 857 siam
2283 805 2375 856 det
2425 804 2593 869 Quam
2625 806 2668 857 si
2700 804 2894 858 iniuste
2934 805 3159 872 adeptus
3189 807 3369 873 fuerit,
3400 807 3541 862 hanc
3583 824 3688 863 non

2122 873 2241 927 sine
2265 873 2422 940 culpa
2465 887 2561 926 sua
2590 889 2770 927 coram
2801 875 3056 942 episc0po
3099 876 3354 930 canonica
3397 891 3494 931 sev
3525 878 3694 934 ritate

2128 942 2359 995 amittat.

2194 1008 2282 1063 65.
2329 1011 2401 1082 _De
2429 1009 2637 1082 Scottis,
2667 1012 2752 1080 qui
2781 1027 2837 1082 se
2855 1011 3117 1078 episcopos
3136 1027 3243 1065 esse
3262 1013 3440 1066 dicunt
3465 1023 3517 1066 et
3537 1030 3693 1082 quos-

2125 1079 2246 1149 dam
2287 1079 2473 1149 absque
2533 1079 2743 1149 licentia
2791 1081 3114 1134 dominorum
3162 1097 3369 1135 suorum
3425 1079 3693 1140 ordinant.

2125 1148 2261 1203 Sunt
2292 1151 2342 1200 in
2371 1148 2684 1216 quibusdam
2726 1148 2867 1222 iocis
2889 1149 3089 1222 Scotti,
3134 1150 3226 1216 qui
3266 1166 3327 1222 se
3367 1151 3563 1222 dicunt
3587 1155 3693 1222 epi-

2126 1233 2321 1284 scopos
2349 1232 2487 1284 esse,
2543 1228 2597 1270 et
2633 1218 2827 1272 multos
2856 1218 3194 1285 nglegentes
3238 1220 3440 1287 absque
3479 1218 3693 1276 lict-niis

2126 1287 2463 1340 dominorum
2490 1302 2706 1341 suorum
2736 1289 2850 1340 sive
2891 1290 3261 1354 magistrorum
3294 1290 3621 1354 presbiteros
3644 1300 3699 1346 et

2128 1356 2676 1430 diaconosordiuantt
2715 1356 2950 1430 Quorum
2974 1357 3394 1430 ordinationem,
3430 1360 3699 1430 quia.ple-

2128 1440 2353 1493 rumque
2383 1423 2435 1477 in
2486 1425 2831 1480 simoniacam
2883 1426 3066 1478 incidit
3110 1426 3352 1480 heresem
3409 1423 3467 1483 ei
3515 1423 3697 1484 nitiltis

2130 1494 2403 1547 erroribus
2447 1494 2710 1559 subiacet,
2743 1493 2913 1547 modis
2937 1495 3185 1548 omnibus
3224 1497 3431 1550 irritam
3458 1496 3575 1552 lieri
3603 1498 3701 1552 de-

2131 1563 2279 1622 bere,
2309 1577 2497 1616 omnes
2528 1579 2632 1615 uno
2679 1577 2941 1617 consensu
2969 1563 3322 1618 decrevimus.

2202 1631 2288 1685 66.
2335 1632 2409 1684 De
2428 1632 2694 1686 monachis
2723 1633 2887 1686 laicis.
2921 1631 2978 1686 Si
3015 1634 3307 1687 monachus
3334 1634 3503 1690 laicus
3531 1634 3703 1691 factus

2132 1699 2551 1783 f.ierit,.liont_ire.
2577 1710 2632 1753 et.
2656 1702 2871 1783 cingulo
2904 1702 3304 1783 expolieturnct
3329 1720 3415 1758 res
3441 1705 3559 1782 eius
3590 1721 3705 1761 uio-

2132 1771 2366 1823 naslerio
2416 1770 2735 1825 adiciantur.
2768 1770 2918 1836 Quod
2948 1770 2991 1825 si
3022 1772 3366 1826 monasticam
3421 1778 3590 1826 vitam
3621 1790 3705 1829 re-

2132 1839 2369 1906 liquerit,
2400 1854 2615 1907 praeses
2643 1842 2946 1909 provinciae
2969 1857 3086 1894 cuui
3127 1850 3338 1906 teneat,
3371 1851 3427 1896 et
3458 1852 3706 1900 taseotss

2133 1911 2214 1961 vel
2245 1910 2426 1961 curiae
2453 1924 2583 1961 suae
2614 1918 2982 1965 connumeret.

2204 1977 2290 2030 67.
2335 1977 2532 2047 Dii/lii,
2556 1978 2641 2047 qui
2694 1980 2748 2030 in
2779 1994 2937 2031 coena
2969 1977 3175 2032 Domini
3212 1980 3580 2035 eucharistiam
3612 1998 3706 2037 ne-

2132 2050 2359 2119 glegunt.
2406 2045 2467 2119 Διη
2507 2045 2676 2119 coena
2712 2047 2936 2119 Δυοιιιίηἰ
2985 2062 3013 2101 a
3056 2049 3372 2119 quihusdam
3428 2053 3708 2119 perceptio

2134 2116 2488 2170 eucharistiae
2518 2116 2834 2184 neglegitur.
2865 2124 3014 2181 Quae
3048 2118 3303 2184 quoniam
3330 2121 3380 2171 in
3404 2116 3608 2174 eadem
3622 2122 3709 2176 die

2136 2186 2203 2255 ab
2226 2185 2473 2255 omnibus
2501 2185 2767 2255 lidelibus,
2795 2188 3036 2255 exceptis
3058 2186 3157 2252 his,
3184 2188 3379 2254 quibus
3406 2204 3503 2255 pro
3525 2193 3709 2255 gravi-

2135 2253 2578 2324 buscriuiiuibus
2634 2253 3060 2317 inhibitum'est,
3115 2253 3460 2324 percipienda
3491 2253 3581 2322 sit.
3612 2277 3708 2312 ec-

2135 2323 2465 2396 clesiasticus
2495 2339 2619 2396 usus
2669 2324 3032 2396 demonstrat;
3075 2323 3198 2379 cum
3221 2323 3385 2379 etiam
3415 2329 3706 2396 poeniten-

2137 2401 2218 2465 t_es
2247 2393 2432 2465 cadem
2463 2394 2548 2447 die
2587 2401 2652 2448 ad
2680 2394 3024 2465 percipienda
3070 2396 3311 2462 corporis
3339 2404 3394 2450 et
3417 2393 3712 2465 sanguinis

2136 2462 2390 2516 dominici
2414 2462 2746 2516 sacramenta
2768 2462 3185 2517 reconcilientur
3206 2465 3247 2517 ².

2207 2530 2489 2604 68ηΩιροά
2522 2532 2804 2604 inﬁrmi“
2834 2533 3185 2604 aegrotioleo
3213 2533 3476 2587 benedicta
3519 2551 3711 2604 perun-

2138 2600 2325 2671 gneudi
2365 2602 2486 2653 sint.
2532 2600 2836 2655 secundum
2875 2600 3013 2655 ticali
3044 2602 3221 2657 Iacobi
3270 2600 3715 2671 apostoli'dotu-

2140 2670 2399 2732 mentum,
2448 2670 2532 2724 cui
2564 2673 2724 2724 etiam
2753 2671 2967 2725 decreta
2998 2681 3204 2739 patrum
3246 2670 3585 2736 consonant,
3630 2674 3712 2726 in-

2142 2740 2301 2811 tirmi'
2324 2740 2463 2811 oleo.
2485 2741 2635 2811 quod
2660 2741 2726 2793 ab
2756 2755 2803 2811 e,
2826 2741 3020 2809 isc0pis
3060 2739 3407 2811 benedicitnr,
3440 2757 3471 2795 a
3499 2744 3712 2811 presbi-

2143 2808 2269 2883 teris
2292 2809 2417 2883 ungi
2440 2809 2681 2883 debent.
2714 2808 2986 2883 Sic‘euiui
3032 2809 3105 2883 ait
3136 2827 3147 2860 :
3182 2808 3712 2883 Inﬁrinalttr—aliquis

2141 2879 2195 2931 in
2222 2877 2404 2930 vobis?
2433 2878 2641 2931 inducat
2669 2876 2972 2950 presbitercs
3001 2876 3280 2950 ecclesiae,
3318 2888 3367 2932 et
3395 2889 3542 2935 orent
3561 2876 3715 2950 super

2146 2962 2260 3000 eum
2280 2954 2561 3017 unguentes
2588 2962 2700 3000 eum
2727 2948 2835 3001 oleo
2858 2950 2907 3001 in
2934 2950 3135 3000 nomine
3167 2948 3406 3010 Domini;
3446 2960 3497 3004 et
3542 2948 3715 3005 oratio

475 3017 736 3085 extinguit
765 3010 1000 3084 peetvata,
1032 3016 1175 3070 iuxta
1198 3010 1326 3069 illud
1354 3034 1365 3068 :
1400 3014 1463 3085 lg
1483 3032 1578 3068 :em
1594 3016 1856 3068 ardentem
1876 3017 2041 3069 extiu-
2072 3010 2115 3073 C
2148 3017 2269 3085 ﬁdei
2293 3010 2509 3069 saivabit
2533 3016 2817 3085 inﬁrmum,
2857 3028 2905 3070 et
2947 3018 3184 3071 alteaabit
3212 3034 3325 3070 eum
3359 3020 3642 3083 Dominus;
3669 3028 3719 3074 et

476 3089 583 3157 guit
608 3102 763 3156 aqua,
789 3095 836 3157 et
865 3086 1129 3139 elimosina
1143 3086 1395 3154 extinguit
1425 3095 1653 3157 μεεαιιᾳἱ
1682 3085 1884 3157 sedeo,
1907 3100 2045 3151 quae

476 3154 572 3210 aut
601 3154 920 3209 necessitate
957 3163 1051 3209 aut
1078 3170 1216 3223 quae
1246 3170 1372 3209 casu
1403 3164 1495 3206 aut
1514 3155 1749 3223 qualibet
1777 3154 1908 3207 lluut
1936 3158 2041 3207 l'ra-

478 3226 701 3293 gilitate.
734 3226 806 3276 Ea
837 3238 986 3287 vero,
1015 3239 1152 3293 quae
1177 3238 1242 3277 ex
1274 3224 1525 3293 industria
1555 3223 1619 3277 ad
1645 3223 1926 3293 cuiuslibet
1979 3223 2043 3293 li-

479 3291 719 3347 bidinem
737 3293 1059 3361 explendam
1087 3292 1287 3349 idcirco
1319 3291 1469 3353 liunt,
1504 3303 1560 3344 ut
1588 3292 1882 3345 elimosinis
1904 3292 2043 3345 redi-

480 3370 697 3415 mantur
720 3402 736 3428 ,
766 3376 1102 3430 nequaquam
1153 3364 1229 3415 eis
1276 3361 1463 3416 redimi
1496 3370 1751 3430 possunt;
1805 3361 1928 3430 quia
1956 3361 2047 3428 qui

481 3430 586 3485 hoc
617 3440 926 3500 perpetrant
952 3471 967 3492 ,
995 3432 1240 3484 videntur
1271 3432 1696 3500 Deumniercede
1725 3433 2046 3494 conducere,

483 3509 542 3553 ut
563 3498 641 3552 cis
670 3502 887 3567 impune
933 3514 1156 3569 peccare
1200 3500 1371 3554 liceat.
1409 3498 1529 3569 Non
1547 3515 1673 3567 ergo
1702 3500 1899 3569 idcirco
1929 3502 2049 3569 quis

483 3582 709 3636 peccare
760 3569 939 3632 drbet,
973 3577 1030 3620 ut
1075 3568 1404 3621 elimrsinam
1436 3568 1614 3632 faciat,
1659 3568 1754 3623 sed
1804 3568 1925 3621 ideo
1952 3568 2051 3623 eli-

483 3637 743 3690 ninsiuam
777 3636 951 3689 facere
977 3636 1153 3705 debet,
1186 3639 1308 3705 quia
1340 3637 1579 3704 peccavit
1610 3654 1624 3689 :
1656 3645 1886 3690 mentem
1907 3638 2050 3691 enim

483 3715 537 3759 et
566 3719 762 3773 corpus
782 3745 796 3769 ,
825 3720 964 3771 quae
996 3704 1158 3759 libido
1192 3704 1351 3759 traxit
1380 3705 1444 3757 ad
1473 3705 1713 3774 culpam,
1746 3707 1973 3760 allliccio
1995 3717 2052 3761 et

484 3775 737 3829 contritio
762 3775 923 3828 debet
961 3774 1216 3827 reducere
1254 3777 1318 3826 ad
1347 3773 1579 3827 veniam.

556 3841 643 3895 62.
685 3843 760 3897 De
779 3843 1028 3895 monacho
1069 3844 1156 3913 qui
1185 3843 1548 3897 monasterium
1588 3860 1736 3897 suum
1779 3844 2049 3898 dimiserit.

487 3911 545 3967 Si
575 3915 870 3966 monachus
918 3911 1296 3967 monasterium
1333 3928 1485 3966 suum
1530 3914 1824 3978 dimiserit,
1871 3915 2051 3967 omnia

487 3982 628 4036 bona
662 3982 826 4050 ipsius
848 3991 901 4034 et
930 3995 1069 4048 quae
1090 3982 1142 4035 in
1173 3981 1498 4036 monasterio
1526 3981 1821 4038 i..troduxit
1843 3991 1897 4036 et
1916 3998 2054 4050 quae

489 4065 596 4118 non
624 4049 954 4113 introduxit,
999 4050 1236 4105 dominio
1264 4052 1573 4106 monasterii
1603 4052 1726 4116 sint,
1759 4062 1812 4106 et
1835 4049 1947 4118 ipse
1975 4053 2053 4104 ol-

490 4117 612 4173 ﬁcio
664 4118 920 4188 praesidis
972 4120 1172 4173 servire
1198 4129 1437 4187 cogatur.
1496 4121 1552 4174 Si
1593 4136 1721 4176 vero
1765 4117 2056 4176 monachus

490 4189 559 4242 ad
587 4188 747 4241 alium
792 4189 1173 4241 monasterium
1200 4189 1533 4255 migraverit,
1563 4191 1915 4245 substantiam
1938 4194 2056 4244 eius

492 4258 637 4321 prius
665 4258 1046 4310 monaSIerinm
1096 4258 1393 4325 possideat,
1428 4269 1485 4313 et
1512 4262 1563 4313 in
1593 4260 1699 4314 alio
1729 4261 2055 4313 monasterio

492 4325 607 4393 ipse
639 4341 743 4378 uon
775 4326 1081 4393 recipiatur.
1990 4362 1996 4367 .

560 4395 647 4466 63.
683 4390 846 4466 Quod
860 4390 1169 4463 poenitentia
1196 4396 1473 4466 secundum
1487 4412 1739 4449 canonum
1761 4405 1950 4449 statuta
1967 4397 2055 4466 agi

491 4461 690 4543 debeat.
733 4461 917 4543 Modus
943 4472 1120 4519 autem
1140 4464 1517 4543 paenitentiae
1547 4475 1887 4543 pet-catasiia
1918 4461 2052 4543 coli-

492 4530 761 4584 liteutibus
807 4541 898 4583 aut
946 4546 1037 4597 per
1065 4530 1403 4598 antiquorum
1452 4530 1719 4587 canonum
1767 4536 2055 4589 institutio-

490 4614 635 4660 nem,
665 4606 758 4651 aut
784 4613 883 4668 per
910 4609 1214 4668 sanctarum
1245 4603 1627 4668 scripturarum
1659 4604 2051 4666 auctoritatem,

491 4675 584 4738 aut
614 4682 708 4738 per
750 4665 1163 4738 ecclesiasticam
1193 4665 1631 4724 consuetudinem
1657 4709 1671 4733 ,
1704 4675 1842 4725 sicut
1892 4665 2055 4738 supeé

491 4736 606 4809 rius
622 4735 967 4809 ‘tlictumuest,
997 4737 1196 4805 imponi
1225 4738 1413 4809 debet,
1442 4738 1733 4809 repudiatis
1752 4756 1815 4793 ac
1846 4735 2058 4809 penitus

491 4805 779 4858 eliminatis
808 4803 1028 4876 libellis,
1072 4803 1207 4874 (tuos
1238 4803 1644 4876 poenitentiales
1670 4803 1883 4872 vocani,
1924 4824 2059 4876 quo-

492 4890 606 4946 rum
631 4884 760 4946 sunt
800 4875 933 4928 certi
981 4888 1214 4946 errores,
1246 4875 1432 4946 incerti
1459 4887 1733 4941 auctores;
1778 4877 1847 4931 de
1872 4875 2064 4946 quibus

493 4944 591 5015 rite
612 4943 713 4997 dici
748 4950 923 5012 potest
950 4960 963 5015 ς
994 4940 1381 5015 Mortiﬁcabant
1407 4946 1625 5007 animai,
1666 4940 1795 5015 quae
1817 4940 1919 5000 non
1957 4964 2067 5001 mo-

492 5011 790 5081 riebantur,
828 5022 879 5064 et
915 5011 1239 5081 viviﬁcabant
1274 5015 1475 5067 animas
1514 5030 1641 5081 quae
1678 5011 1784 5070 non
1814 5016 2062 5070 vivebant.

495 5080 592 5144 Qui
616 5080 740 5134 dum
783 5083 1016 5147 peccatis
1040 5084 1289 5148 gravibus
1317 5082 1459 5136 leves
1479 5083 1738 5151 quosdam
1761 5095 1815 5138 et
1841 5085 2063 5138 inusita-

498 5158 582 5202 tos
614 5150 874 5217 inponunt
894 5152 1257 5219 poenitentiae
1278 5153 1465 5206 modos
1480 5150 1781 5218 ,consuunt
1819 5153 2064 5219 pulvillos

497 5219 792 5272 secundum
840 5219 1208 5285 proiilieticum
1249 5235 1551 5275 sermonem
1579 5223 1677 5275 sub
1698 5223 1842 5276 omni
1884 5223 2066 5278 cubito

498 5300 721 5359 manus,
753 5295 807 5359 et
849 5287 1047 5359 faciunt
1081 5289 1361 5344 cervicalia
1400 5292 1499 5345 sub
1553 5291 1731 5359 capite
1786 5292 2067 5347 universae

501 5357 690 5410 aetatis
711 5355 775 5409 ad
806 5356 1092 5425 capiendas
1129 5362 1351 5412 animas.

2146 3089 2193 3164 st
2217 3086 2270 3138 in
2298 3086 2519 3164 peccatis
2540 3087 2606 3164 sit
2630 3125 2643 3148 ,
2673 3086 3082 3164 dimitteuturei.
3120 3086 3233 3139 Non
3271 3089 3563 3164 estitaque
3590 3103 3719 3164 par-

2148 3156 2479 3228 vipeudenda
2506 3155 2752 3228 huiusuio
2777 3157 2805 3208 .i
2825 3157 3101 3228 litetilCllla,
3124 3171 3261 3224 quae
3285 3158 3498 3212 animae
3526 3155 3722 3228 corpo-

2146 3238 2330 3291 risque
2357 3223 2597 3277 derllll‘
2625 3225 2983 3291 languoribus.

2217 3291 2304 3345 69.
2350 3291 2427 3345 De
2473 3309 2662 3367 spt_nso
2701 3294 2775 3345 vel
2810 3310 2999 3367 sponsa
3033 3294 3085 3367 in
3120 3297 3431 3367 monasterio
3458 3298 3720 3367 ingressa.

2148 3361 2203 3414 Si
2233 3376 2462 3429 sponsus
2491 3362 2574 3414 vi-l
2600 3378 2793 3430 sponsa
2826 3364 3103 3416 intraverit
3131 3364 3182 3416 iu
3213 3361 3627 3432 monasteriim,
3666 3366 3719 3419 id

2148 3432 2290 3551 qupd
2320 3445 2560 3484 arraruiu
2589 3432 2806 3486 nomine
2835 3432 3016 3485 datum
3038 3443 3139 3497 est,
3165 3435 3215 3487 in
3232 3434 3482 3503 simplum
3512 3445 3724 3489 tantum

2152 3517 2227 3551 ΥΘ(
2249 3520 2262 3551 t
2287 3509 2428 3551 atur.

2152 3509 2428 3554 reddatur.

2222 3570 2308 3622 70.
2351 3568 2428 3621 De
2457 3568 2581 3622 lucis
2608 3569 2661 3622 in
2692 3570 2870 3639 quibus
2899 3572 3085 3623 missae
3118 3571 3452 3626 celebrandae
3489 3584 3633 3627 sunt.
3667 3573 3725 3628 In

2150 3640 2344 3705 quibus
2369 3639 2498 3692 locis
2524 3650 2578 3691 et
2605 3654 2713 3707 quo
2743 3656 2788 3697 a.
2814 3650 3001 3707 paratu
3033 3641 3314 3695 mi~sarum
3349 3644 3727 3698 solemnitate:

2150 3708 2387 3776 exceptis
2401 3708 2634 3761 basilicis
2661 3709 2919 3763 celebrari
2951 3709 3179 3762 debeant
3200 3725 3250 3764 et
3282 3719 3459 3765 utrum
3487 3712 3728 3766 celebra-

2152 3779 2195 3833 ri
2235 3778 2335 3829 dcb
2373 3786 2466 3829 aut
2496 3777 2534 3838 ³,
2578 3779 2629 3829 in
2678 3779 2908 3831 concilio
2959 3778 3271 3833 Laodicensi
3301 3786 3372 3832 ita
3427 3783 3724 3835 scribitur:

2153 3846 2417 3908 Quoduou
2446 3855 2674 3913 oporteat
2712 3848 2765 3898 in
2804 3846 3036 3901 domibus
3068 3848 3348 3902 oblationes
3382 3850 3634 3903 celebrari
3665 3853 3729 3903 ab

2152 3916 2396 3984 episcopis
2425 3916 2499 3969 vel
2520 3915 2832 3984 presbiteris.

2224 3984 2308 4035 71.
2341 3982 2421 4035 De
2456 3982 2554 4048 Itis,
2582 4000 2707 4050 quae
2737 3984 2804 4036 ad
2846 4001 3046 4038 aurium
3079 3994 3127 4038 et
3163 3988 3425 4040 oculorum
3464 3989 3733 4053 pertinent

2153 4052 2596 4125 oblectamentum,
2612 4070 2835 4125 quaeque
2849 4055 3138 4108 sacerdotes
3156 4059 3313 4109 vitare
3324 4052 3527 4111 debent.
3551 4062 3735 4122 Quae-

2154 4137 2381 4193 cumque
2408 4123 2470 4173 ad
2495 4124 2701 4175 aurium
2733 4123 2787 4175 et
2810 4139 2843 4177 ο
2866 4127 3085 4176 -ulorum
3108 4129 3375 4192 pertinent
3403 4127 3732 4193 inlecebras,

2157 4192 2295 4261 unde
2324 4191 2472 4258 vigor
2500 4193 2660 4244 animi
2694 4193 2922 4245 emolliri
2960 4191 3405 4261 posse’creuatur,
3436 4205 3491 4248 ut
3530 4198 3607 4250 de
3634 4191 3736 4249 ali?-

2155 4260 2347 4326 quibus
2369 4260 2653 4327 generibus
2676 4261 2997 4315 musicorum
3029 4262 3251 4329 aliisque
3276 4260 3545 4318 nonnullis
3568 4266 3736 4321 rebus

2156 4329 2340 4383 sentiri
2374 4337 2588 4396 potest,
2621 4333 2688 4383 ab
2717 4330 2963 4384 omnibus
2994 4331 3087 4385 Dei
3118 4347 3222 4385 sac:
3243 4336 3426 4387 rdotes
3450 4348 3509 4387 se
3554 4334 3735 4390 absti-

2159 4413 2287 4471 nere
2312 4397 2538 4471 debent;
2575 4399 2699 4471 quia
2727 4412 2824 4466 per
2862 4399 3068 4453 aurium
3099 4402 3489 4471 oculorumque
3527 4403 3738 4457 inlece-

2160 4467 2281 4519 bras
2309 4467 2557 4520 vitiorum
2582 4468 2733 4520 turba
2778 4479 2845 4520 aa
2891 4478 3123 4522 animum
3171 4471 3377 4537 ingredi
3401 4467 3582 4526 'solet.
3612 4471 3739 4526 llis:

2160 4537 2391 4605 trionum
2418 4549 2632 4604 quoque
2664 4536 2917 4605 turpium,
2950 4546 3006 4591 et
3033 4536 3387 4593 obscenorum
3414 4540 3738 4595 insolentias

2161 4604 2408 4679 iocorum
2423 4615 2486 4679 et
2517 4606 2617 4679 ipsi
2644 4604 2833 4679 animo
2870 4606 3103 4679 ell'ugere
3130 4609 3435 4679 ceterisque
3473 4611 3740 4665 sacerdo-

2164 4673 2303 4744 tib_u_s
2331 4673 2627 4744 ellugienda
2656 4673 2962 4744 praedicare
2986 4673 3203 4744 debent.

2234 4740 2319 4793 72.
2356 4742 2427 4793 ῡει
2444 4740 2673 4795 ecclesia'
2694 4743 3036 4807 aedi/scande.
3062 4743 3228 4800 Nemo
3251 4746 3534 4801 ecclesiam
3549 4746 3743 4801 acditi-

2167 4820 2271 4882 cet,
2308 4819 2595 4879 antequam
2639 4812 2870 4882 civitatis
2908 4815 3189 4882 episcopus
3232 4817 3411 4869 veniat
3447 4824 3503 4869 et
3533 4817 3741 4871 ibidem

2167 4878 2533 4951 crucemligat
2572 4881 2803 4951 publice.
2835 4880 2900 4934 Et
2943 4878 3071 4936 ante
3092 4878 3405 4951 'praetiniat,
3425 4885 3518 4951 qui
3546 4890 3744 4938 aedili-

2169 4962 2293 5018 care
2320 4950 2467 5013 vult,
2513 4952 2641 5018 quid
2671 4950 2693 4979 ⁸
2724 4951 2789 5003 ad
2821 4952 3099 5005 lumittaria
3130 4962 3184 5003 et
3225 4959 3292 5005 ad
3336 4950 3645 5007 custodiam
3687 4962 3744 5006 et

2166 5016 2427 5085 stipendia
2467 5016 2747 5073 custodum
2777 5022 3026 5074 sul'tieiat.
3056 5025 3121 5073 [ι
3148 5018 3286 5075 facta
3320 5024 3618 5075 donatione
3660 5025 3745 5076 sic

2165 5086 2382 5139 domum
2406 5088 2672 5141 aedilicet.
3131 5106 3141 5115 λ

2247 5154 2325 5208 i3.
2370 5154 2438 5209 Ut
2482 5160 2769 5225 sacerdotes
2807 5174 2838 5209 a
2887 5158 3019 5211 ludis
3063 5158 3376 5213 secutoribus
3412 5176 3468 5213 se
3501 5168 3747 5214 enecant.

2171 5223 2551 5297 Sacerdotibus
2595 5223 2699 5279 non
2745 5226 2963 5293 expedit
3008 5229 3340 5297 secularibus
3390 5241 3447 5283 et
3494 5235 3748 5297 turpibus

2171 5294 2779 5366 quitiuslibetmtercsse
2819 5298 2967 5350 iocis.
3004 5296 3326 5353 Venationes
3344 5312 3557 5366 quoque
3582 5294 3745 5351 Ters-

2171 5377 2288 5415 runi
2316 5364 2399 5415 vel
2428 5364 2605 5417 avium
2628 5366 2847 5419 minime
2874 5375 3164 5420 sectentur.

1721 5462 1803 5525 νἈ
1816 5471 2110 5529 RIANTES
2150 5475 2543 5530 LEC'l‘lUNES.

583 5575 596 5602 ⁸
629 5572 717 5625 ΧΙΙ
745 5574 809 5626 (ἰ.
886 5576 906 5605 ²
932 5577 1239 5631 reconciliat
1270 5578 1387 5633 Bal.

1462 5581 1483 5611 ⁸
1513 5589 1567 5635 et
1708 5581 1939 5635 debeant
1966 5581 2144 5637 deleri!
2184 5583 2246 5636 (ἰ.

2324 5586 2342 5614 ⁵
2376 5596 2632 5651 quantum
2663 5585 2729 5639 (ὅ.
