4034 6182
300 374 400 430 885

710 370 863 426 COD.
913 368 1182 423 NPLOM.
1224 399 1289 409 -—
1334 368 1689 423 liENElllLTl
1730 368 2242 423 CAPlTLLARlUM
2283 372 2678 427 (DLH-.01“).
2707 398 2791 411 ι-
2837 371 2990 426 uel).
3038 372 3120 425 ΙΙΙ.

3429 375 3543 424 88ῐὶ-

294 482 405 543 nari
434 498 494 536 se
543 480 754 554 fatetur,
788 495 947 549 quem
991 479 1242 533 Dominus
1270 495 1363 549 per
1406 479 1721 551 prophetam
1762 496 1855 535 ne-
1885 491 1929 545 Α
1960 491 2140 554 autem
2173 482 2477 554 relinquere
2519 496 2623 551 est,
2654 487 2793 541 sicut
2835 486 3123 554 Gregorius
3173 486 3326 549 dixit,
3364 491 3529 542 seculi

289 557 425 613 scire
450 567 511 606 se
532 550 693 605 dicit?

362 620 483 677 111.
523 618 601 673 De
625 635 702 683 eo,
729 619 814 687 qui
838 634 1046 672 causam
1066 619 1315 679 Imbuerit,
1341 626 1395 672 ut
1417 635 1447 671 a
1478 620 1699 687 propriis
1722 618 1856 672 iudi-

290 695 431 749 cibus
474 689 743 742 iudicetur.
764 687 1117 758 Quicumque
1140 703 1356 741 causam
1385 688 1649 758 habuerit,
1675 705 1704 742 a
1728 704 1854 758 pro-

290 762 419 834 priis
447 758 709 834 iudicibus
760 757 1019 834 iudicetur
1044 799 1069 834 ._
1106 766 1159 810 et
1203 772 1306 810 non
1335 758 1401 810 ad
1441 757 1646 834 alienos
1694 757 1855 813 causa

290 825 514 899 'vagandi
533 835 597 899 _et
618 826 918 899 proterviae
944 825 1217 899 dimittens
1252 840 1401 899 suam
1433 828 1661 899 patriam
1683 837 1858 881 trans-

290 894 384 956 θειί
400 915 415 961 ;
456 896 549 954 sed
579 894 720 967 apud
749 896 1218 967 metropolitanum
1233 904 1289 950 et
1308 895 1544 964 reliquos
1572 897 1859 967 episcopos

291 983 421 1024 suae
444 965 755 1033 provinciae
783 963 1067 1018 indicetur.

365 1036 483 1092 ιη.
527 1034 601 1088 De
625 1033 913 1103 canonicis;
922 1034 1144 1103 clericis,
1180 1036 1265 1103 qui
1306 1034 1359 1087 in
1385 1034 1671 1090 civitatibus
1697 1036 1773 1089 vel
1802 1034 1856 1089 in

288 1105 613 1162 mortasteriis
651 1106 861 1172 degunt.
898 1101 1029 1157 Volu
1052 1120 1147 1157 nus
1167 1101 1326 1172 atque
1354 1104 1732 1174 praecipimus,
1756 1106 1859 1160 sic-

291 1186 348 1231 ut
376 1174 600 1229 sinodali
636 1180 802 1243 atque
851 1174 1107 1243 canonica
1150 1174 1469 1227 auctoritate
1497 1189 1527 1227 a
1556 1174 1861 1243 pastoribus

288 1254 508 1301 sanctae
532 1241 795 1297 ecclesiae
820 1242 1131 1311 saepissime
1161 1242 1415 1296 admoniti
1444 1241 1647 1308 sumus,
1681 1252 1739 1297 ut
1764 1258 1860 1297 ca-

290 1314 471 1370 nonici
514 1311 717 1372 clerici,
760 1310 851 1379 qui
880 1310 930 1364 in
977 1311 1283 1366 civita;ibus
1308 1311 1391 1365 vel
1437 1312 1489 1366 in
1518 1312 1861 1367 monalteriis

288 1385 521 1451 degunt,
548 1381 639 1449 qui
668 1378 929 1434 beneﬁcia
957 1380 1187 1445 habent,
1216 1380 1356 1435 unde
1381 1382 1578 1437 victum
1619 1390 1673 1436 et
1702 1383 1859 1437 vesti-

290 1462 404 1507 tum
436 1451 634 1505 habere
659 1456 913 1520 possunt,
960 1459 1017 1520 ut
1049 1451 1132 1504 his
1174 1453 1187 1481 ¹
1221 1452 1365 1505 iuxta
1401 1451 1700 1520 apostolum
1731 1467 1863 1505 con-

290 1522 427 1576 tmti
454 1522 579 1582 sint,
608 1517 671 1574 et
689 1518 953 1588 stipen-lia
977 1517 1203 1588 _fratrum
1221 1560 1235 1584 ,
1270 1523 1410 1574 unde
1437 1517 1783 1588 pauperiores
1808 1529 1863 1574 et

289 1593 369 1655 hi,
398 1591 491 1659 qui
520 1590 729 1643 assidue
757 1586 813 1659 in
830 1586 1117 1656 praedictis
1145 1589 1277 1659 locis
1299 1586 1524 1645 Domino
1547 1589 1863 1644 famulantes

287 1657 564 1740 excubant
601 1665 762 1727 atque
801 1657 872 1712 ibi
902 1659 1172 1740 assiduum
1221 1658 1457 1740 dirinum
1500 1659 1719 1740 explent
1745 1660 1865 1714 offi-

287 1732 469 1793 cium,
499 1740 836 1797 nequaquam
864 1737 1137 1782 assumant
1164 1734 1257 1782 aut
1287 1728 1339 1781 in
1369 1727 1479 1782 suis
1507 1727 1691 1783 usibus
1734 1744 1865 1783 con-

577 1797 987 1892 auguria
1019 1798 1166 1892 sui:
1197 1799 1398 1892 ἥδεαιξε
1424 1799 1673 1892 rem?
1692 1807 1865 1892 βίαια
1901 1833 1943 1892 ιι

288 1867 910 1938 ἀίερεηᾱίοᾲιιιιίιιιθινυω
951 1881 1169 1921 suarum
1219 1867 1321 1922 hoc
1347 1867 1656 1922 nullatenus
1690 1867 1868 1924 facere

288 1934 542 2007 possunt.
569 1934 765 2007 Siquis
790 1935 922 1990 haec
949 1944 1147 2007 statuta
1170 1938 1554 2005 contempserit
1578 1978 1594 2004 ,
1634 1940 1872 2007 utrisque

289 2005 500 2069 careat,
549 2006 603 2077 id
641 2014 726 2060 est
770 2014 825 2058 et
873 2005 1138 2077 beneficio
1172 2015 1227 2060 et
1274 2007 1606 2077 praebenda;
1638 2005 1798 2077 atque
1826 2009 1874 2063 si

289 2077 565 2147 gradiens
583 2074 770 2128 fruitur
798 2075 1192 2147 ecclesiasticis,
1224 2075 1355 2144 ipsis
1380 2077 1635 2145 privetur.

370 2145 494 2199 115.
532 2144 607 2198 De
621 2145 1078 2209 communicatione
1096 2147 1338 2200 ecclesiae
1359 2144 1470 2200 cum
1500 2147 1630 2200 nihil
1677 2144 1873 2202 habm-

293 2218 454 2269 tibus.
486 2214 639 2280 Quod
680 2215 841 2268 habet
887 2215 1133 2278 ecclesia,
1175 2231 1297 2271 cum
1334 2217 1584 2271 omnibus
1615 2218 1747 2271 nihil
1778 2219 1874 2274 ba-

295 2284 553 2356 bentibus
580 2285 756 2356 habet
782 2299 1100 2356 commune;
1144 2300 1243 2339 nec
1270 2285 1471 2356 aliquid
1506 2286 1629 2340 inde
1653 2287 1750 2351 eis,
1783 2286 1877 2355 qui

293 2354 403 2409 sibi
425 2355 493 2409 de
517 2368 616 2409 suo
642 2352 933 2424 suflicinnt,
955 2356 1206 2408 convenit
1227 2352 1473 2423 erogare,
1498 2356 1715 2424 quando
1743 2352 1874 2410 nihil

295 2424 447 2493 aliud
477 2423 896 2493 sitihabentihus
924 2424 1073 2488 dare,
1097 2440 1258 2493 quam
1286 2423 1533 2493 perdere.

374 2492 499 2567 _lM.
528 2492 621 2567 Pe
648 2494 746 2567 bis,
775 2495 860 2563 qui
885 2509 991 2567 _sua
1033 2492 1299 2567 possident
1330 2505 1379 2548 et
1407 2495 1505 2567 sibi
1535 2496 1734 2567 aliquid
1759 2496 1877 2567 dari

294 2563 496 2617 uolunt.
528 2562 637 2633 Nec
665 2562 899 2633 illi,qui
944 2562 1040 2618 sua
1097 2564 1431 2633 possidentes
1475 2564 1591 2619 dari
1622 2562 1731 2620 sibi
1781 2566 1879 2619 ali-

296 2633 432 2705 quid
461 2632 666 2692 volunt.
696 2632 1038 2705 sinejgrandi
1082 2632 1305 2703 peccato
1344 2648 1443 2689 suo
1499 2636 1637 2690 umle
1676 2646 1878 2705 pauper

298 2704 687 2771 victurusierat
716 2703 1009 2771 accipiunt.

379 2770 504 2825 “5.
544 2770 623 2825 De
645 2770 902 2826 damnans
930 2772 1140 2841 nuptiis.
1172 2770 1229 2827 Si
1255 2772 1375 2841 quis
1405 2772 1615 2841 viduam
1655 2789 1876 2829 uxorem

296 2842 519 2898 duxerit
548 2851 602 2910 et
629 2850 814 2910 postea
844 2856 964 2895 cum
996 2840 1214 2896 li.iastra
1244 2840 1338 2895 sua
1382 2843 1402 2872 ¹
1445 2840 1737 2899 fornicatus
1764 2842 1879 2899 fue-

297 2914 397 2983 rit,
426 2926 524 2983 seu
551 2909 755 2965 duabus
779 2911 1052 2983 sororibus
1077 2912 1336 2978 nupserit,
1367 2922 1459 2967 aut
1477 2914 1519 2966 si
1546 2928 1648 2983 qna
1671 2914 1879 2968 duobus

296 2982 558 3035 fratribus
603 2982 862 3050 nupserit,
893 2995 987 3035 seu
1019 2996 1141 3035 cum
1177 2991 1330 3050 patre
1357 2993 1414 3038 et
1443 2982 1594 3037 filio’:
1624 2983 1757 3037 tales
1786 2998 1872 3037 co-

297 3050 609 3118 pulationes
636 3052 1072 3120 anathematizari
1107 3062 1205 3106 nec
1234 3067 1464 3120 unquam
1494 3052 1723 3120 amplius
1745 3068 1877 3107 con-

297 3120 462 3202 iugio
481 3120 738 3219 ecpulari,
762 3119 857 3174 sed
884 3121 986 3174 sub
1010 3133 1201 3190 magna
1223 3119 1558 3177 districtione
1580 3122 1693 3176 fieri
1725 3137 1879 3191 prae-

297 3204 537 3245 ςιυιηιυδ
563 3204 604 3241 ⁸.

668 3259 904 3331 proprius
946 3260 1086 3331 ﬁlius
1135 3259 1199 3314 de
1250 3260 1502 3331 baptismo
1548 3261 1879 3331 suscipiatur.

299 3328 495 3383 Nullus
521 3327 685 3397 igitur
716 3327 987 3396 proprium
1011 3327 1173 3383 filium
1202 3330 1288 3385 vel
1318 3327 1479 3384 filiam
1508 3330 1576 3384 de
1603 3327 1751 3385 fonte
1783 3330 1880 3385 bac

300 3397 574 3466 ptismatis
599 3413 705 3452 8118(
726 3400 872 3465 ipiat,
909 3413 1005 3452 nec
1035 3398 1249 3453 filiolam
1281 3413 1380 3455 nec
1405 3408 1751 3455 commatrem
1780 3399 1882 3453 du-

299 3475 397 3522 cat
422 3481 669 3532 uxorem,
716 3482 814 3522 nec
855 3467 1018 3529 illam,
1065 3473 1220 3523 cuius
1263 3469 1427 3523 lilium
1483 3478 1575 3523 aut
1617 3469 1775 3522 filiam
1816 3469 1883 3524 ad

300 3536 769 3592 confirmationem
816 3537 1064 3591 tenuerit.
1099 3538 1198 3592 Ubi
1246 3548 1423 3595 autem
1463 3537 1663 3593 factum
1703 3537 1881 3606 fuerit,

304 3613 655 3661 separentur.
949 3626 955 3635 ‘

378 3621 1040 3731 glgﬁnbzrsubintroductis
1078 3677 1393 3733 mulieribus.
1439 3674 1697 3732 Omnibus
1726 3678 1886 3746 igitur

302 3746 461 3799 elerii
478 3745 523 3798 is
546 3745 797 3800 feminam
823 3761 1004 3801 secum
1031 3748 1082 3801 in
1106 3747 1355 3803 domibus
1379 3749 1491 3803 suis
1519 3748 1718 3803 habere
1745 3745 1883 3802 ultra

305 3814 585 3869 licentiam
617 3831 883 3870 canonum
914 3815 1136 3871 firmiter
1162 3816 1233 3870 sit
1259 3818 1668 3871 contraditum.

382 3883 505 3956 118.
550 3884 742 3940 flerunt
789 3886 852 3939 de
879 3903 1003 3954 pace
1029 3887 1375 3941 ecclesiarum.
1406 3886 1796 3956 Praecipitnus,
1830 3898 1887 3941 ut

304 3954 364 4008 in
396 3954 641 4009 ecclesiis
690 3957 882 4009 aut'in
930 3957 1175 4011 domibus
1221 3958 1567 4012 ecclesiarum
1596 3954 1701 4011 'vel
1737 3958 1886 4011 atriis

303 4023 508 4094 placita
536 4025 801 4094 secularia
831 4026 1051 4079 minime
1079 4027 1226 4079 fiant.

385 4092 507 4165 119.
538 4092 615 4146 De
640 4096 815 4165 {ugitiv
837 4111 862 4149 s
889 4094 1105 4165 clericis.
1142 4094 1207 4150 Ut
1233 4094 1254 4126 ⁸
1282 4093 1647 4165 unusquisque
1681 4095 1885 4164 episco-

304 4176 415 4233 pus
432 4163 495 4234 in
524 4178 617 4234 sua
650 4163 928 4232 parrochia
955 4164 1235 4234 diligenter
1262 4164 1587 4234 presbiteros
1616 4165 1699 4218 vel
1718 4163 1882 4219 cleri-

304 4232 663 4303 cosinquimt
688 4236 825 4289 unde
853 4236 978 4288 sint.
1011 4232 1077 4288 Εἰ
1101 4235 1146 4288 si
1173 4232 1403 4302 aliquem
1426 4235 1706 4303 fugitivum
1737 4235 1885 4288 inve-

306 4301 479 4372 nerit,
504 4300 574 4355 ad
601 4318 753 4356 suum
777 4305 1085 4372 episcopum
1111 4300 1288 4358 redire
1317 4300 1497 4357 faciat.

386 4369 510 4425 im.
555 4373 688 4436 Quid
715 4369 825 4426 sint
847 4369 1119 4428 laetaniae.
1153 4372 1439 4427 Laetaniae
1467 4381 1647 4428 autem
1689 4385 1885 4440 graeco

308 4442 534 4512 nomine
563 4443 918 4511 appellantur,
962 4457 1100 4512 quae
1145 4443 1310 4497 latine
1353 4443 1605 4497 dicuntur
1646 4442 1883 4512 rogatio-

1962 552 2321 619 voluptatibns
2339 557 2623 610 contraire.
2652 557 2787 612 ll.nc
2806 552 3003 610 Paulus
3024 565 3298 611 ammonet
3317 556 3529 612 dicens:

1960 618 2060 695 Qui
2087 618 2279 695 emunt,
2327 631 2565 689 tauquam
2597 643 2698 679 non
2744 624 3095 695 possidentes;
3125 634 3185 695 et
3212 628 3296 692 qui
3324 633 3539 679 utuntur

1958 692 2054 763 (rec
2083 693 2293 755 mundo,
2319 703 2562 763 tanquam
2613 712 2717 749 non
2745 692 2982 748 'utanfur
3004 711 3022 746 :
3046 702 3101 747 et
3149 693 3437 760 Gregorius
3483 699 3534 749 in

1959 759 2098 832 libro
2126 771 2398 832 pastorum
2419 759 2440 814 ':
2480 783 2497 814 ι
2525 765 2615 818 Sic
2642 764 2793 819 vobis
2816 780 2902 828 ea,
2938 778 3077 832 quae
3107 759 3395 832 suppetunt
3440 779 3535 818 cx-

1961 829 2162 902 terius,
2219 831 2473 902 serviant,
2523 842 2787 902 quatenus
2841 847 2871 886 a
2906 829 3186 902 supernae
3213 829 3535 888 'dilectioms

1959 898 2135 952 studio
2165 901 2414 954 animum
2430 898 2801 958 non'flectant.
2828 920 2847 955 ι

2033 966 2156 1022 125.
2201 971 2350 1034 Quod
2388 971 2634 1026 incestum
2678 972 2971 1037 committit,
3008 973 3093 1037 qui
3125 988 3177 1023 se
3224 977 3535 1037 consangui-

1962 1050 2239 1112 neaesuae
2282 1057 2439 1111 usque
2481 1044 2740 1112 a/ﬁnitatis
2789 1042 2979 1112 [ineant
3012 1042 3305 1112 coniungit.
3356 1040 3539 1112 Nullus

1964 1104 2197 1178 ﬁdelium
2230 1104 2395 1178 usque
2422 1104 2696 1166 afli'nitatis
2726 1112 2941 1176 lineam,
2971 1111 3021 1165 id
3050 1119 3134 1164 est
3162 1104 3329 1178 usque
3371 1109 3425 1163 in
3448 1126 3539 1164 se—

1963 1175 2533 1248 ptimatnpro'geniem,
2563 1182 3017 1248 consanguineam
3046 1194 3197 1233 suam
3227 1175 3386 1233 ducat
3410 1195 3539 1232 uxo.

1965 1260 2077 1319 rem
2109 1246 2194 1319 vel
2223 1246 2341 1302 eam
2369 1266 2587 1319 quoquo
2618 1246 2791 1305 modo
2808 1250 2998 1303 incesti
3049 1249 3257 1303 macula
3310 1248 3534 1316 polluat.

1963 1313 2170 1387 Siquis
2197 1331 2326 1387 vero
2364 1313 2467 1374 hoc
2495 1313 2740 1375 scienter
2783 1328 3049 1374 temerare
3098 1313 3538 1387 praesumpserit,

1963 1384 2006 1455 si
2037 1384 2174 1440 liber
2197 1385 2374 1452 fuerit,
2404 1389 2640 1444 bannum
2674 1398 2935 1451 nostrum,
2963 1389 3015 1443 id
3045 1395 3128 1443 est
3147 1384 3425 1455 sexaginta
3450 1402 3543 1442 so-

1967 1454 2123 1528 lidos,
2158 1455 2286 1528 fisco
2318 1467 2502 1514 nostro
2543 1459 2830 1528 perSolvat,
2859 1467 2915 1513 et
2957 1454 3543 1528 insupcrrcanonicerut

1966 1523 2201 1598 incestus
2246 1524 2391 1598 luat,
2439 1542 2501 1582 ac
2546 1523 2756 1598 publice
2804 1529 2951 1583 iuxta
3007 1523 3299 1598 canonicos
3348 1526 3545 1598 gradus

1966 1594 2261 1660 poeniteat.
2294 1595 2348 1649 Si
2378 1594 2562 1653 autem
2595 1614 2783 1653 servus
2808 1598 2894 1652 vel
2937 1596 3330 1653 ecclesiasticus
3360 1594 3541 1658 fuerit,

1968 1662 2178 1733 publice
2223 1664 2521 1732 flagelletur
2560 1682 2623 1722 ac
2666 1667 2998 1730 decalvetur,
3031 1673 3087 1720 et
3129 1666 3273 1718 iuxta
3304 1663 3541 1733 episcopi

1968 1732 2171 1799 proprii
2202 1733 2505 1805 iussionem
2542 1736 2923 1805 paenitentiam
2953 1735 3162 1805 publice
3202 1743 3258 1787 et
3286 1732 3546 1787 cananice

1971 1810 2165 1875 gerat._
2191 1801 2344 1875 Quod
2388 1805 2433 1858 si
2464 1801 2658 1875 aliquis
2687 1813 2793 1858 tam
2825 1801 2969 1875 liberi
3007 1818 3165 1870 quam
3216 1818 3404 1875 servus
3454 1813 3547 1875 aut

1974 1871 2372 1927 ecclesiasticus
2427 1875 2508 1928 vel
2556 1871 2836 1929 'tiscalinus
2888 1874 3152 1944 episcopo
3190 1872 3408 1944 proprio
3455 1872 3543 1924 vel

1974 1955 2073 1994 suo
2102 1943 2369 1997 sacerdoti
2402 1954 2493 1996 aut
2520 1945 2900 1999 archidiacono
2928 1942 3278 1997 inoboediens
3306 1942 3389 1995 vel
3412 1957 3546 1996 con-

1974 2017 2159 2064 tumax
2189 2011 2303 2066 sive
2331 2012 2400 2068 de
2430 2013 2529 2067 hoc
2556 2016 2668 2069 sive
2693 2014 2759 2068 de
2783 2015 2891 2068 alio
2916 2012 3153 2080 quolibet
3180 2012 3381 2065 scelere
3411 2010 3549 2064 exti-

1975 2080 2120 2147 terit,
2146 2095 2334 2137 omnes
2376 2097 2460 2136 res
2487 2084 2601 2139 cius
2631 2099 2661 2137 a
2703 2084 2895 2137 comite
2924 2090 2979 2136 et
3025 2097 3056 2134 a
3103 2082 3263 2135 misso
3309 2080 3548 2148 episcopi

1976 2148 1998 2179 ⁸
2026 2150 2079 2202 ei
2110 2152 2520 2222 contendantur.
2543 2167 2712 2222 usque
2728 2157 2850 2205 dum
2873 2152 3129 2219 episcOpo
3150 2165 3248 2203 suo
3271 2150 3545 2222 oboediat,

1975 2227 2037 2271 ut
2064 2221 2323 2274 canonice
2355 2220 2647 2289 poi-niteat.
2682 2223 2831 2288 Quod
2860 2222 2905 2275 si
2939 2236 3037 2274 nec
3064 2235 3121 2272 se
3148 2222 3218 2273 ita
3249 2220 3551 2289 correxerit

1976 2296 2032 2359 et
2059 2292 2133 2359 ad
2155 2292 2463 2359 episcopum
2490 2302 2544 2346 et
2588 2292 2901 2347 canonicam
2931 2289 3315 2358 pocnitentiam
3360 2288 3546 2344 venire

1976 2357 2261 2421 distulerit,
2288 2374 2317 2412 a
2341 2357 2543 2415 comite
2575 2357 3060 2428 comprehendatur
3089 2367 3143 2412 et
3183 2362 3235 2411 in
3275 2372 3550 2413 carcerem

1975 2428 2078 2481 sub
2102 2442 2292 2495 mgna
2338 2444 2593 2483 aerumna
2640 2441 2882 2485 retrusus
2930 2439 3204 2493 teneatur,
3238 2442 3336 2480 nec
3368 2440 3546 2480 rerum

1977 2510 2196 2550 suarum
2265 2506 2586 2555 potestatem
2653 2502 2881 2565 habeat,
2941 2512 3221 2565 quousque
3267 2496 3554 2565 episcopus

1978 2565 2214 2622 iusserit.
2246 2566 2399 2633 Quod
2441 2570 2485 2623 si
2514 2584 2697 2624 comes
2720 2574 2801 2622 vel
2835 2569 2952 2624 eius
2979 2569 3219 2620 minister
3246 2565 3350 2620 hoc
3377 2565 3520 2618 adim

1978 2635 2128 2704 plere
2154 2636 2420 2692 distulerit
2446 2677 2462 2701 ,
2503 2640 2763 2701 canonice
2784 2639 2850 2693 ab
2876 2638 3131 2704 episcopo
3161 2651 3259 2690 suo
3290 2635 3373 2689 vel
3401 2650 3430 2687 a
3452 2649 3551 2704 suo

1979 2703 2227 2775 ministro
2266 2710 2791 2773 excommunicetur;
2823 2717 2878 2762 et
2905 2703 3078 2775 usque
3120 2710 3243 2758 dum
3275 2705 3410 2759 haec
3441 2703 3553 2773 ple-

1979 2774 2121 2828 niter
2155 2777 2465 2847 adimpleat,
2506 2793 2719 2847 semper
2759 2777 3138 2847 communione
3165 2776 3553 2847 catholicorum

1978 2852 2179 2915 careat,
2211 2860 2383 2915 usque
2407 2846 2532 2915 dum
2563 2845 2661 2915 ἱρέί
2691 2847 2946 2915 episc0po
2975 2845 3259 2915 humanius
3286 2858 3409 2910 erga
3431 2858 3555 2895 enm

1980 2912 2177 2983 aliquid
2207 2912 2367 2981 agere
2396 2912 2673 2983 placuerit.
2705 2912 2759 2969 Si
2787 2912 2945 2977 vero,
2971 2914 3114 2980 quod
3147 2928 3252 2983 non
3279 2924 3555 2983 optamus.

1980 2981 2095 3051 ipse
2122 2996 2305 3038 eomes
2332 2981 2429 3038 aut
2452 2984 2518 3037 de
2547 2984 2834 3052 praedictis
2861 2984 3039 3039 causis
3084 2990 3177 3052 aut
3203 2981 3270 3035 de
3302 2982 3414 3049 ipsa
3457 2994 3557 3034 ειη

1980 3051 2829 3109 communicationeinoboediens
2854 3062 2947 3106 aut
2976 3051 3261 3119 neglegens
3283 3063 3552 3117 apparue-

1982 3122 2072 3184 rit,
2095 3120 2307 3178 honore
2332 3124 2618 3178 comitatus
2648 3124 2847 3192 pariter
2870 3134 2924 3178 et
2950 3121 3328 3192 communione
3349 3128 3552 3192 careat,

1908 3176 1952 3237 C
1987 3176 2157 3257 usque
2194 3176 2320 3245 dum
2344 3176 2508 3246 ambo
2542 3176 2611 3246 in
2648 3176 2891 3247 poStrani
2932 3176 3554 3260 praesentiamvenianr;

1985 3268 2044 3313 ut
2070 3274 2169 3334 nos
2197 3260 2343 3316 illum
2384 3262 2675 3334 episcopali
2722 3257 3039 3334 auctor.iate
3084 3268 3246 3334 :tqne
3279 3257 3557 3334 imperiali

1984 3338 2129 3400 metu
2157 3332 2231 3384 ita
2257 3330 2604 3400 corrigamus,
2651 3339 2711 3386 ut
2737 3334 2904 3386 ceteri
2928 3333 3179 3400 timorem
3206 3330 3457 3391 habeant,
3487 3343 3557 3382 ne

1982 3397 2239 3469 deinceps
2268 3397 2761 3456 talia'committere
2790 3402 3054 3454 ullatenus
3084 3399 3338 3452 audeant.

2054 3468 2177 3542 121.
2222 3469 2299 3542 Ut
2315 3471 2528 3537 incesti,
2571 3470 2811 3542 quamdiu
2852 3471 2909 3523 in
2952 3469 3139 3523 scelere
3182 3473 3409 3542 manent,
3452 3480 3557 3520 non

1983 3538 2212 3607 ﬁdelium
2251 3541 2388 3594 chris
2412 3536 2668 3606 imarum,
2699 3540 2789 3594 sed
2833 3549 3028 3593 tantum
3066 3554 3148 3589 aut
3180 3536 3444 3608 gentilium
3471 3543 3559 3608 aut

1983 3606 2405 3682 eaticaminorum
2431 3614 2507 3665 vel
2532 3611 2978 3682 energuminorum
3006 3606 3195 3682 locum;
3216 3614 3460 3682 teneant._
3477 3606 3559 3658 ln-

1984 3679 2118 3732 cesfi
2147 3683 2273 3734 dum
2304 3681 2356 3734 in
2386 3680 2504 3749 ipso
2545 3676 2867 3749 detestanda
2897 3688 3060 3748 atque
3091 3676 3323 3749 ιιθΐιιιιιο
3354 3677 3561 3729 sceb-rc

1986 3759 2226 3813 manent,
2254 3764 2361 3805 non
2389 3744 2530 3803 inter
2557 3748 2739 3804 fideles
2766 3744 3106 3810 christianos,
3139 3744 3236 3801 sed
3266 3746 3404 3799 inter
3423 3758 3558 3813 gens

1987 3816 2111 3871 tiles
2131 3812 2228 3873 aut
2254 3820 2610 3873 caticuminos
2641 3820 2722 3872 vel
2750 3819 3130 3886 energuminos
3160 3812 3478 3878 habeantur,
3504 3812 3559 3867 id

1986 3895 2068 3939 est
2092 3900 2213 3941 eum
2244 3888 2551 3942 christianis
2577 3902 2683 3942 non
2724 3887 2901 3941 cibum
2948 3896 3184 3948 sumant,
3211 3899 3319 3937 non
3349 3890 3562 3952 potum,

1986 3969 2091 4009 non
2124 3957 2177 4010 in
2208 3957 2396 4010 eodem
2440 3957 2657 4010 vasculo
2701 3956 2866 4009 edant
2915 3965 3009 4009 aut
3056 3955 3270 4015 bibant,
3322 3953 3418 4005 sed
3459 3953 3561 4006 soli

1986 4023 2119 4079 haec
2146 4025 2380 4090 faciant;
2412 4040 2518 4080 non
2563 4025 2876 4079 osculentnr
2902 4034 2995 4077 aut
3033 4024 3334 4077 salutentur
3360 4020 3428 4074 ab
3455 4020 3555 4075 eis.

1987 4095 2090 4147 Sed
2118 4096 2164 4148 si
2202 4096 2314 4150 suis
2342 4095 2712 4150 sacerdotibus
2757 4093 3165 4147 inoboedientes
3195 4090 3475 4144 extiterint
3502 4101 3561 4143 et

1987 4176 2018 4214 a
2052 4170 2158 4217 tam
2200 4165 2577 4219 nef'andissimo
2623 4163 2829 4217 scelere
2875 4177 2934 4216 se
2970 4177 3106 4229 segr:
3127 4174 3254 4228 gare
3294 4168 3456 4227 atque
3492 4158 3561 4212 ad

1988 4232 2255 4303 publicam
2303 4233 2687 4303 poenitentiam
2741 4232 2914 4303 redire
2968 4233 3255 4303 noluerint.
3301 4229 3562 4303 intereas

1988 4297 2319 4375 habeantur;
2337 4303 2428 4371 qui
2475 4304 2666 4375 spiritu
2716 4302 3087 4375 periclitantur
3142 4297 3437 4375 immundo,
3470 4297 3564 4375 vel

1986 4375 2146 4423 etiam
2178 4367 2317 4425 inter
2353 4367 2475 4434 eos,
2506 4367 2592 4425 'de
2625 4367 2818 4439 quibus
2847 4371 2963 4438 ipsa
2994 4386 3089 4438 per
3117 4384 3176 4423 se
3220 4367 3415 4439 veritas
3439 4367 3517 4420 ait
3545 4384 3560 4421 :

1990 4441 2049 4492 Si
2080 4450 2127 4494 te
2155 4456 2257 4494 non
2283 4441 2607 4507 audierit,sit
2629 4436 2721 4495 tibi
2748 4436 2881 4494 sicut
2904 4436 3136 4493 ethnicus
3165 4447 3208 4490 .t
3238 4436 3562 4504 publicanus.

310 4526 363 4564 ni
387 4523 432 4562 s.
465 4507 613 4564 Inter'
636 4507 905 4567 'laetanias
934 4507 1111 4567 autem
1158 4520 1212 4566 et
1255 4512 1692 4580 exhomologesin
1720 4507 1757 4543 "
1784 4511 1887 4566 hoc
1917 4514 1963 4572 ο
1989 4507 2117 4580 Nam
2148 4525 2267 4564 cum
2301 4511 2545 4566 fidelibus
2573 4526 2678 4565 non
2721 4512 2919 4565 debent
2944 4524 3117 4580 orare
3144 4523 3246 4562 nec
3290 4508 3366 4580 in‘
3389 4510 3563 4562 eccle-

308 4580 517 4647 diflert,
560 4580 708 4648 quod
762 4581 1190 4649 exhomologesis
1238 4596 1334 4649 pro
1379 4582 1492 4635 sola
1540 4592 1885 4650 peccatorum

307 4650 652 4717 confessione
684 4659 933 4717 aguntur,
959 4650 1221 4705 laetaniae
1248 4666 1397 4716 vero,
1427 4666 1566 4719 quae
1592 4650 1890 4706 indicantur

310 4727 540 4790 propter
568 4719 859 4787 rogandum
902 4720 1065 4774 Deum
1095 4728 1151 4773 et
1195 4721 1581 4790 impetrandam
1611 4721 1665 4774 in
1709 4720 1888 4788 aliqua

311 4787 739 4859 misericordiam
763 4790 898 4843 eius.
923 4791 1026 4844 Sed
1051 4805 1194 4845 nunc
1223 4787 1325 4843 iaiu
1353 4797 1638 4859 utrumque
1657 4787 1890 4845 vocabu-

311 4857 428 4911 lum
458 4858 557 4910 sub
586 4874 688 4911 una
713 4859 1079 4922 designatione
1108 4860 1352 4915 habetur.

392 4927 517 4980 m.
560 4926 640 4981 De
665 4928 860 4982 clericis
888 4930 1072 4982 iniuste
1098 4931 1396 4985 tonsoran‘s.
1427 4930 1501 4985 De
1520 4928 1730 4986 clericis
1759 4942 1888 4985 vero

315 4995 425 5067 hoe
449 4998 762 5062 statuimus,
796 5008 853 5051 ut
882 4999 956 5060 hi.
988 4999 1079 5067 qui
1120 5003 1385 5063 bacteuus
1400 5000 1598 5054 inventi
1627 5008 1752 5055 sunt
1774 5000 1888 5053 sive

316 5066 373 5119 in
405 5069 666 5121 canonico
696 5068 810 5122 sive
838 5070 888 5121 in
929 5071 1238 5124 monachico
1266 5071 1451 5124 ordine
1482 5069 1744 5125 todsnrati
1770 5072 1887 5123 sine

316 5148 507 5208 eorum
550 5139 843 5202 voluntate,
876 5139 919 5191 si
963 5138 1114 5193 liberi
1159 5147 1300 5204 sunt,
1334 5148 1391 5193 ut
1414 5140 1487 5194 ita
1516 5150 1883 5208 permaneant.

318 5209 388 5276 _Et
414 5206 669 5276 deinceps
712 5208 1009 5261 cavendum
1056 5215 1157 5272 est,
1184 5218 1241 5261 ut
1281 5210 1456 5262 intllus
1505 5206 1758 5262 tbndaxur
1785 5222 1821 5260 η
1841 5209 1887 5263 si

317 5273 560 5348 legitima
607 5273 787 5348 aetate
817 5285 1232 5348 rspontaneaque
1258 5276 1533 5333 voluntate
1558 5276 1642 5333 vel
1671 5291 1793 5331 cum
1822 5277 1887 5331 li-

317 5352 495 5397 centia
522 5345 720 5399 domini
746 5347 847 5400 sui.

394 5412 515 5467 122.
557 5413 635 5469 De
661 5432 739 5484 ea,
768 5415 889 5487 quid
929 5419 994 5470 sit
1035 5418 1312 5487 relinquere
1337 5416 1601 5471 mundum.
1632 5415 1883 5471 Seculum

1991 4579 2125 4631 siam
2157 4581 2378 4647 intrare,
2408 4581 2501 4635 sed
2529 4589 2656 4635 ante
2685 4581 2899 4634 ianuam
2929 4578 3189 4634 ecclesiae
3214 4576 3483 4647 excubare
3508 4584 3564 4647 et

1991 4647 2313 4705 intrantibus
2341 4644 2394 4704 in
2436 4666 2555 4705 eam
2594 4660 2754 4719 atque
2780 4651 3100 4704 exeuntibus
3128 4662 3194 4703 ex
3235 4662 3301 4702 ea
3332 4645 3475 4699 vultu
3508 4644 3564 4699 iu

1994 4727 2136 4773 terra
2168 4730 2437 4788 prostrato
2465 4721 2677 4775 veniam
2708 4722 2979 4789 postulare
3008 4728 3062 4773 et
3093 4726 3150 4772 ut
3178 4733 3295 4789 pro
3316 4730 3378 4789 se
3403 4727 3565 4789 orare

1993 4803 2098 4843 non
2137 4782 2495 4863 dedignentur
2521 4782 2779 4863 flagitare,
2810 4788 3143 4863 etlacrymis
3178 4782 3381 4856 perfusi
3411 4782 3500 4863 virl
3527 4797 3561 4836 u

1991 4862 2226 4913 contrito
2263 4851 2435 4929 atque
2481 4851 2775 4914 hutu'iliato’
2808 4851 3025 4928 spiritu'
3050 4851 3265 4930 semper
3314 4851 3565 4930 omnibus

1992 4941 2252 5001 apparere
2273 4926 2443 4999 usque
2465 4933 2533 4984 ad
2554 4926 2976 5001 satisfactionem
2999 4926 3262 4982 ecclesiae
3282 4926 3563 5001 etproprii

1990 4991 2228 5069 episcopi
2277 4991 2590 5054 canonicam
2638 4998 3153 5070 reconciliationem,
3196 4991 3356 5070 _et_ad
3388 4991 3565 5070 pristi-

1991 5062 2118 5120 num
2149 5062 2410 5136 incestum
2437 5084 2709 5136 nunquam
2732 5068 2925 5131 redite,
2943 5080 3043 5120 nec
3066 5062 3326 5136 secularia
3348 5062 3564 5136 negotia

1991 5152 2245 5209 exercere
2264 5179 2280 5203 ,
2330 5126 2432 5194 nEc
2481 5126 2690 5209 placitis
2727 5147 2821 5209 aut
2848 5126 3277 5209 accusationibus
3304 5131 3388 5185 vel
3416 5126 3567 5209 testi-

1994 5208 2183 5263 moniis
2215 5203 2507 5272 interesse}
2553 5208 2647 5261 sed
2688 5207 2892 5278 crebris
2934 5203 3269 5278 sacerdetum
3318 5203 3565 5278 precibus

1989 5291 2284 5345 manusque
2312 5278 2578 5346 pontificis
2605 5276 2800 5345 proprii
2822 5273 3226 5346 inpositionibus
3243 5278 3302 5326 et
3319 5273 3567 5324 elemosio

1988 5361 2176 5402 narum
2202 5343 2593 5413 largitionibus,
2611 5343 2776 5409 atque
2797 5352 3129 5400 caeterorum
3148 5343 3409 5396 bonorum
3430 5352 3566 5405 0pc-

1988 5430 2106 5471 rum
2152 5416 2601 5481 exhibitionibus,
2649 5430 2743 5470 eos
2788 5414 2998 5484 purgari
3017 5415 3302 5481 sanarique
3328 5417 3560 5480 oportet.

1525 5548 1915 5605 νΑιιιΑΝτεδ
1953 5548 2351 5604 LECTIONES.

400 5662 412 5693 ⁸
453 5661 559 5719 hoc
584 5658 703 5721 Bal.
777 5664 798 5696 '
836 5678 886 5720 c.
928 5662 1033 5718 lilia
1060 5661 1245 5718 matris
1273 5659 1336 5717 (ἰ.
1406 5660 1426 5694 ³
1464 5662 1599 5718 deest
1648 5662 1763 5717 Bal.
1846 5665 1863 5695 ⁵
1891 5664 2168 5719 dcestBal.
2250 5665 2269 5694 ⁸
2297 5662 2717 5734 exbomolcgisin
2758 5661 2824 5717 G.

2903 5662 2924 5693 ‘
2960 5661 3229 5719 dominico
3258 5661 3375 5718 Bal.
