4034 6182
497 312 602 366 895

1350 303 1410 356 Β.
1453 302 1703 356 ϐΑιιυιΛ
1746 300 1957 355 ΜΑΟΝΙ
1998 300 2153 354 Ol’l'.
2201 301 2374 355 PARS
2417 301 2454 356 1.
2497 298 2742 353 SECTIU
2781 298 2821 351 l.

3640 299 3748 357 896

495 422 750 476 munirent
778 422 890 473 sine
924 418 1105 498 litteris
1135 417 1356 498 episcopi
1377 418 1476 498 sui.
1502 414 1588 469 Ex
1609 414 1827 498 concilio
1854 412 2060 498 farta:
2096 418 2140 474 Α
2168 413 2445 498 apostolus
2462 430 2475 465 :
2509 410 2674 465 Nemo
2727 411 2956 465 militans
2985 408 3092 465 Deo
3136 410 3365 478 implicat
3418 426 3475 466 se
3528 414 3750 483 negotiis

496 495 651 561 ginis.
689 491 903 544 Cassius
935 490 950 519 ¹
977 483 1770 561 Velenensis'episcopusdixit
1796 498 1812 536 :
1844 483 2067 561 .Staiuat

496 552 729 628 gravitas
752 570 947 628 vestra.
981 567 1042 628 ut
1077 552 1442 628 unusquisque
1484 553 1723 628 clericus
1768 553 1859 628 vel
1901 552 2069 628 laicus

498 622 604 684 non
633 627 994 683 communicet
1032 627 1083 679 in
1114 622 1239 679 alia
1271 622 1426 696 plebe
1451 624 1571 680 sine
1619 624 1811 679 litteris
1832 622 2067 692 episcopi

567 767 653 822 38.
700 765 831 821 Item
857 766 910 819 in
943 766 1161 834 capitulo
1206 765 1226 793 '
1270 765 1447 819 damni
1491 762 1673 834 Καριμιὶ
1721 763 2065 834 imperatoris.

495 837 550 890 Si
580 838 699 905 quis
735 831 1086 890 saecularium
1118 844 1225 887 tam
1253 835 1470 888 maioris
1492 831 1698 905 ordinis
1725 847 1883 905 quam
1907 840 1961 905 et
1992 832 2069 886 in-

496 902 705 961 ferioris
726 915 1004 976 peccatum
1029 905 1200 976 egerit
1242 914 1296 957 et
1319 910 1540 958 voratus
1586 904 1667 976 sui
1694 902 1932 976 episcopi
1973 917 2071 976 au-

496 971 747 1030 ctoritate
793 975 859 1029 ad
909 975 1340 1028 emendationem
1385 989 1450 1028 ac
1481 972 1846 1041 paenitentiam
1891 971 2073 1025 vi-nire

497 1044 784 1112 distulerit,
807 1044 1008 1097 tamdiu
1035 1044 1101 1097 sit
1132 1044 1199 1096 ab
1220 1044 1448 1097 ecclesia
1477 1042 1709 1096 extorris
1731 1051 1786 1094 et
1833 1056 1861 1093 a
1886 1046 2073 1112 catho-

498 1114 722 1168 licorum
749 1110 1023 1169 consortio
1059 1122 1446 1181 scquestratus.
1476 1125 1755 1180 quousque
1783 1110 1927 1178 quod
1951 1111 2073 1163 iuli-

498 1186 605 1237 cite
629 1184 900 1239 commisit
928 1185 1195 1240 emendet.
1224 1198 1288 1235 ac
1330 1191 1539 1237 reatum
1584 1194 1739 1233 suum
1792 1195 1961 1248 usque
2008 1181 2072 1233 ad

499 1253 920 1309 satisfactionem
942 1253 1203 1306 canonice
1234 1252 1420 1314 diluat,
1453 1260 1615 1318 atque
1639 1251 2076 1304 reconciliatione

499 1324 704 1392 proprii
734 1323 972 1394 epi~c0pi
997 1323 1187 1376 divinis
1228 1323 1474 1394 precibus
1514 1320 1900 1394 imlulgciitiaiii
1946 1335 2047 1394 con

500 1389 834 1461 aeqiiatur'et
855 1389 1090 1457 veniam,
1135 1389 1497 1459 i'cclesiaeque
1534 1390 1742 1461 gremio
1771 1430 1786 1452 ,
1840 1406 1870 1461 a
1926 1389 2078 1444 cuius

501 1459 658 1515 utero
683 1462 1008 1526 deviaverat,
1042 1472 1255 1530 peracta
1280 1459 1646 1516 satisfactione
1675 1459 1742 1511 ab
1765 1459 1952 1512 eodem
1985 1473 2080 1527 per

499 1531 923 1653 :atisfactionem
951 1532 972 1562 ³
1009 1532 1328 1585 emendatus
1365 1530 1621 1600 episcopo
1667 1530 1924 1583 canonice
1955 1531 2075 1583 red-

542 1610 679 1653 lillll‘.

542 1610 679 1656 lillll‘.

575 1669 666 1723 59.
712 1670 786 1724 De
833 1671 1025 1741 honore
1047 1680 1096 1724 et
1121 1686 1246 1741 pace
1265 1676 1479 1741 sanctae
1509 1666 1768 1741 ecclesiae.
1798 1667 1863 1721 Ut
1910 1667 2084 1721 honor

505 1748 561 1792 et
587 1754 685 1807 pax
718 1753 880 1807 a'que
913 1737 1367 1794 iustizia'sanctae
1393 1739 1483 1792 Dei
1502 1737 1766 1792 ecclesiae
1798 1748 1853 1790 et
1905 1753 2078 1791 servo-

504 1823 624 1863 rum
656 1810 771 1863 eius
802 1809 1033 1863 inlaesus
1059 1810 1125 1864 ab
1161 1810 1407 1863 omnibus
1430 1816 1794 1862 conservetur.

576 1877 664 1932 40.
712 1878 788 1932 De
810 1877 905 1933 Dei
933 1878 1280 1932 sacerdotibus
1308 1891 1356 1932 et
1385 1876 1636 1931 ministris
1667 1876 1869 1930 altaris.
1898 1873 1969 1929 Ut
1993 1875 2084 1930 ltei

505 1948 882 2002 sacerdotibus
923 1957 977 2000 rt
1001 1949 1257 2002 ministris
1308 1947 1495 2002 altaris
1541 1956 1730 2000 contra
1774 1947 2084 2001 canonicam

509 2018 886 2072 auctoritatem
913 2018 1051 2070 nulla
1077 2018 1243 2073 laesio
1272 2032 1300 2069 a
1326 2030 1595 2085 quoquam
1621 2015 1731 2069 liat.

578 2087 667 2140 41.
714 2087 787 2141 De
812 2088 1086 2142 concav'dia
1110 2092 1465 2157 episcoporum
1484 2094 1533 2139 et
1579 2086 1840 2140 comitum.
1874 2085 1941 2141 Ut
1969 2085 2086 2151 epi-

510 2157 661 2225 scopi
684 2166 739 2211 et
769 2160 996 2212 comites
1023 2157 1322 2213 concordes
1341 2157 1487 2219 sint;
1520 2163 1575 2210 et
1616 2158 1844 2210 comites
1873 2170 2086 2210 cci-um-

509 2224 622 2296 que
644 2226 872 2296 ministri
897 2227 1165 2296 episcopis
1191 2234 1351 2294 atque
1372 2240 1558 2281 eorum
1591 2224 1848 2280 ministris
1876 2225 1930 2280 in
1970 2241 2088 2279 oni-

518 2295 675 2350 nibus
703 2295 975 2350 adiutores
1006 2298 1260 2350 existant.

579 2363 669 2420 42.
712 2367 733 2395 ⁸
759 2363 834 2419 De
860 2367 1159 2421 incendioet
1182 2366 1387 2432 rapina.
1414 2365 1483 2421 Ut
1503 2363 1807 2433 incendium
1833 2364 1920 2418 vel
1951 2365 2088 2433 rapi.

511 2449 637 2489 nam
658 2434 715 2503 in
750 2445 870 2490 nost
899 2452 932 2488 o
956 2452 995 2488 ι·‹
1015 2450 1121 2503 gno
1143 2436 1320 2490 nullus
1343 2434 1521 2490 faciat.
1546 2432 1611 2487 Et
1635 2433 1782 2490 fures
1803 2434 1882 2489 vel
1911 2432 2093 2503 rapto-

512 2519 601 2558 res
648 2502 858 2557 fortiter
884 2502 1359 2571 constriiigantur,
1406 2516 1461 2558 ut
1485 2503 1643 2558 nullis
1672 2503 1693 2533 ⁵
1736 2519 1836 2559 sua
1881 2502 2094 2559 auferre

515 2573 769 2638 audeant,
800 2573 899 2627 nisi
928 2575 1093 2644 gratis
1122 2575 1421 2628 tribuantur
1455 2583 1549 2628 aut
1602 2573 1747 2629 iusto
1775 2587 1939 2629 censu
1979 2574 2091 2629 exi-

548 2653 728 2695 antur.

511 2654 801 2783 εῧῐλὲιῖὐε
826 2730 954 2783 pace
972 2713 1333 2768 custodienda.
1360 2712 1426 2767 Ut
1450 2727 1552 2783 pax
1595 2712 1648 2767 in
1689 2722 1875 2768 nostro
1929 2725 2093 2782 regno

512 2780 1061 2838 secunduiu'inoreni
1129 2793 1411 2854 parentum
1453 2780 1787 2839 'nostrorum
1845 2780 2095 2838 omnibus

515 2859 886 2906 conservetur.

585 2918 672 2973 44.
718 2922 794 2975 De
819 2922 993 2991 puella
1022 2924 1216 2991 virgine
1239 2923 1313 2977 rel
1348 2923 1518 2978 vidua.
1558 2920 1626 2991 Ut
1654 2921 1885 2990 puellam
1931 2922 2093 2990 virgi-

514 3005 638 3045 nem
664 2991 761 3073 vel.
782 2990 991 3046 viduam
1033 2994 1210 3048 nullus
1239 2995 1429 3063 rapiat,
1454 3008 1556 3048 nec
1582 2990 1762 3048 facere
1788 2992 2094 3048 volentibus

516 3069 841 3115 cun‘entiat.

2172 483 2537 537 saecularibus.

2241 551 2330 605 47.
2377 552 2452 606 De
2480 553 2765 607 imitatione
2810 551 3110 618 apos'olica.
3148 550 3439 617 Apostolus
3468 550 3546 601 ait
3573 569 3585 603 :
3617 548 3753 605 Inti-

2173 631 2360 677 talores
2389 625 2488 675 mei
2527 634 2684 676 estote
2707 632 2755 676 et
2783 626 3042 674 observate
3063 636 3170 681 eos,
3196 620 3281 689 qvi
3319 622 3394 673 ita
3439 619 3713 673 ambulant
3737 663 3753 687 ,

2170 692 2302 763 sicut
2328 692 2522 763 habetis
2555 694 2774 763 formam
2795 700 3064 763 nostram;
3093 706 3193 743 non
3214 689 3540 763 observantes
3572 691 3615 720 ”
3637 707 3753 763 eos,

2174 762 2259 832 qui
2283 772 2399 814 sunt
2429 758 2624 816 inimici
2668 761 2831 814 (νησὶς
2858 758 3068 832 Christi.
3095 776 3307 832 quorum
3334 760 3460 832 finis
3486 760 3755 821 interitus,

2173 830 2385 901 quorum
2399 831 2521 885 deus
2536 849 2575 885 υ.
2594 842 2704 885 nter
2717 841 2816 901 es},
2831 838 2877 883 et
2896 830 3063 899 gloria
3084 833 3134 881 in
3177 830 3479 901 confusione
3502 833 3755 901 ipsorum.

2174 899 2259 971 q.:i
2289 910 2490 971 terrena
2513 903 2743 964 sapiunt.
2764 899 2961 971 Nostra
2985 908 3154 952 autem
3173 899 3492 971 conversatio
3524 900 3577 951 in
3601 904 3757 954 coctis

2173 967 2268 1042 en,
2297 970 2449 1042 Sicut
2486 973 2859 1042 Hieronymus
2890 970 2949 1042 iu
2992 970 3217 1042 epistola
3260 967 3327 1021 ad
3365 967 3592 1042 Calatas
3644 972 3756 1042 ait;

2181 1056 2202 1091 ι
2240 1038 2587 1095 Acmulautur
2612 1038 2795 1094 autem
2819 1040 2862 1070 ¹⁸
2889 1040 3046 1101 bene,
3080 1039 3190 1107 qui.
3216 1054 3338 1093 cum
3364 1038 3406 1068 ¹⁶
3430 1039 3657 1092 videant
3677 1039 3761 1093 vel

2177 1109 2394 1163 audiant
2410 1126 2527 1165 esse
2547 1111 2599 1164 in
2618 1110 2883 1179 aliquibus
2893 1109 3119 1179 gratias,
3135 1108 3273 1162 dona
3287 1109 3645 1175 virtutesque,
3662 1110 3761 1178 ipsi

2180 1179 2312 1234 tales
2327 1195 2445 1234 esse
2464 1178 2789 1244 desiderant,
2804 1188 2858 1234 et
2880 1179 3056 1241 fidem,
3073 1178 3234 1231 vitam
3258 1186 3419 1246 atque
3440 1178 3762 1232 industriam

2178 1263 2385 1311 eorum.
2418 1266 2513 1319 per
2538 1265 2680 1318 quae
2707 1249 2797 1303 illa
2829 1255 3177 1311 meruerunt,
3232 1247 3479 1319 nituntur
3530 1249 3761 1312 imitari,

2181 1326 2240 1372 ut
2268 1316 2473 1388 possint
2494 1316 2793 1388 eaquoque
2822 1319 2963 1373 bona
2993 1316 3353 1388 aemulatione
3374 1316 3537 1386 digna
3564 1334 3762 1372 conse-

2180 1389 2292 1456 qui,
2322 1408 2340 1440 »
2376 1391 2542 1458 magis
2561 1387 2881 1458 quaerentes
2905 1387 3163 1454 Spiritalia
3201 1388 3636 1458 quamrcarnalia
3662 1432 3675 1447 .
3708 1396 3765 1441 ut

2181 1457 2547 1529 per7everaiiti
2576 1457 2745 1527 gradu
2768 1457 2836 1512 ad
2863 1458 3047 1529 linem
3097 1457 3221 1529 Itoni
3241 1457 3420 1526 operis
3468 1459 3759 1529 pervenire

2182 1528 2409 1598 possint.
2442 1528 2769 1596 Augustinus
2789 1530 2839 1582 in
2861 1528 2997 1581 libro
3038 1528 3077 1558 ιτ
3102 1528 3170 1581 de
3213 1541 3384 1595 agone
3430 1529 3763 1581 christiano-

2183 1613 2325 1660 rum,
2359 1599 2497 1654 hanc
2527 1599 2854 1652 seiitenciam
2901 1598 3260 1664 interpretans
3302 1598 3416 1649 ait:
3462 1598 3716 1651 lmitalor
3742 1614 3768 1651 s

2184 1669 2283 1738 mei
2322 1676 2502 1732 estote,
2519 1670 2648 1722 sicut
2669 1679 2718 1721 et
2747 1683 2841 1738 ego
2863 1667 3073 1722 Christi.
3100 1667 3282 1738 Quare
3315 1664 3765 1738 intellegendum,

2186 1737 2348 1791 etiam
2378 1739 2546 1806 ipsum
2603 1736 2903 1805 apostolum
2958 1738 3010 1790 iu
3056 1736 3244 1792 senieti
3283 1751 3347 1806 so
3399 1737 3771 1805 triumphasse

2118 1787 2160 1846 Β
2186 1787 3018 1875 [1ὲὲῥᾶιέὲῐεῖίίὑιιξῖιέἷίὶῖέἲὶίὶηιῖιῖ
3043 1787 3077 1872 ,⁷
3091 1787 3242 1861 sti-iii
3263 1787 3331 1858 de
3364 1787 3600 1861 Domini?
3612 1787 3772 1861 diis:

2184 1887 2290 1942 rat,
2318 1877 2469 1932 cuius
2508 1892 2570 1932 se
2609 1877 2931 1931 imitatorem
2971 1891 3090 1931 esse
3137 1877 3439 1944 prolitetur.
3486 1875 3769 1931 Imitemur

2185 1958 2315 2015 ergo
2355 1956 2409 2000 et
2440 1962 2539 2001 nos
2580 1947 2762 2012 illum,
2812 1947 2952 2001 sicut
2999 1945 3245 2000 hortatur
3271 1987 3299 2017 ,_
3331 1956 3385 2000 et
3436 1947 3771 2017 castigemus

2188 2030 2387 2084 corpus
2417 2025 2658 2071 nostrum
2704 2025 2759 2071 et
2781 2017 2830 2069 in
2860 2017 3171 2070 servitutem
3189 2015 3518 2082 redigamus,
3542 2015 3766 2070 si‘muu-

2187 2085 2312 2140 dum
2346 2085 2590 2140 volumus
2620 2087 2850 2140 vincere.
2886 2085 2968 2139 Ali
2992 2085 3184 2151 mando
3213 2084 3431 2154 quidem
3455 2101 3558 2140 suo
3581 2101 3773 2140 exem-

2230 2156 2279 2210 lo
2307 2154 2505 2211 Christi
2547 2171 2646 2212 nos
2695 2155 2738 2187 ¹⁸
2787 2155 2899 2209 fieri
2949 2156 3249 2210 imitatores
3296 2155 3446 2207 iubet
3488 2154 3769 2210 dicendo:

2224 2226 2488 2280 mitatores
2515 2226 2615 2279 mei
2641 2235 2820 2291 estote,
2850 2225 2983 2279 sicut
3025 2234 3074 2278 et
3109 2242 3201 2295 ego
3224 2223 3438 2295 Christi.
3478 2225 3773 2293 \liquandsi

2191 2296 2406 2365 quidem
2432 2295 2499 2350 de
2521 2309 2581 2349 se
2626 2297 2947 2360 resipiscens
2980 2297 3046 2350 ad
3101 2294 3293 2365 uentu,
3340 2294 3419 2365 ad
3452 2296 3621 2363 ipsius
3668 2309 3775 2365 nos

2193 2363 2548 2420 imitationem
2578 2365 2822 2419 hortatur
2868 2366 3080 2420 dicens:
3113 2364 3288 2418 Estote
3331 2364 3623 2418 imitatores
3656 2363 3770 2424 Dei.

2192 2437 2321 2491 sicut
2349 2435 2449 2505 ﬁlii
2488 2435 2760 2489 carissimi.
2792 2434 2899 2489 lam
2925 2450 3051 2490 vero
3080 2434 3478 2505 demonstrans,
3499 2435 3626 2501 quia
3641 2433 3775 2505 nihil

2193 2506 2334 2560 hanc
2351 2503 2712 2575 imitationem
2746 2506 2819 2559 ita
2871 2507 3064 2575 pariat,
3096 2519 3256 2574 quam
3286 2504 3331 2557 si
3361 2505 3434 2575 ita
3475 2504 3622 2558 vivat
3677 2503 3778 2575 ali-

2192 2575 2333 2644 quis.
2360 2582 2418 2628 ut
2443 2574 2641 2644 bonum
2664 2575 2779 2629 eius
2797 2575 2848 2629 in
2871 2573 3158 2644 commune
3184 2573 3436 2644 proﬁciat
3462 2582 3629 2642 atque
3658 2574 3791 2625 uni!

2192 2643 2363 2701 versis
2406 2643 2623 2698 utiliora
2668 2644 2976 2706 praevideat
3005 2683 3020 2707 ,
3082 2643 3365 2698 adiunxit:
3398 2644 3677 2697 Anilulate
3723 2644 3779 2696 in

2193 2716 2426 2769 caritate.
2477 2711 2601 2767 Ideo
2657 2729 2779 2768 cum
2818 2714 3073 2781 dixisset,
3119 2712 3416 2768 lmitutorcs
3442 2730 3494 2767 in
3524 2714 3544 2767 i
3572 2723 3740 2767 estote
3761 2752 3778 2775 ,

2196 2784 2452 2839 continuo
2478 2782 2546 2836 de
2573 2784 2797 2838 caritate
2836 2785 3104 2845 disseruit.
3136 2785 3260 2853 quia
3319 2785 3453 2839 haec
3482 2797 3645 2852 praec
3671 2799 3782 2852 pue

2195 2854 2363 2909 virtus
2387 2853 2629 2907 homines
2653 2853 2760 2907 Deo
2785 2855 3058 2923 proximos
3078 2853 3231 2908 facit.

2265 2924 2352 2977 48.
2390 2924 2465 2977 De
2512 2920 2797 2976 canonicis
2824 2924 3044 2988 clericis,
3077 2933 3133 2977 ut
3180 2925 3427 2979 canonice
3468 2925 3665 2977 uisant.
3719 2920 3781 2976 In

2197 2994 2448 3064 omnibus
2498 2992 2657 3064 igitur
2679 3002 2939 3059 quantum
2980 2993 3212 3047 humana
3262 2993 3525 3064 permittit
3571 2992 3783 3061 fiagili-

2197 3072 2281 3118 tas
2310 3063 2643 3118 decrevimus
2671 3071 2729 3115 i't
2755 3064 2999 3117 tanonici
3030 3063 3212 3118 clerici
3242 3063 3506 3119 canonice
3556 3064 3778 3124 vivant,

585 3128 677 3183 ιδ.
722 3129 799 3184 De
823 3133 992 3186 baniio
1022 3132 1374 3203 persolvendo.
1407 3133 1474 3185 Ut
1499 3146 1567 3187 ex
1593 3130 1926 3203 his_singulis
1956 3130 2092 3203 ban-
2122 3130 2168 3192 C
2198 3134 2547 3188 observantes
2584 3131 2795 3186 divinae
2823 3134 3119 3203 scripturae
3158 3132 3459 3203 doctrinam
3488 3142 3547 3187 et
3598 3132 3778 3203 docu-

516 3213 617 3270 nus
646 3209 832 3270 noster
858 3201 1213 3268 persolvatur,
1241 3207 1285 3256 si
1318 3219 1344 3254 a
1369 3216 1639 3270 quoquam
1682 3200 1932 3255 frustrata
1960 3202 2093 3255 haec

518 3267 720 3340 fuerint
767 3271 819 3333 σς
853 3280 908 3325 et
962 3271 1306 3327 fideiussores
1348 3267 1516 3340 uSque
1539 3271 1606 3324 ad
1652 3279 1888 3324 nostram
1939 3279 2093 3340 prae-

518 3338 746 3393 sentiam
776 3341 1058 3395 lidissimos
1078 3342 1366 3395 comitibus
1384 3338 1465 3394 vel
1492 3341 1664 3394 missis
1689 3340 1884 3395 nostris
1901 3338 2090 3393 horum

518 3417 862 3478 corruptores
909 3412 1099 3478 singuli
1152 3412 1410 3477 tribuant,
1461 3411 1563 3465 ut'
1598 3410 1746 3464 iuxta
1794 3408 2092 3464 Romanam

518 3475 697 3542 legeni
724 3480 789 3531 lia
826 3495 855 3532 c
885 3475 1225 3543 corrigantur
1252 3482 1296 3533 ⁸.

594 3544 681 3619 467.
724 3546 804 3619 De
838 3559 1062 3619 negotio
1092 3550 1368 3604 saeculari.
1418 3549 1643 3604 Ministri
1696 3546 2094 3619 autem-altaris

522 3617 733 3688 Domini
766 3618 848 3672 vel
877 3616 1119 3688 monachi
1153 3620 1307 3673 uobis
1338 3620 1537 3688 placuit
1562 3626 1621 3673 ut
1663 3633 1692 3671 a
1719 3616 1946 3686 negotiis
1966 3631 2091 3672 sae-

521 3685 793 3741 cularibus
820 3687 1039 3742 omnino
1068 3685 1390 3742 abstineant.
1423 3689 1584 3743 Multa
1625 3695 1751 3742 sunt
1777 3685 1905 3754 ergo
1931 3700 2094 3752 nego-

522 3755 598 3828 tia
630 3757 929 3828 saecularia
955 3757 1006 3822 ';
1038 3758 1069 3811 il
1091 3776 1103 3792 ι
1134 3759 1215 3812 his
1248 3767 1422 3814 tamen
1461 3773 1629 3828 pauca
1659 3757 2091 3828 perstrinximus.

521 3825 602 3896 Ad
629 3823 669 3854 ‘°
691 3840 829 3894 quae
874 3828 1105 3896 pertinet
1136 3829 1175 3858 ¹¹
1205 3831 1381 3883 omnis
1412 3823 1576 3883 libido
1601 3867 1616 3891 ,
1660 3823 1772 3880 non
1822 3830 1996 3880 soium
2039 3826 2093 3879 in

523 3894 842 3949 inmunditia
876 3894 1076 3962 carnis,
1103 3898 1195 3951 sed
1237 3899 1396 3952 etiam
1429 3899 1481 3953 in
1509 3899 1657 3952 omni
1706 3896 1909 3951 carnali
1961 3910 2094 3950 con-

520 3964 867 4037 cupiscentia.
901 3966 1160 4037 Quicquid
1219 3967 1336 4037 plus
1377 3968 1518 4021 iusto
1564 3967 1607 3997 “
1636 3965 1843 4037 appetit
1888 3965 2050 4018 homo
2076 4005 2093 4037 ,

480 4082 486 4089 .
522 4042 679 4102 turpe
730 4036 932 4091 lucrum
959 4033 1175 4092 dicitur.
1227 4036 1384 4092 Mune
1416 4053 1446 4091 a
1474 4033 1687 4091 iniusta'
1719 4035 1963 4104 accipere
2012 4033 2095 4088 vel

523 4104 681 4176 eiiam
712 4104 865 4173 dare,
908 4122 1006 4176 pro
1052 4109 1232 4174 aliquo
1269 4107 1532 4172 saeculari
1579 4104 2096 4176 conquestupretio

522 4172 754 4241 aliquem
808 4172 1537 4243 conducere,contentiones
1560 4185 1616 4229 et
1653 4172 1777 4232 lites
1820 4172 2097 4228 vel’rixas

524 4254 727 4315 auiam,
756 4244 807 4297 in
838 4245 1047 4313 placitis
1092 4248 1456 4302 saecularibus
1500 4246 1774 4315 disputare
1801 4284 1817 4307 ,
1867 4248 2097 4312 extepta

523 4310 583 4363 dt
598 4310 1163 4370 feusione'orfannrum
1191 4327 1283 4369 aut
1304 4310 1602 4379 viduarum;
1627 4315 1984 4369 conductores
2003 4310 2098 4366 aut

525 4393 574 4447 ι)-
592 4393 903 4452 oi:uratiires
929 4401 1048 4439 esse
1074 4385 1429 4439 saecularium
1454 4400 1633 4440 rerum
1658 4427 1672 4447 .
1728 4383 1896 4452 turpis
1946 4381 2093 4452 verbi

524 4448 608 4518 vel
641 4448 760 4510 facti
792 4452 1140 4508 ioculatorem
1165 4469 1301 4518 esse,
1339 4457 1420 4508 vel
1450 4456 1627 4509 iocum
1652 4448 1983 4508 saecularem
2009 4451 2091 4505 di.

525 4515 711 4590 ligor»,
744 4521 890 4575 aleas
915 4539 1117 4587 amare,
1142 4496 1514 4579 οηιιιιίιθηῑυιη
1558 4523 1941 4578 inconveniens
1963 4537 2100 4590 pro-
2129 4496 2177 4556 ί)

529 4587 718 4660 posito
746 4605 843 4642 suo
870 4607 1153 4660 quaerere,
1187 4594 1238 4645 iii
1271 4594 1475 4648 deliciis
1502 4595 1682 4647 vivi-re
1729 4594 1812 4648 vel
1843 4592 1885 4622 "
1916 4587 2096 4660 gulam

527 4658 922 4728 et‘ebrictateiii
978 4664 1149 4728 sequi,
1193 4665 1424 4727 pondera
1458 4664 1650 4717 iniusta
1693 4663 1774 4715 vel
1821 4658 2098 4715 mensuras

527 4722 743 4791 habere,
768 4722 1327 4796 negotium'iuiustiim
1358 4747 1631 4787 exercere.
1659 4738 1965 4784 nontamen
2016 4729 2090 4783 iu-

526 4807 666 4848 Stuui
692 4809 962 4868 negotium
993 4808 1074 4853 est
1099 4802 1569 4855 contradicenduui
1603 4812 1821 4868 promer
1859 4798 2095 4853 necessi-

529 4873 667 4939 tates
695 4867 962 4934 diversas;
992 4870 1115 4937 quia
1148 4872 1369 4939 legimus
1412 4867 1629 4923 sani-tus
1669 4872 1944 4939 apostolos
1996 4884 2093 4921 tie-

524 4934 796 5011 gotiasse,
845 4948 900 4992 et
941 4934 1400 5006 in'regula'taueti
1449 4934 1716 5011 Benedicti
1771 4938 2096 5011 p--aeeipitiir

530 5005 862 5074 praevidere,
897 5024 992 5077 per
1018 5005 1245 5076 quorum
1271 5026 1458 5065 manus
1486 5010 1756 5076 negotium
1773 5005 2095 5062 monasterii

529 5082 797 5148 transeat;
830 5093 988 5132 canes
1010 5090 1205 5134 etaves
1232 5084 1381 5148 sequi
1408 5082 1474 5133 ad
1497 5080 1814 5143 venandum,
1848 5079 1898 5131 in
1925 5077 2099 5148 o‘uni-

528 5143 648 5223 bus,
688 5147 1023 5223 quibuslibet
1041 5152 1106 5202 sit
1152 5143 1367 5223 causis,
1414 5151 1737 5223 superfluum
1776 5162 1924 5223 esse.
1961 5145 2101 5202 Ecce

531 5212 654 5266 talia
682 5212 737 5268 et
760 5215 842 5270 his
869 5218 1061 5272 similia
1113 5220 1369 5274 ministris
1420 5212 1604 5274 altaris
1638 5218 1847 5272 Domini
1889 5231 2099 5271 necnon

531 5289 584 5333 et
612 5287 888 5343 monachis
914 5289 1131 5343 omnino
1151 5291 1564 5345 contradiciiuus
1589 5305 1603 5355 ;
1654 5289 1720 5343 de
1757 5288 1950 5357 quibus
1971 5286 2104 5341 dicit

2196 3209 2375 3256 menta
2414 3208 2723 3270 sanctorum
2777 3201 3013 3270 patrum,
3069 3210 3129 3255 ut
3166 3202 3207 3232 "
3259 3203 3334 3257 nil
3384 3203 3503 3259 sine
3556 3201 3780 3256 licentia

2194 3273 2435 3342 episcopi
2483 3270 2567 3325 sui
2595 3269 2679 3326 vel
2722 3271 2965 3341 magistri
2998 3269 3202 3327 eorum
3254 3272 3559 3341 composite
3612 3285 3781 3340 agere

2233 3351 2558 3395 rae~umant.

2194 3356 2558 3412 prae~umant.

2201 3408 2466 3483 A_49._De
2489 3410 2593 3475 Itis,
2618 3409 2705 3483 qui
2744 3425 2916 3483 servos
2942 3427 3070 3483 suos
3103 3419 3256 3465 extra
3296 3411 3519 3483 indicens
3563 3418 3778 3483 necant.

2194 3480 2250 3535 Si
2294 3481 2413 3547 quis
2441 3480 2655 3533 servum
2703 3481 2978 3549 pr0priuni
3028 3480 3146 3535 sine
3195 3481 3528 3535 conscientia
3585 3480 3783 3533 iud.eis

2196 3549 2480 3613 occiderit,
2511 3548 3072 3619 excommunicatione
3112 3548 3199 3606 vel
3229 3551 3525 3619 penitentia
3573 3549 3782 3604 biennii

2196 3625 2405 3675 reatum
2424 3618 2696 3686 sanguinis
2715 3618 3049 3674 emundahit.

2266 3687 2356 3759 50.
2389 3688 2466 3742 De
2484 3690 2584 3749 liis,
2615 3688 2702 3759 qui
2729 3688 2797 3741 ait
2823 3703 3009 3759 pacem,
3029 3705 3133 3743 non
3160 3697 3509 3744 revertuntur.
3542 3686 3780 3759 Placuit,

2197 3766 2277 3826 ut,
2294 3758 2431 3813 sicut
2460 3761 2773 3827 p'eruuique
2819 3758 2894 3818 lit.
2923 3758 3252 3826 quicumque
3277 3759 3403 3813 odia
3434 3767 3531 3813 aut
3558 3758 3779 3826 longin—

2197 3843 2303 3952 Ἅμα
2354 3827 2495 3881 inter
2508 3841 2581 3908 .se
2611 3828 2703 3907 lite
2730 3827 3077 3908 discesserint
3105 3835 3161 3909 et
3186 3827 3253 3882 ad
3283 3843 3473 3909 pacem

2236 3904 2449 3951 iuturna
2507 3903 2804 3952 intentione
2860 3905 3220 3952 nequiverint.
3266 3916 3292 3949 a
3327 3905 3565 3952 Civitatis
3593 3912 3783 3952 primi-

2236 3899 2449 3951 iuturna
2493 3896 2804 3968 intentione
2860 3896 3292 3968 nequiverint,ia
3327 3898 3565 3958 civitatis
3593 3899 3783 3968 primi-

2198 3975 2286 4021 tus
2321 3965 2691 4036 sacerdotibus
2719 3976 3033 4033 arguantur.
3069 3966 3169 4034 Qui
3199 3967 3246 4021 si
3267 3965 3785 4036 ininiicitias'depo-

2199 4050 2326 4091 nere
2364 4034 2667 4102 perniciosa
2715 4036 3015 4090 intentione
3065 4036 3357 4100 noluerint,
3389 4037 3461 4091 de
3508 4034 3785 4092 ecclesiae

2200 4112 2361 4175 coetu
2383 4106 2671 4175 iustissima
2718 4105 3278 4161 excoinmunicatione
3309 4106 3613 4175 pellantur.

2270 4173 2457 4229 5|.‘De
2485 4176 2583 4238 liis,
2618 4176 2705 4243 qui
2744 4177 2944 4229 intrant
2968 4175 3023 4228 in
3051 4173 3326 4230 ecclesiam
3350 4186 3397 4230 et
3428 4187 3665 4245 propter
3695 4178 3783 4230 ni-

2198 4247 2356 4300 miam
2394 4245 2659 4299 luxuriam
2692 4261 2842 4299 suam
2868 4261 2901 4297 a
2922 4254 3247 4300 sacramento
3275 4263 3330 4300 se
3380 4244 3672 4300 abstinent.
3726 4245 3787 4300 Si

2199 4316 2317 4384 quis
2356 4315 2515 4384 intrat
2568 4314 2620 4369 in
2675 4315 2960 4370 ecclesiam
2995 4314 3087 4369 Dei
3142 4324 3199 4370 et
3249 4330 3436 4371 sacras
3482 4316 3789 4383 scripturas

2200 4383 2307 4440 non
2345 4383 2493 4439 audit
2528 4391 2582 4438 et
2614 4399 2715 4453 pro
2744 4384 2950 4443 luxuria
2977 4398 3074 4437 sua
3105 4385 3303 4439 avertit
3354 4400 3415 4439 se
3444 4400 3477 4439 a
3528 4400 3785 4441 commu-

2202 4455 2362 4508 nione
2389 4455 2710 4525 sacramenti
2741 4464 2795 4508 et
2821 4455 2882 4525 iu_
2900 4454 3252 4525 observandis
3295 4455 3571 4525 mysteriis
3612 4454 3783 4510 decli-

2201 4532 2296 4578 nat
2340 4523 2690 4578 constitutam
2736 4523 2975 4591 regulam
3017 4523 3366 4593 disciplinae,
3412 4526 3578 4580 istum
3616 4525 3785 4579 talem

2200 4594 2570 4662 proiciendum
2600 4594 2667 4648 de
2697 4593 2925 4648 ecclesia
2956 4594 3227 4648 catholica
3256 4609 3379 4649 esse
3408 4594 3782 4656 decernimus,

2197 4663 2370 4734 donec
2382 4662 2909 4734 poenitentiamagat
2921 4670 2976 4717 et
2996 4664 3247 4717 ostendat
3265 4664 3499 4719 fructum
3530 4664 3787 4734 peniten-

2200 4732 2498 4812 tiae’suae,
2543 4741 2600 4785 ut
2637 4732 2808 4813 possit
2859 4734 3240 4788 communione
3294 4732 3555 4804 percepta
3606 4732 3787 4786 indul-

2197 4812 2432 4873 geiitiam
2471 4812 2789 4873 promereri.

2268 4870 2357 4925 52.
2389 4869 2682 4924 De’clericis
2710 4873 2787 4925 vel
2832 4871 2998 4926 laicis.
3057 4871 3132 4926 De
3181 4872 3391 4928 clericis
3420 4874 3502 4928 vel
3566 4872 3720 4927 laicis
3757 4886 3791 4926 a

2199 4940 2575 5022 communione
2603 4940 2866 4996 submotis
2914 4941 2982 4996 ab
3011 4942 3130 4998 aliis
3156 4958 3264 4997 non
3293 4944 3619 5013 recipiendis
3662 4943 3790 5013 epi-

2202 5025 2408 5070 senius.

2274 5078 2360 5153 55.
2401 5080 2475 5153 ρο
2517 5078 2716 5153 clericis
2773 5078 3016 5135 adversus
3053 5082 3271 5153 invicem
3309 5084 3517 5153 negotia
3570 5083 3789 5151 propria

2205 5148 2530 5203 habentibus.
2578 5149 2691 5203 Non
2738 5159 2952 5217 oportet
2974 5152 3206 5207 clericos
3234 5148 3495 5207 habentes
3521 5148 3791 5208 adversus

2208 5220 2438 5292 invicem
2476 5220 2691 5292 negotia
2712 5220 3006 5292 AprAOprium
3033 5221 3343 5292 episcopum
3375 5222 3683 5291 relinquere
3733 5232 3789 5277 et

2209 5288 2276 5342 ad
2308 5290 2606 5344 saecularia
2640 5289 2834 5345 iudicia
2863 5288 3178 5346 convolare.

1746 5427 2138 5511 VAllldN'l‘ES
2177 5425 2584 5483 LECTIUNI‘SS.

609 5538 625 5568 ί
654 5534 937 5591 Cassianus
974 5536 1040 5591 G.

537 5602 705 5676 bonne
734 5604 1010 5676 dominico,
1037 5624 1217 5676 supra.

539 5673 737 5734 pularia
764 5671 827 5725 (ἱ.
906 5675 947 5705 ¹⁶
976 5671 1112 5729 deest
1140 5678 1205 5731 G.
1284 5681 1325 5711 “

1348 5681 1616 5748 pertinent
1643 5677 1707 5732 (ἓ.
1787 5680 1827 5707 ¹²
1852 5679 2046 5732 iniusto
2069 5680 2134 5735 G.

544 5741 586 5771 ¹⁶
610 5741 912 5818 quicunque
941 5744 1167 5813 v.'_Bal.,
1190 5750 1257 5803 ,ἓτ
1290 5741 1461 5817 primo
1498 5748 1616 5805 Bal.
1650 5749 1813 5813 addit,
1844 5765 1997 5814 quum
2034 5766 2189 5806 unum
2218 5759 2415 5805 tantum
2440 5741 2702 5818 scripserit
2723 5752 2854 5818 Aug.

1143 5541 1163 5570 ’
1194 5554 1264 5595 ex
1299 5541 1548 5610 capitulis
1578 5538 1699 5592 Bal.
1768 5538 1789 5569 ³
1809 5539 1876 5610 ab
1901 5539 2087 5610 eadem
2109 5540 2473 5610 satisfactione
2509 5537 2587 5610 [ἶ.

1290 5611 1311 5641 ⁵
1352 5608 1527 5665 nullus
1555 5626 1687 5664 corr.
1737 5609 1893 5662 nullis
1917 5609 1978 5661 (ἶ.
2013 5625 2120 5665 non
2158 5612 2249 5664 ulli
2282 5609 2399 5662 Bal.
2457 5610 2477 5639 ⁸
2501 5608 2815 5665 fecerintG.

2666 5540 2688 5573 ’⁵
2714 5557 2829 5594 cum
2877 5557 3029 5611 capp.
3074 5541 3145 5597 42
3172 5542 3242 5597 45
3275 5543 3345 5614 cf.
3386 5542 3689 5613 Capitulare
3725 5545 3793 5597 de

2670 5619 2727 5664 nt
2748 5610 2815 5665 G.
2891 5613 2910 5642 ⁷
2937 5620 2992 5666 et
3017 5610 3083 5666 G.
3159 5614 3180 5645 ⁸
3208 5616 3483 5666 coniuent
3503 5614 3569 5666 (ἱ.
3627 5615 3647 5643 ⁹
3670 5617 3789 5666 sin-

2937 5620 2992 5667 et
3017 5614 3083 5666 G.
3159 5614 3180 5645 ⁸
3208 5616 3483 5681 corrigunt
3503 5614 3569 5667 (ἱ.
3627 5615 3647 5643 ⁹
3670 5617 3789 5667 sin-

2912 5681 2955 5712 “
2985 5684 3281 5737 observetis
3301 5681 3417 5738 Bal.
3499 5684 3542 5714 ¹⁸
3571 5683 3643 5738 ait
3664 5683 3786 5737 Bai.

2937 5752 2977 5785 ⁸⁸
3006 5753 3323 5810 christianos
3349 5751 3414 5808 ϐ.
3512 5753 3554 5784 ι’
3581 5763 3636 5809 et
3660 5752 3788 5811 Bal.

2214 5681 2256 5711 ⁸³
2282 5681 2460 5732 vivere
2481 5680 2619 5734 velle
2642 5696 2693 5747 g.
2715 5678 2830 5735 Bal.
