4034 6182
288 188 395 244 897

704 179 859 236 COD.
904 179 1181 235 DIPLOM.
1223 210 1292 222 —-
1328 178 1686 237 BENEDICTI
1722 180 1923 237 CAPIT
1930 178 2237 236 ULARIUM
2278 178 2769 236 COLLECTIO.—
2797 183 2951 237 ADD.
2992 181 3086 240 IV.

355 296 442 352 54.
496 294 573 364 De
612 306 692 353 eo,
723 293 808 363 qui
858 305 924 343 ea:
954 293 1495 364 ommunicatusiante
1530 291 1847 364 audientiam
1874 294 1925 350 Α
1950 288 2018 343 ad
2045 289 2392 364 saecularem
2416 288 2439 320 ⁸
2477 289 2708 364 fortasse
2748 290 3048 364 confugerit
3084 298 3138 364 et
3184 291 3232 364 is
3261 291 3329 347 ad
3373 309 3534 364 quem

286 362 660 423 communicare
700 360 1098 429 praesumpserit
1159 360 1214 414 Si
1266 362 1386 429 quis
1415 360 1850 415 excommunica-

286 445 374 490 tns
421 441 545 488 ante
585 430 911 483 audientiam
943 430 1341 484 communicare
1408 429 1845 499 praesumpserit,

292 509 407 576 ipse
430 501 864 576 dantpnationem
894 499 954 576 in
977 499 1304 576 seprotulit.

355 574 442 628 55.
497 568 573 625 De
606 578 830 639 potente,
871 572 955 639 qui
984 570 1201 639 aliquem
1230 584 1295 622 ea:
1332 568 1584 622 oliaverit.
1620 569 1675 623 Si
1731 569 1852 637 quis

285 642 587 714 potentium
608 638 614 639 “
640 638 934 714 quemlibet
962 638 1350 714 _expo|iaverit
1373 709 1383 714 _
1403 646 1458 692 et
1524 640 1851 693 admonente

285 706 541 783 episeopo
571 706 677 783 non
710 706 1019 783 reddiderit,
1047 709 1562 783 excoinmunicetur.

352 782 438 835 56.
492 780 640 844 Quod
680 776 1009 848 ecclesiarum
1058 778 1288 848 omnium
1314 779 1459 832 dotes
1507 778 1577 830 ad
1622 779 1851 848 episcopi

279 852 658 905 ordinationem
691 846 905 901 debeant
936 848 1213 914 pertinere.
1248 847 1396 900 Multi
1447 858 1632 901 contra
1686 846 1852 902 cano-

280 938 405 975 num
429 920 716 973 constituta
734 917 811 971 sic
831 916 1105 986 ecclesias,
1131 931 1264 985 quas
1287 916 1700 975 aedillcaverint.
1757 933 1854 986 po-

276 992 479 1045 stulant
530 988 854 1050 consecrari,
884 990 939 1038 ut
981 984 1181 1048 dotem,
1224 1002 1383 1053 quam
1429 987 1543 1039 eius
1591 984 1852 1043 ecclesiae

274 1059 624 1121 contulerint,
654 1063 909 1125 censeant
939 1056 1001 1107 ad
1049 1056 1285 1125 episcopi
1316 1055 1707 1109 ordinationem
1741 1072 1848 1111 non

276 1133 571 1200 pertint-re.
618 1124 780 1200 Quid
806 1126 1026 1200 “factum
1064 1126 1197 1200 etin
1258 1125 1547 1200 praeterito
1582 1126 1851 1200 displicet

275 1194 331 1252 et
360 1200 412 1252 in
444 1197 622 1251 futuro
667 1194 1016 1262 prohibetur;
1047 1196 1138 1248 secl
1189 1195 1366 1247 omnia
1397 1194 1687 1248 secundum
1717 1211 1848 1249 con-

272 1269 609 1322 stitutionem
663 1265 933 1331 antiquum
963 1264 1029 1317 ad
1065 1264 1302 1333 episcvpi
1345 1264 1742 1318 ordinationem
1793 1274 1850 1320 et

273 1346 617 1407 potestatem
632 1335 955 1407 pertineant.

346 1406 436 1459 57.
474 1405 548 1458 De
570 1402 670 1468 Itis,
698 1419 827 1473 quae
847 1419 886 1473 _a
908 1402 1147 1471 fidelibus
1168 1402 1222 1455 in
1250 1403 1632 1472 parrocliitanis
1662 1402 1848 1459 basili-

272 1476 349 1529 cis
383 1475 690 1541 o/feruntur.
711 1470 720 1473 ’
744 1472 819 1527 De
847 1470 952 1536 his,
982 1487 1122 1539 quae
1153 1470 1447 1537 parrocbiis
1473 1473 1524 1526 in
1558 1477 1734 1534 terris,
1772 1475 1850 1528 vi-

270 1548 409 1608 neis,
439 1543 717 1612 mancipiis
745 1550 906 1609 atque
950 1541 1173 1609 peculiis
1214 1542 1538 1612 quicumque
1589 1543 1605 1572 ¹
1663 1542 1848 1598 lideles

270 1615 586 1675 obtulerint,
619 1611 954 1673 antiquorum
980 1626 1245 1665 canonum
1280 1611 1518 1665 instituta
1546 1623 1846 1677 serventur,

268 1653 638 1739 andinniain
680 1653 916 1748 episcopi
948 1689 1212 1750 poteSIate
1259 1683 1575 1736 consistant.
1635 1682 1710 1735 De
1764 1653 1847 1737 his
1883 1653 1924 1710 Β

269 1763 480 1817 tamen,
526 1765 665 1822 quae
718 1754 769 1822 in
800 1750 992 1822 altario
1039 1750 1383 1816 accesserint,
1444 1754 1601 1805 tertia
1655 1766 1780 1821 pars
1826 1754 1847 1783 ⁸

267 1825 506 1877 ﬁdeliter
534 1818 801 1890 episcopis
823 1818 1111 1890 deferatur.

335 1891 434 1950 58.
467 1891 547 1945 De
570 1888 811 1961 quatuor
836 1888 1155 1961 portionibus
1178 1889 1588 1943 aecclesiasticis.
1613 1889 1768 1956 Quod
1796 1892 1849 1947 in

266 1958 872 2030 utraquaqtie'eeciesia,
905 1958 991 2013 cui
1020 1958 1304 2030 episcopus
1345 1969 1574 2030 praeest,
1621 1971 1853 2028 quatuor

266 2027 524 2086 tam—de'
566 2028 1028 2097 reditibusquam
1079 2027 1147 2081 de
1215 2028 1486 2081 oblatione
1544 2028 1566 2059 ³
1616 2027 1851 2086 ﬁdelium

267 2101 387 2156 tieri
441 2100 676 2155 debeant
714 2096 1026 2169 portiones:
1082 2105 1140 2149 ut
1168 2112 1270 2151 una
1328 2099 1399 2151 sit
1447 2098 1708 2169 episcopi,
1747 2101 1852 2155 alia

269 2171 620 2233 clericorum,
657 2167 811 2237 tertia
846 2180 1161 2237 pauperum,
1191 2175 1246 2221 et
1270 2176 1459 2236 quarta
1488 2167 1705 2224 fabricis
1732 2186 1855 2225 aec-

261 2239 587 2295 ςινιςὶειεῑίισίε
615 2236 930 2303 adplicatur.

331 2308 431 2362 59.
476 2308 551 2362 De
575 2322 653 2372 eo,
695 2307 782 2375 qui
810 2306 1157 2376 artat/remotis
1192 2323 1410 2375 poenam
1450 2308 1591 2376 parvi
1627 2307 1851 2363 duxerit.

262 2378 345 2431 Ex
368 2378 593 2447 epistola
616 2373 785 2447 papae
812 2373 1024 2447 Gelasii.
1049 2377 1109 2447 U_t
1139 2373 1328 2444 siquis
1342 2373 1699 2432 anathematis
1728 2394 1857 2444 poe-

263 2445 572 2516 natnparvi
602 2445 834 2516 duxerit,
865 2446 1026 2498 etiam
1058 2445 1404 2516 documento,
1460 2460 1568 2513 quo
1615 2462 1673 2499 se
1704 2456 1857 2515 pntat

261 2514 550 2585 praedium
603 2514 904 2586 possidere,
964 2519 1269 2573 frustretur.
1316 2515 1589 2586 liceatque
1634 2514 1857 2572 cuilibet

259 2584 335 2642 ec
358 2584 668 2642 lesiasticae
695 2599 960 2653 personae
972 2598 1161 2653 vocem
1182 2584 1621 2640 contradictionis
1645 2585 1857 2643 adferre

259 2667 471 2710 etcum
518 2652 775 2710 fructibus
816 2652 1093 2723 praeteriti
1123 2655 1388 2723 temporis
1416 2655 1604 2709 eadem
1637 2656 1857 2725 l-raedia

259 2727 499 2779 alienata
532 2738 833 2793 reposcere.

332 2794 429 2847 60.
464 2795 540 2847 De
556 2794 731 2864 bisqui
753 2800 1126 2859 contemptores
1142 2808 1396 2846 canonum
1412 2794 1674 2847 extiterint
1687 2793 1856 2851 laicis.

263 2865 334 2920 Ut
371 2866 496 2917 laici
541 2870 944 2931 contemptores
988 2877 1256 2916 canonum
1302 2865 1859 2932 excomtnunicentur,

262 2934 455 2989 clerici
487 2934 690 2985 honore
715 2933 1012 3000 priventur.
1606 2938 1611 2945 '

332 2985 432 3055 (il.
467 3002 536 3056 Ut
577 2985 793 3071 populus
833 3012 957 3071 ante
981 2999 1285 3070 completam
1316 3001 1527 3055 missam
1573 3013 1622 3056 et
1651 3002 1857 3057 benedi-
1885 2985 1934 3049 (ἶ

260 3074 493 3126 ctionem
517 3069 778 3135 acceltam
806 3069 977 3140 egredi
1007 3087 1108 3124 nou
1143 3079 1456 3139 praesumat.
1500 3071 1634 3124 Cum
1669 3073 1734 3125 ad
1766 3090 1858 3124 re-

262 3142 289 3196 l.
317 3142 556 3197 brandas
579 3142 766 3213 missas
799 3143 849 3193 in
884 3140 974 3193 Dei
1008 3141 1222 3213 nomiue
1262 3140 1598 3213 coitv‘enitur,
1631 3143 1860 3213 populus

262 3228 373 3290 npu
408 3222 534 3264 ante
538 3211 827 3290 liiscedat,’
858 3224 1018 3277 quam
1059 3210 1269 3290 inissne
1309 3210 1680 3290 sollempnitas
1702 3210 1860 3290 ἐθη-

260 3283 503 3350 pleatur.
537 3278 601 3332 Et
630 3279 716 3333 ubi
745 3280 1029 3350 episcopus
1057 3277 1235 3341 fuerit,
1258 3277 1687 3350 lwnedictionem
1716 3282 1858 3336 acci-

261 3348 424 3421 piant
446 3350 761 3421 sacerdotis.
811 3348 1106 3421 Sacerdote
1135 3359 1317 3421 autem
1346 3348 1566 3421 verbum
1600 3352 1651 3404 in
1684 3352 1861 3406 eccle-

259 3415 340 3474 sia
377 3419 615 3474 faciente
635 3419 727 3488 qui
749 3432 996 3488 egressus
1034 3419 1101 3472 de
1126 3417 1396 3473 auditorio
1427 3415 1604 3486 fuerit,
1637 3435 1858 3476 excom-

262 3491 598 3543 tuuuicetur.

333 3560 429 3613 (ἃ.
460 3558 534 3611 De
571 3558 670 3622 Itis,
700 3558 786 3629 qui
808 3556 1151 3629 ecclesiastica
1190 3556 1381 3609 ieiunia
1411 3555 1600 3629 absque
1640 3561 1862 3615 necessi-

261 3638 372 3683 tate
403 3627 722 3682 dissotvunt.‘
744 3629 796 3684 Si
828 3627 949 3696 quis
978 3641 1184 3689 eorum,
1219 3628 1309 3695 qui
1350 3627 1632 3682 eontineut
1654 3645 1718 3682 ae
1747 3639 1858 3684 stu-

260 3700 423 3757 deut.
454 3699 655 3765 absque
678 3712 866 3753 neci-ss
892 3704 999 3749 tate
1015 3710 1276 3764 corporea
1309 3696 1505 3749 tradita
1531 3697 1581 3750 in
1613 3714 1860 3753 commu-

263 3783 335 3821 ne
368 3767 572 3821 ieiunia
604 3776 658 3821 et
685 3768 753 3822 ab
782 3766 1006 3821 ecclesia
1036 3765 1305 3820 custodita
1360 3767 1722 3833 superbiendo
1751 3769 1860 3824 dis-

261 3838 435 3891 solvit
462 3838 679 3891 stimulo
709 3850 840 3892 suae
870 3835 1214 3903 cogitationis
1261 3835 1545 3904 impulsus,
1574 3839 1861 3893 anathema

260 3911 353 3962 εῖι.

337 3976 431 4029 65.
488 3976 554 4031 Ut
597 3983 979 4030 sacramentum
1029 3976 1488 4044 caticuminituon
1532 3974 1859 4044 praebeatur.

262 4046 325 4099 lt:
351 4064 412 4101 ιη
438 4047 656 4112 placuit,
693 4055 749 4098 ut
777 4046 938 4100 etiam
968 4060 1063 4115 per
1085 4043 1564 4115 sollempnissimos
1584 4046 1863 4113 paschales

264 4116 389 4171 dies
432 4124 834 4169 sacramentum
860 4113 1104 4182 corporis
1149 4123 1204 4169 et
1232 4114 1506 4184 sanguinis
1538 4113 1745 4168 Dtiltlilli
1777 4131 1861 4169 ca-

266 4186 552 4239 ttcutninis
585 4202 692 4238 non
724 4185 897 4250 detur,
929 4184 1401 4239 nisisolitumsatis
1423 4200 1438 4249 ;
1461 4185 1585 4251 quia
1610 4185 1653 4237 si
1679 4186 1711 4236 li
1734 4185 1863 4238 leles

264 4271 303 4324 p
344 4271 373 4308 r
407 4254 529 4308 illos
551 4254 666 4308 dies
687 4264 1026 4310 sacramenta
1058 4269 1173 4324 non
1197 4260 1438 4324 mutant,
1457 4268 1556 4307 nec
1583 4254 1863 4324 caticumi-

269 4322 375 4379 iios
437 4333 653 4392 Oportet
698 4334 926 4377 mutare.
973 4328 1121 4389 Quae
1151 4322 1320 4378 forma
1369 4322 1530 4376 etiam
1570 4338 1600 4376 a
1647 4323 1862 4393 publice

268 4394 645 4463 peniientibm
677 4395 898 4447 omnino
914 4394 1194 4463 sequenda
1226 4400 1326 4445 est.

343 4461 438 4515 64.
471 4463 545 4517 Ue
584 4464 681 4520 Itis.
712 4465 796 4532 qui
845 4461 1148 4533 rebaptizati
1198 4462 1276 4533 vel
1329 4461 1680 4533 reconﬁrmati
1721 4475 1858 4530 sunt,

267 4535 400 4603 quid
429 4536 495 4587 sit
523 4531 796 4602 agendum.
833 4532 907 4586 De
937 4531 1037 4592 bis.
1060 4533 1149 4601 qtti
1170 4531 1489 4603 rebaptizati
1538 4534 1654 4603 sine
1683 4536 1863 4601 aiiqua

270 4600 610 4657 necessitate
638 4604 720 4657 vel
753 4612 1023 4657 tormento
1049 4600 1183 4670 lapsi
1206 4610 1351 4664 sunt,
1381 4602 1601 4671 placuit,
1637 4612 1693 4655 ttt
1720 4600 1864 4658 ciica

269 4688 373 4726 eos
407 4672 496 4725 illa
540 4673 773 4727 Nicenae
815 4672 990 4726 sinodi
1023 4679 1221 4726 statuta
1269 4679 1572 4733 serventur,
1615 4687 1753 4737 quae
1796 4673 1865 4727 de

270 4743 806 4810 praevaricatoribns
831 4742 1122 4797 constituta
1154 4755 1274 4796 esse
1319 4748 1649 4807 noscuntur;
1702 4742 1754 4795 id
1783 4752 1867 4796 est

270 4822 333 4865 ut
367 4812 530 4865 annis
556 4824 762 4873 septem
787 4812 927 4867 inter
955 4813 1307 4866 caticuminos
1335 4820 1511 4873 orent,
1562 4820 1617 4865 et
1656 4810 1866 4867 duobus

270 4830 333 4865 ut
367 4830 530 4865 annis
556 4830 615 4866 se
657 4830 762 4866 tem
787 4830 927 4867 mter
955 4830 1307 4866 caticuminos
1335 4830 1511 4873 orent,
1562 4830 1617 4865 et
1656 4830 1863 4867 annuus

270 4883 425 4936 inter
453 4830 783 4947 cathoiicos;
810 4890 865 4934 et
888 4891 1070 4949 postea
1097 4881 1466 4935 moderatione
1488 4889 1543 4934 et
1576 4881 1863 4936 clementia

270 4954 530 5020 euiseom
561 4952 803 5006 lidelibus
838 4951 887 5003 in
922 4951 1198 5003 oblatione
1250 4959 1307 5004 et
1351 4950 1677 5005 eueharistia
1712 4967 1867 5007 com-

268 5023 580 5089 municent.
614 5024 782 5086 Quam
813 5020 1038 5074 formant
1068 5028 1362 5089 sequantur
1395 5028 1450 5075 et
1480 5021 1865 5079 reconlit'mati.

345 5088 442 5145 65.
476 5090 553 5144 De
600 5092 830 5154 clericis,
878 5091 962 5154 qui
1016 5090 1083 5142 ad
1126 5088 1469 5143 saecularium
1520 5091 1870 5159 defensionem

269 5160 814 5230 confugiuntpropter
854 5160 1223 5230 districtionem
1253 5161 1521 5230 episcopi.
1555 5159 1779 5230 Placuit,
1814 5171 1874 5215 ut

272 5229 533 5295 clericus,
558 5233 602 5285 si
633 5232 824 5285 rutilo
857 5229 1035 5283 ollieio
1065 5245 1163 5283 suo
1208 5239 1429 5299 propter
1472 5229 1870 5285 districtionem

1950 359 2195 421 recurrit,
2237 359 2484 413 solatium
2506 360 2834 415 defensionis
2863 363 2884 392 ⁸
2916 359 3252 427 inpenderit,
3282 359 3404 417 cum
3434 379 3531 419 eo-

1949 428 2070 482 dem
2094 427 2175 499 de;
2188 428 2449 499 ecclesiae
2476 431 2857 499 communione
2888 431 3144 499 pellatur.

2021 499 2113 551 66.
2141 496 2219 550 De
2240 497 2855 567 turpiloquiis.Clericos
2877 496 3132 555 scurriles
3149 509 3203 555 et
3218 502 3394 557 verbis
3422 514 3539 559 tur-

1953 566 2110 636 pibns
2140 568 2404 636 ioculares
2432 568 2498 619 ab
2519 566 2698 623 ol‘licio
2724 568 3106 624 detrahendos.

2020 635 2219 713 (πρε
2237 636 2463 713 clericis,
2489 638 2574 705 qui
2592 638 2645 713 in
2673 638 2901 692 convivio
2944 649 3158 692 cantare
3188 656 3541 713 praesumpse-

1951 706 2076 758 rint.
2108 705 2299 759 Clerici
2323 706 2464 759 inter
2491 707 2675 770 epulas
2718 715 3005 761 cantantes
3043 705 3385 776 supradictae
3413 705 3539 766 sen-

1953 776 2154 829 tentiae
2179 776 2465 828 severitate
2490 786 2867 830 coerceantur.

2022 843 2110 897 68.
2144 842 2227 897 Ne
2253 845 2465 918 clericus
2490 861 2582 912 per
2609 857 2872 918 creaturas
2917 847 3073 918 iuret.
3123 845 3387 901 Clericum
3444 865 3542 918 per

1950 922 2229 988 creaturas
2258 915 2522 988 iurantem
2565 916 2840 988 acerrime
2878 916 3309 988 obiurgandum;
3340 918 3385 972 si
3419 915 3540 988 per-

1950 983 2147 1038 stiterit
2172 984 2223 1035 in
2253 984 2408 1049 vitio,
2437 984 3030 1039 excommunicandnm.

2022 1052 2110 1105 69.
2154 1052 2239 1106 Ne
2267 1062 2388 1106 ante
2421 1053 2602 1125 horam
2630 1054 2730 1107 diei
2765 1056 2967 1108 tertiam
2998 1057 3111 1125 quis
3146 1055 3217 1109 ad
3258 1057 3541 1113 caunivinm

1953 1131 2131 1195 pergat
2159 1136 2402 1195 necante
2440 1121 2841 1195 benedictionem
2884 1121 3183 1180 manducet.
3231 1128 3343 1179 Non
3379 1142 3542 1195 Opor-

1956 1203 2071 1246 tere
2094 1192 2115 1221 ⁸
2137 1194 2362 1247 clericos
2382 1195 2459 1245 vel
2481 1194 2647 1246 Iaicos
2669 1193 2949 1261 religiosos
2973 1204 3098 1247 ante
3122 1211 3329 1249 sacram
3348 1192 3536 1251 horam

1952 1262 2054 1314 diei
2088 1263 2298 1315 tertiam
2332 1262 2465 1315 inire
2490 1264 2755 1326 convivia,
2797 1278 2973 1330 nrqtte
3001 1264 3288 1332 aliquando
3319 1267 3542 1322 t-leriCos

1955 1331 2054 1384 nisi
2081 1332 2443 1404 hymnodicto
2469 1332 2631 1387 edere
2653 1348 2869 1401 panem,
2900 1341 2956 1387 et
2995 1331 3116 1401 pest
3144 1334 3294 1389 cibos
3339 1337 3541 1404 gratias

1951 1404 2157 1454 auctori
2194 1402 2302 1455 Deo
2333 1403 2553 1455 relerre.

2140 1470 2206 1523 (It
2247 1469 2516 1543 presbiter,
2568 1472 2613 1524 si
2641 1471 2954 1543 inconsulto
2997 1473 3236 1542 episcopo
3284 1474 3539 1543 agendam

1952 1540 2297 1614 celebraucrit.
2331 1542 2526 1614 [tonare
2570 1542 2815 1614 privetur.
2849 1540 2936 1594 Ex
2974 1540 3193 1614 concilio
3220 1540 3534 1614 (laritagiuis.

1955 1609 2235 1681 Numidius
2258 1610 2545 1678 episcopus
2589 1610 2954 1681 Massilitanus
3003 1613 3025 1681 "7
3072 1613 3255 1665 dixit:
3312 1609 3541 1681 lu'qui-

1955 1679 2177 1750 busdam
2228 1680 2359 1733 locis
2403 1680 2896 1750 suntipreshitert,
2940 1680 3031 1748 qui
3080 1689 3174 1735 aut
3227 1679 3542 1750 ignorantes

1949 1748 2270 1820 simpliciter
2295 1758 2388 1820 aut
2435 1749 2837 1803 dissimulantes
2867 1752 3125 1820 audacter
3171 1748 3457 1820 praesente
3488 1762 3544 1809 et

1951 1818 2258 1873 inconsulto
2305 1819 2562 1888 episcopo
2614 1834 2736 1888 tum
2795 1819 3037 1887 pluribus
3081 1821 3102 1851 ⁸
3150 1818 3203 1874 in
3254 1820 3542 1879 domiciliis

1951 1894 2116 1955 agunt
2157 1887 2440 1954 agendam.
2491 1887 2644 1953 Quod
2686 1889 3001 1956 disciplinae
3045 1891 3394 1957 incongruum
3423 1907 3544 1948 esse

1952 1958 2511 2026 cognoscitsanctitas
2541 1964 2741 2011 vestra.
2766 1959 3005 2012 Gentius
3027 1961 3311 2026 episcoims
3355 1961 3493 2017 dixit
3522 1981 3538 2017 :

1952 2024 2172 2081 Fratres
2200 2037 2254 2081 et
2275 2028 2582 2096 coepiscopi
2628 2028 2795 2080 nostri
2827 2027 3017 2094 dignae
3058 2024 3384 2096 Suggestioni
3416 2040 3544 2088 tuae

1953 2096 2282 2163 respondere
2324 2106 2544 2164 propter
2584 2097 2939 2162 ignorantiam
2995 2114 3098 2151 non
3133 2112 3431 2155 morantur.
3464 2102 3544 2157 Ab

1955 2166 2217 2237 universis
2265 2165 2533 2237 episcOpis
2577 2166 2777 2237 dictum
2828 2176 2911 2237 est
2942 2184 2955 2219 :
2986 2167 3239 2236 Quisquis
3281 2172 3545 2237 presbiter

1956 2234 2260 2306 inconsulto
2287 2234 2543 2306 epifscdpo
2569 2236 2826 2303 agendam
2854 2236 2905 2290 in
2938 2234 3175 2306 quolibet
3203 2234 3323 2292 loco
3352 2240 3541 2296 volue-

1954 2304 2024 2358 rit
2045 2303 2341 2368 celehrare,
2365 2303 2485 2362 inse
2508 2304 2698 2358 honori
2729 2321 2827 2358 suo
2876 2303 3176 2361 colorat-ius
3205 2308 3404 2362 existit.

2030 2370 2232 2444 71.7Ne
2258 2373 2510 2444 presbiter
2560 2375 2961 2429 benedictionem
2989 2377 3065 2430 vel
3098 2378 3461 2442 paenitentiam
3486 2380 3543 2435 in

1955 2443 2170 2517 ecclesia
2198 2443 2325 2517 dare
2352 2454 2668 2517 paesumat.
2725 2443 3164 2500 Benedictionem
3215 2462 3378 2515 super
3425 2452 3543 2517 ple-

1957 2511 2079 2567 bem
2112 2514 2163 2566 in
2193 2511 2422 2567 ecclesia
2452 2514 2674 2567 l‘undere
2694 2522 2786 2567 aut
2817 2519 3180 2583 poenitentem
3213 2517 3264 2569 in
3285 2511 3544 2575 'eccl'esia

1957 2583 2274 2665 benedicere
2312 2584 2868 2665 presbiipronpenitus.
2884 2600 2998 2665 non.
3022 2584 3220 2665 bet-bit.

2033 2650 2121 2705 72.
2143 2650 2356 2724 iudicio
2382 2650 2727 2706 multitudinis
2773 2653 3126 2708 ordinationes
3150 2655 3266 2724 ﬁeri
3293 2673 3397 2710 non
3449 2656 3541 2713 de-

1960 2722 2096 2778 bere.
2129 2722 2281 2788 Quod
2324 2737 2428 2775 non
2461 2724 2532 2775 sit
2571 2724 2986 2790 permittendum
3031 2722 3199 2778 turbis
3251 2727 3546 2782 electiones

1960 2807 2149 2847 emunt
2184 2790 2383 2854 facere,
2408 2792 2498 2858 qui
2526 2800 2653 2845 sunt
2673 2795 2739 2844 ad
2781 2806 2905 2845 sane
2937 2792 3138 2846 dotiqu
3186 2797 3540 2862 proveliendi.

2033 2884 2119 2939 75.
2162 2883 2222 2955 Si
2251 2884 2340 2954 qui
2373 2884 2547 2955 clerici
2574 2882 2639 2936 ab
2686 2884 2939 2955 episcopis
2967 2886 3075 2938 suis
3097 2889 3320 2953 promoti
3335 2899 3545 2943 conten-

1964 2954 2136 3008 derint
2175 2954 2220 3020 ’,
2246 2953 2338 3006 nec
2366 2953 2474 3007 illic
2512 2953 2776 3015 mai-cant,
2821 2953 2956 3006 unde
2985 2957 3220 3009 recedere
3267 2957 3541 3011 noluerint.

1964 3023 2052 3077 Ea:
2078 3023 2296 3078 concilio
2318 3020 2633 3092 Cartaginis.
2667 3022 2892 3084 Placuit.
2923 3034 2984 3077 ut
3011 3025 3335 3093 quicumque
3360 3027 3544 3083 clerici

1964 3095 2046 3147 vel
2065 3093 2278 3165 diaconi
2301 3107 2398 3165 pro
2413 3093 2825 3165 necessitatibus
2846 3094 3191 3147 ecclesiarum
3215 3111 3321 3150 non
3344 3104 3548 3165 optem-

1963 3162 2272 3231 peraveiint
2299 3161 2567 3231 episcoiiis
2596 3162 2707 3215 suis
2730 3164 3032 3216 volentibus
3061 3178 3157 3219 eos
3180 3165 3246 3217 ad
3279 3161 3542 3221 honorent

1963 3230 2279 3304 ampliorem
2311 3230 2363 3284 in
2410 3247 2506 3304 sua
2553 3232 2780 3304 ecclesia
2814 3248 3153 3304 promovere.
3186 3248 3286 3288 nec
3316 3236 3423 3290 illic
3450 3238 3548 3290 mi-

1965 3301 2193 3357 nistrent
2221 3302 2273 3355 in
2297 3303 2466 3367 gradu
2494 3317 2617 3367 suo,
2641 3302 2782 3356 unde
2805 3301 3061 3356 recedere
3091 3305 3399 3359 noluerunt.

2034 3392 2121 3445 74.
2149 3390 2234 3445 Ea:
2252 3391 2468 3446 decretis
2491 3408 2657 3463 papae
2689 3390 2926 3463 Gregorii
2954 3391 3192 3458 iunioris,
3229 3393 3292 3447 de
3312 3395 3543 3450 incestic.

1968 3461 2024 3517 Si
2053 3463 2173 3530 quis
2194 3461 2808 3517 consobrinamduserit
2831 3464 2883 3515 in
2906 3463 3231 3530 coniugium,
3259 3467 3545 3521 anathema

1961 3535 2050 3586 sit.
2078 3532 2142 3585 Et
2176 3531 2218 3563 ¹⁰
2246 3532 2406 3602 paulo
2433 3543 2554 3601 post
2584 3530 2744 3585 infert
2771 3540 2826 3585 et
2853 3532 3023 3587 dicit:
3061 3550 3078 3582 σ
3102 3532 3168 3602 γε.
3193 3534 3314 3601 quis
3338 3536 3405 3587 de
3431 3550 3549 3602 pro-

1962 3602 2077 3673 pria
2109 3601 2433 3673 cognatione
2475 3602 2560 3655 vel
2590 3615 2780 3673 q1tam_
2798 3610 3060 3673 cognatus
3099 3601 3287 3655 habuit
3331 3601 3549 3657 (inserit

1965 3670 2209 3736 uxorem,
2242 3672 2528 3725 anathema
2559 3673 2654 3726 sit.
2693 3690 2713 3722 ι
2742 3670 2807 3724 Et
2839 3671 3095 3726 Dominus
3123 3672 3174 3725 in
3222 3673 3337 3740 lege
3366 3674 3546 3728 divina

1963 3745 2082 3811 ait:
2115 3740 2297 3794 Omnis
2324 3745 2474 3795 homo
2508 3742 2578 3794 ad
2601 3743 2891 3808 proximam
2919 3743 3184 3811 sanguinis
3225 3743 3304 3795 sui
3330 3759 3431 3797 non
3461 3760 3551 3796 ac-

1962 3810 2127 3873 cedat,
2153 3821 2209 3863 ut
2234 3812 2414 3864 revelet
2436 3820 2553 3878 turp
2577 3811 2803 3863 tudinem
2823 3812 2952 3863 eius.
2978 3810 3044 3863 Et
3071 3812 3229 3879 paulo
3246 3822 3363 3878 p0st
3397 3831 3408 3865 :
3440 3814 3475 3863 Λ
3492 3829 3549 3867 cc

1962 3881 2176 3933 accedet
2217 3881 2285 3932 ad
2329 3895 2540 3933 uxorem
2582 3882 2719 3943 eius,
2763 3881 2849 3949 qui
2898 3879 2995 3949 sibi
3031 3880 3291 3947 afﬁnitate
3329 3882 3551 3935 coniun-

1962 3950 2118 4018 gitur.
2145 3949 2274 4001 ltem
2306 3950 2449 4003 unde
2489 3965 2648 4015 supra
2687 3966 2700 4001 :
2738 3948 2978 4002 «Nullus
3007 3950 3139 4002 certi
3181 3951 3375 4015 gradus
3418 3968 3551 4004 cou-

1962 4021 2309 4084 sanguineam
2346 4018 2397 4070 in
2443 4019 2749 4084 coniugium
2796 4018 3028 4086 accipiat
3055 4025 3147 4070 aut
3180 4018 3280 4071 sibi
3311 4020 3547 4073 scelera-

1966 4088 2258 4157 ti~nuptiis
2285 4087 2553 4141 desideret
2582 4088 2904 4157 copulari.)
2961 4086 3188 4157 ltetnex
3227 4087 3383 4157 dictis
3424 4089 3544 4156 epio

1964 4155 2254 4225 scoparum
2280 4166 2336 4212 et
2390 4155 2774 4224 imperatorum
2831 4155 3119 4210 Theodosii
3167 4165 3222 4209 et
3270 4155 3544 4218 aliorum:

1931 4268 1941 4277 .
1972 4245 1990 4278 ι
2033 4231 2084 4280 ln
2107 4235 2311 4296 Septem
2340 4226 2593 4296 grauibus
2620 4226 2800 4279 omnia
2844 4226 3301 4296 propinquitatutn
3330 4229 3550 4285 nomina

1896 4328 1945 4386 υ
1967 4294 2686 4386 euntineiitur,uliraqtips
2848 4294 3082 4386 anilitiitas
3135 4295 3402 4351 iuventur
3451 4311 3553 4354 nec

1966 4365 2235 4421 successio
2263 4373 2440 4435 p0te.-t
2461 4364 2690 4434 amplius
2716 4366 3016 4434 prorogari.
3055 4382 3074 4416 ι

2036 4460 2125 4515 75.
2161 4459 2317 4531 Item,
2343 4459 2407 4513 de
2431 4460 2658 4531 incestis.
2714 4456 2797 4513 Ea:
2840 4458 3076 4531 epistolis
3101 4457 3336 4531 Gregorii
3380 4477 3551 4531 papae

1966 4540 2147 4585 sancto
2197 4531 2237 4561 “
2281 4530 2550 4598 Bonifacia
2598 4528 2898 4599 Mogontiae
2936 4528 3318 4598 archiepiscopo
3360 4528 3548 4592 missis.

1972 4600 2286 4677 Progeniem
2301 4613 2471 4677 suam
2486 4613 2930 4677 unumquemque
2973 4612 3141 4666 usque
3170 4599 3236 4677 ad
3266 4601 3548 4677 septimam

1969 4674 2259 4724 observare
2283 4669 2622 4738 decernimus
2650 4668 3099 4738 generationem,
3126 4676 3183 4723 et
3202 4668 3458 4738 quamdiu
3488 4684 3550 4723 se

1971 4749 2270 4824 agnoscuni
2297 4736 2556 4818 afﬁnitate
2578 4736 3007 4824 prdpinquosc“,
3041 4737 3106 4791 ad
3138 4736 3294 4824 huius
3322 4739 3551 4824 copulae

1971 4826 2077 4864 non
2110 4809 2367 4863 accedere
2393 4812 2731 4863 societatem.
2769 4808 2835 4861 Et
2860 4808 2902 4838 ¹³
2926 4809 2977 4862 in
3019 4808 3226 4863 sanctis
3247 4809 3545 4863 canonibus

1970 4879 2160 4946 Spiritu
2209 4878 2302 4931 Dei
2351 4878 2581 4932 conditis
2612 4878 2680 4931 de
2709 4877 2928 4932 incestis
2961 4878 3186 4931 habetur
3241 4878 3372 4930 inse:
3389 4885 3496 4929 tum
3532 4891 3546 4927 :

1970 4948 2194 5004 Incestis
2220 4947 2696 5003 coniunctionibus
2735 4948 2861 5000 nihil
2905 4959 3127 5014 prorsus
3158 4946 3343 4998 veniae
3372 4960 3548 4998 reser-

1973 5034 2176 5096 yamus,
2203 5017 2302 5071 nisi
2329 5032 2449 5072 cum
2467 5016 2788 5096 adulterium
2805 5014 3144 5096 separatione
3168 5016 3495 5096 sanaverini.
3523 5030 3543 5063 ο

1955 5088 2213 5143 incestos
2267 5101 2400 5140 vero
2455 5086 2600 5140 nullo
2648 5083 2883 5153 coniugii
2931 5083 3147 5153 nomine
3197 5083 3548 5153 appellandos

1976 5157 2307 5221 sanccimus;
2347 5155 2440 5212 sed
2467 5154 2662 5224 quibus
2698 5152 2894 5208 inlicita
2925 5152 3243 5207 coniunctio
3276 5152 3552 5206 interdici-

1934 5274 1937 5279 ,
1981 5239 2086 5291 tor,
2119 5227 2217 5280 nisi
2250 5227 2300 5279 hi
2352 5234 2494 5291 sunt,
2538 5238 2677 5294 quos
2725 5234 3030 5280 sanctorum
3076 5231 3288 5292 patrum
3334 5224 3551 5277 decreta

1516 5318 1906 5378 νΑκιΑΝΤΕε
1948 5319 2343 5378 LEC'I'IUNES.

355 5411 372 5439 ¹
420 5426 790 5480 quaecumque
834 5410 953 5465 Bal.
1048 5413 1068 5441 ’
1111 5412 1259 5464 Deest
1306 5408 1371 5465 G.

276 5480 297 5511 ⁷
347 5480 688 5536 Maxilitanus
724 5481 790 5536 (ἱ.
886 5482 907 5513 ⁸
939 5498 1059 5537 cum
1110 5484 1261 5551 plura
1302 5481 1369 5535 (ἱ.

1446 5411 1467 5442 ³
1497 5412 1856 5470 oblationibus
1885 5414 2005 5471 Bal.
2080 5417 2103 5445 ⁸
2132 5411 2410 5466 saeculare
2437 5408 2501 5464 G.

1446 5481 1466 5512 '
1493 5486 1916 5551 contempserint
1951 5484 2062 5540 Ba'.

2603 5409 2625 5440 ⁵
2651 5423 2698 5464 s.
2743 5408 2793 5464 ei
2822 5408 2892 5480 d.
2922 5408 3039 5463 Bal.
3138 5409 3158 5441 ⁸
3188 5415 3405 5480 oportet
3428 5406 3548 5480 Bal.

2144 5483 2185 5512 ¹⁰
2225 5480 2430 5535 Verba:
2460 5491 2590 5549 etp.
2627 5495 2680 5549 p.
2714 5481 2750 5534 i.
2778 5494 2830 5534 et
2864 5479 2953 5544 d.;
2997 5491 3101 5533 tum
3122 5488 3170 5535 et
3206 5477 3266 5531 ι).
3300 5479 3353 5532 in
3398 5479 3433 5531 Ι.
3463 5477 3551 5549 di-

278 5551 415 5624 vina
441 5566 455 5614 ;
485 5560 590 5603 tum
618 5562 672 5605 ct
709 5552 871 5624 paulo
905 5561 1024 5624 post
1042 5569 1065 5624 Δ;
1112 5548 1223 5604 tum
1256 5550 1381 5624 item
1411 5551 1551 5624 unde
1602 5548 1799 5621 supra;
1826 5556 2046 5624 denique
2074 5554 2200 5608 item
2230 5566 2296 5604 ex
2326 5551 2378 5603 d.
2415 5584 2475 5604 ...
2502 5548 2730 5624 aiiortun
2774 5550 3033 5624 G.__min_i9
3072 5550 3299 5624 scripsit,
3330 5563 3427 5624 geni
3472 5548 3548 5624 ἐξα

282 5618 466 5683 capita
492 5636 556 5674 ea:
582 5637 683 5675 uno
714 5618 931 5690 iaciens.
1012 5622 1050 5652 ¹¹
1085 5624 1223 5675 deest
1270 5620 1386 5675 Bal.

1467 5622 1507 5653 ⁸⁸
1551 5619 1947 5694 propinquitate
1961 5619 2110 5694 'quos
2138 5625 2415 5693 (superscr.
2468 5619 2552 5675 vel
2579 5622 2696 5691 eos)
2735 5620 2802 5676 ad
2830 5619 2893 5675 G.

2972 5619 3013 5651 ¹³
3052 5613 3215 5675 minio
3243 5617 3450 5689 scripsit
3479 5613 3551 5674 G.
