4034 6182
248 297 347 354 905

664 298 820 353 COD.
863 297 1138 358 DIPLOM.
1175 327 1246 340 —-
1283 297 1646 354 BENEDICTI
1685 295 2198 352 CAPITULARIUM
2239 297 2634 356 COLLECTIO.
2680 329 2750 340 —
2789 297 2947 352 ADD.
2993 295 3081 351 IV.

3401 297 3506 352 906

311 413 432 486 118.
473 413 552 469 De
593 415 860 472 cuiuslibet
911 418 1122 486 propria
1154 431 1314 470 uxore
1343 417 1560 470 dimissa
1591 415 1666 470 uel
1696 416 1816 486 sine
1845 416 1896 474 Α
1925 411 2150 486 perdant
2177 431 2192 478 ;
2229 423 2283 468 et
2311 414 2399 483 qui
2431 413 2748 468 benelicium
2776 429 2882 468 non
2911 413 3094 480 habet,
3129 413 3364 468 banttum
3395 416 3506 468 sol-

243 489 385 555 culpa
415 485 706 556 interfecta.
755 487 1087 556 Quicumque
1125 486 1339 556 propria
1369 501 1536 540 uxore
1562 485 1817 540 derelicta

243 557 322 612 vel
345 559 460 612 sine
487 555 642 624 culpa
670 555 976 622 interfecta,
1007 556 1168 610 aliam
1190 555 1420 620 duxerit,
1455 555 1617 608 armis
1651 555 1818 622 depo-

243 627 374 690 sitis,
421 625 686 694 publicam
729 635 854 694 agat
899 626 1304 694 poenitentiam.
1341 625 1406 678 Et
1433 626 1478 678 si
1522 633 1817 694 contumax

243 693 437 759 fuerit,
451 693 938 764 comprehendatur
977 711 1008 748 a
1053 697 1250 750 comite
1276 705 1330 749 et
1359 695 1504 750 ferro
1531 693 1814 758 vinciatur,

244 777 296 822 et
318 769 368 819 in
396 765 694 820 custodiam
741 765 980 820 mittatur
999 765 1173 820 donec
1195 781 1280 820 res
1307 766 1322 796 ί
1353 767 1418 819 ad
1459 773 1698 820 nostram
1722 778 1816 818 no-

243 836 412 890 titiam
439 833 752 890 deducatur.

312 913 448 985 119.7
477 913 554 968 De
574 929 654 974 eo,
684 915 770 985 qui
796 930 880 985 res
905 915 1100 970 alienas
1129 917 1332 970 cuilibet
1353 916 1550 970 homini
1579 915 1822 968 uendide-

241 987 324 1038 rit.
353 984 688 1052 Quicumque
701 984 792 1038 res
813 984 1016 1040 alienas
1037 987 1256 1042 cuilibet
1275 986 1478 1040 homini
1499 985 1814 1046 vendiderit,

243 1063 295 1108 et
340 1055 453 1112 inse
502 1055 662 1108 homo
689 1053 906 1108 easdem
949 1070 1036 1109 res
1081 1057 1242 1112 alicui
1271 1057 1424 1108 alteri
1453 1055 1666 1109 dederit
1708 1056 1822 1107 sive

242 1124 564 1186 vendiderit,
595 1131 651 1177 et
687 1124 802 1191 ipse
843 1124 936 1191 qui
965 1134 1091 1180 tunc
1115 1126 1334 1180 easdem
1363 1141 1450 1180 res
1481 1133 1822 1190 comparatas

244 1194 424 1264 habet,
467 1209 563 1264 per
607 1193 805 1264 malum
835 1192 1104 1260 ingenium
1141 1197 1358 1264 proprio
1393 1195 1502 1248 lilio
1533 1204 1627 1248 aut
1664 1195 1820 1264 alteri

244 1262 482 1318 cuilibet'
511 1262 735 1317 necdum
793 1263 1060 1319 leaitimos
1115 1262 1286 1319 annus
1325 1266 1540 1319 habenti
1591 1263 1824 1317 iustitiae

244 1333 510 1388 tollendae
550 1347 708 1388 causa
758 1333 1064 1397 tradiderit;
1107 1337 1353 1389 volumus
1395 1343 1558 1402 atque
1603 1334 1826 1386 firmiter

246 1403 621 1484 praecipimus,
649 1411 706 1456 ut
731 1402 775 1456 si
806 1411 960 1484 pater
985 1404 1453 1484 eiusdemparvuli
1476 1404 1686 1484 vixerit,
1713 1403 1826 1470 ipse

246 1473 410 1542 intret
459 1473 510 1526 in
558 1486 775 1526 causam
817 1473 1078 1526 rationem
1111 1473 1368 1528 reddendi
1416 1488 1512 1542 pro
1558 1473 1667 1526 lilio
1703 1486 1823 1526 suo.

245 1540 298 1596 Si
329 1550 507 1596 autem
537 1549 691 1610 pater
716 1549 958 1596 mortuus
981 1552 1082 1608 est,
1114 1552 1240 1598 tunc
1269 1540 1534 1610 legitimus
1561 1543 1678 1598 eius
1703 1555 1829 1610 pro-

245 1613 495 1682 pinquus,
527 1609 616 1680 qui
641 1609 776 1665 iuste
804 1611 850 1664 ei
883 1620 1027 1682 tutor
1052 1620 1142 1666 aut
1173 1609 1421 1682 defensor
1446 1627 1564 1682 esse
1595 1609 1823 1682 videtur,

247 1680 345 1752 pro
377 1684 494 1752 ipso
523 1682 789 1752 rationem
821 1681 1040 1752 reddere
1079 1681 1430 1752 conpellatur.
1476 1681 1733 1736 Similiter
1760 1680 1828 1735 de

246 1751 885 1833 aliis_omnibusiustitiis
904 1753 978 1833 ad
1001 1767 1120 1806 eum
1153 1751 1536 1833 pertinentibus
1561 1770 1574 1818 ;
1602 1759 1824 1832 escepta
1861 1755 1903 1812 Β

246 1834 338 1875 sua
373 1820 604 1890 legitima
657 1820 974 1892 hereditate,
1012 1820 1170 1890 quae'
1193 1823 1242 1876 ei
1292 1838 1388 1892 per
1431 1822 1826 1892 successionem

247 1899 528 1960 parentum
559 1905 776 1944 suorum
821 1890 1057 1958 legitime
1085 1890 1304 1946 evenire
1345 1891 1550 1947 debuit.
1593 1891 1747 1956 Quod
1785 1891 1830 1944 si

247 1959 368 2030 quis
411 1961 548 2014 hanc
592 1969 830 2014 nostram
883 1961 1172 2015 iussionem
1213 1963 1594 2030 contempserit
1622 1960 1706 2014 vel
1737 1975 1832 2014 ne-

246 2028 670 2100 glexerit,isicut
711 2030 778 2084 de
822 2033 1018 2085 ceteris
1047 2028 1526 2100 contemptoribus,
1560 2033 1631 2086 ita
1661 2030 1728 2085 de
1765 2045 1832 2084 eo

249 2109 464 2168 agatur.
501 2099 549 2154 ls
575 2114 726 2170 vero,
756 2101 847 2170 qui
879 2103 1093 2154 easdem
1132 2117 1218 2156 res
1249 2099 1449 2170 primus
1478 2102 1732 2155 invaserit
1778 2109 1832 2155 et

247 2170 451 2224 iniuste
479 2169 746 2233 vendidit,
789 2185 998 2225 necnon
1030 2179 1084 2224 et
1113 2169 1402 2240 emptores.
1451 2179 1676 2240 excepta
1719 2173 1832 2226 sola

246 2253 482 2322 persona
512 2241 736 2322 parvuli,
769 2241 897 2322 hoc,
918 2241 1058 2309 quod
1091 2241 1455 2322 fraudulenter
1481 2242 1832 2322 adtttisernnt,

247 2310 394 2364 intra
439 2310 664 2380 patriam
713 2315 998 2364 emenlate
1041 2322 1321 2378 cogantur.
1375 2315 1438 2364 Et
1483 2322 1668 2379 postea
1699 2311 1837 2380 sient

251 2377 660 2449 contemptores
689 2379 938 2433 iussionis
968 2377 1184 2436 nostrae
1209 2385 1308 2435 sub
1339 2377 1738 2436 fideiussoribus
1768 2377 1836 2434 ad

249 2457 494 2505 nostram
517 2450 872 2516 praesentiam
900 2451 1082 2504 venire
1111 2452 1520 2519 compellantur.

323 2530 482 2584 Anno
511 2526 740 2600 feliciter
783 2527 838 2581 11
883 2530 1055 2600 regni
1080 2529 1262 2584 domui
1293 2531 1462 2584 nostri
1501 2529 1678 2586 Karoli
1718 2531 1837 2600 glo-

251 2599 538 2680 riosissimi
561 2599 705 2680 regis
721 2599 780 2680 in
805 2614 988 2680 mense
1011 2597 1219 2679 Martio,
1244 2601 1474 2680 qualiter
1501 2597 1841 2680 congregatis

250 2673 304 2725 in
336 2685 506 2740 unum
529 2669 756 2740 sinodali
783 2669 1012 2722 concilio
1042 2669 1326 2740 episcopis,
1351 2669 1648 2732 abbatibus.
1682 2672 1838 2724 viris-

249 2755 358 2810 que
397 2738 728 2804 inlustribus,
760 2753 866 2791 una
895 2753 1016 2810 cum
1063 2738 1368 2804 comitibus,
1410 2743 1704 2795 secundum
1746 2741 1840 2796 Dei

248 2808 588 2866 voluntatem
635 2823 729 2876 pro
777 2808 952 2862 causis
1007 2811 1324 2877 opportunis
1370 2821 1658 2866 censentur
1695 2812 1714 2840 '
1743 2810 1840 2866 de-

245 2890 398 2936 creta
408 2917 422 2930 .

317 2947 448 3006 κο.
484 2945 570 3018 ille
619 2947 1079 3018 metropolitanis,
1105 2948 1178 3002 De
1223 2949 1242 2979 ³
1289 2949 1740 3018 metropolitanis,
1785 2959 1842 3003 ut

243 3017 496 3096 episcopi
541 3016 973 3096 suifraganeieis
999 3017 1277 3096 adiutores
1301 3020 1321 3049 ³
1348 3016 1478 3096 sint,
1507 3030 1563 3074 et
1587 3036 1670 3085 ea,
1701 3034 1840 3090 quae

1923 491 2012 535 vat
2049 484 2092 536 ".

1989 549 2123 627 129..
2157 552 2225 606 Ut
2247 555 2529 627 periurium
2567 555 2679 627 quis
2711 552 3168 627 faciens__munum_
3203 551 3405 627 perdat.
3434 552 3508 608 De

1918 637 2006 684 eo,
2035 621 2126 690 qui
2147 621 2440 691 periurium
2491 621 2787 687 fecerit,‘ut
2827 622 3028 676 nullam
3077 621 3506 691 redemptionem

1918 692 2114 759 solvat,
2139 691 2236 746 sed
2259 709 2472 748 manum
2499 697 2706 758 perdat.
2737 691 2893 756 Quod
2943 693 2988 746 si
3043 701 3328 746 accusator
3374 707 3506 746 con-

1919 760 2140 833 tendere
2165 762 2395 817 valuerit
2417 766 2484 818 de
2507 766 2624 833 ipso
2647 763 2886 832 periurio
2911 807 2926 828 ,
2975 769 3121 816 stent
3141 761 3205 814 ad
3247 775 3503 833 crucem;

1919 832 2050 900 etsi
2087 831 2293 888 iurator
2319 833 2510 890 vicerit
2529 831 2550 896 ’,
2605 831 2721 900 lege
2767 847 2862 886 sua
2903 839 3194 886 accusator
3233 831 3505 900 emendet.

1921 899 2035 956 Hoc
2089 916 2216 955 vero
2270 902 2340 956 de
2405 899 2700 960 minoribus
2745 901 2924 956 causis
2966 901 3380 956 observandum.
3433 899 3509 955 De

1920 971 2216 1026 maimibus
2235 987 2364 1026 vero
2388 975 2548 1028 rebus
2567 973 2744 1027 autde
2769 979 2912 1026 statu
2940 971 3284 1038 ingenuitatis
3311 985 3507 1025 secun-

1921 1040 2048 1094 dum
2081 1045 2250 1108 legem
2277 1045 2604 1098 custodiant.

1995 1119 2116 1174 150.
2161 1121 2240 1175 De
2276 1123 2504 1176 uindicta
2549 1131 2600 1176 et
2629 1123 2820 1176 iudicio
2849 1123 3128 1174 latronum.
3175 1122 3252 1175 De
3279 1123 3510 1176 Vindicta

1925 1199 1980 1248 et
2013 1192 2208 1245 iudicio
2245 1193 2296 1243 in
2329 1192 2566 1246 latrones
2593 1193 2738 1246 facto
2783 1191 3094 1246 testimonio
3131 1192 3508 1260 episcoporum

1925 1263 2128 1330 absque
2157 1269 2378 1329 peccato
2406 1263 2617 1316 comitis
2661 1277 2783 1316 esse
2815 1261 3036 1324 dicunt,
3096 1261 3168 1330 ita
3201 1270 3414 1322 tamen,
3455 1272 3511 1313 ut

1925 1329 2127 1395 absque
2185 1331 2380 1385 invidia
2411 1339 2505 1384 aut
2551 1331 2836 1387 occasione
2881 1330 3024 1384 mala
3054 1329 3184 1384 nihil
3240 1330 3380 1384 aliud
3441 1331 3513 1384 ibi

1926 1401 2300 1468 interponatur
2327 1401 2428 1454 ni-i
2461 1417 2584 1455 vera
2609 1401 2810 1455 iustitia
2831 1401 2898 1455 ad
2922 1399 3325 1470 perliciendum.
3357 1399 3510 1466 Quod

1929 1471 2286 1550 ipsequinper
2327 1470 2514 1550 odium
2551 1471 2646 1550 _vel
2693 1470 3218 1550 mala-intingenium
3265 1470 3366 1524 nisi
3417 1484 3514 1538 pro

1929 1539 2128 1596 iustitia
2151 1539 2393 1594 facienda
2420 1541 2691 1596 hominem
2723 1541 2993 1608 punierit,
3043 1543 3302 1594 honorem
3355 1555 3512 1594 suum

1928 1609 2138 1680 perdat,
2170 1617 2226 1664 et
2253 1609 2478 1678 legibus,
2511 1619 2700 1665 contra
2729 1625 2888 1680 quem
2920 1610 3114 1663 iniu~te
3146 1611 3292 1674 fecit,
3317 1625 3512 1663 secun-

1929 1683 2054 1734 dum
2079 1695 2308 1746 poenam
2332 1696 2492 1748 quam
2526 1681 2706 1734 intulit
2737 1681 3006 1734 emendet.

2003 1758 2127 1814 151.
2174 1757 2240 1812 Ut
2271 1762 2410 1828 regia
2465 1763 2694 1812 sanccita
2749 1760 2990 1813 inviolate
3033 1759 3409 1812 custodiantur.
3445 1759 3518 1812 Ea

1937 1844 2088 1894 vero,
2117 1843 2258 1897 quae
2299 1830 2470 1881 bonae
2499 1830 2794 1884 memoriae
2848 1829 3060 1896 genitor
3091 1837 3272 1881 noster
3327 1830 3381 1882 in
3411 1829 3522 1883 suis

1935 1899 2146 1972 placitis
2197 1907 2251 1952 et
2281 1898 2500 1969 synodis
2541 1899 2822 1954 constituit
2865 1913 3190 1952 conservare
3249 1899 3516 1953 volumus.

2007 1979 2126 2033 152.
2171 1977 2248 2032 De
2275 1979 2424 2031 rebus
2453 1979 2806 2043 ecclesiarum,
2823 1977 2886 2031 de
2913 1977 3092 2046 quibus
3108 1993 3290 2031 census
3310 1994 3376 2032 ea:
3395 1989 3518 2041 unt,

1933 2051 2164 2104 decimae
2186 2058 2236 2101 et
2263 2064 2430 2102 nonae
2452 2049 2736 2102 solvantur.
2789 2049 2864 2102 De
2913 2048 3074 2100 rebus
3104 2063 3233 2100 vero
3263 2049 3520 2102 ecclesia—

1935 2136 2075 2186 rum,
2103 2119 2244 2172 unde
2262 2133 2402 2172 nunc
2423 2133 2582 2172 censa
2607 2126 2828 2180 exeunt,
2855 2116 3101 2170 decimae
3123 2123 3178 2169 et
3202 2132 3376 2172 uanae
3397 2133 3520 2172 cum

1936 2191 2056 2258 ipso
2085 2202 2252 2243 censo
2304 2189 2614 2250 solvantur,
2643 2197 2700 2242 et
2721 2188 2862 2242 unde
2890 2196 3048 2258 antea
3105 2202 3209 2239 non
3241 2189 3523 2250 exierunt,
3605 2223 3608 2230 ι

1935 2254 2180 2322 similiter
2206 2271 2381 2310 nonae
2401 2267 2456 2311 et
2481 2259 2720 2312 decimae
2741 2259 2954 2310 dentur.
2993 2254 3069 2310 De
3113 2258 3312 2312 casatis
3341 2258 3362 2286 ⁸
3391 2273 3522 2311 vero

1935 2328 2213 2396 sexaginta
2239 2327 2396 2382 solidi
2437 2329 2696 2396 quinque,
2731 2327 2798 2381 de
2839 2327 3055 2396 triginta
3079 2327 3256 2396 solidi
3307 2327 3416 2396 duo
3471 2337 3526 2379 et

1937 2393 2226 2462 dimidius,
2281 2397 2358 2467 de
2389 2393 2694 2467 quindecin
2742 2393 3042 2467 transtitissi
3075 2395 3096 2425 ⁹
3149 2393 3400 2464 quatno'r.
3463 2397 3526 2448 lat

1937 2468 2214 2538 precariae
2241 2465 2764 2538 modo'renoveutur.
2791 2465 2965 2538 Etubi
2991 2481 3095 2520 non
3125 2475 3251 2538 sunt
3269 2469 3524 2538 scriptae,

1939 2535 2033 2592 list
2059 2536 2352 2604 descriptio
2385 2538 2524 2592 inter
2552 2544 2912 2590 conventores
2939 2537 3006 2590 de
3032 2537 3198 2591 verbo
3229 2548 3440 2591 nostro.
3463 2535 3526 2588 Et

1939 2609 2032 2678 qui
2057 2607 2333 2678 praedicta
2363 2607 2545 2662 facere
2573 2607 2844 2662 noluerint
2891 2615 2948 2659 et
2975 2619 3285 2678 spontauea
3339 2607 3526 2661 volun-

1943 2675 2216 2732 tale’haec
2241 2678 2343 2730 tria
2368 2679 2675 2744 persolvere
2703 2686 2758 2729 et
2780 2675 3052 2746 precariae
3080 2677 3330 2746 accipere
3379 2678 3528 2732 citis-

1939 2748 2076 2802 sime
2098 2747 2421 2806 distulerint.
2457 2747 2683 2816 perdant
2721 2744 3000 2810 beneficia,
3018 2759 3170 2816 quae
3205 2744 3526 2811 habebant;

1941 2831 2082 2886 quae
2111 2825 2290 2886 tamen
2321 2815 2568 2881 ecclesia,
2605 2816 2748 2870 unde
2777 2823 2950 2886 erant,
2979 2815 3183 2883 ab.qne
3210 2816 3367 2871 ullius
3395 2830 3528 2886 con-

1941 2884 2270 3010 gredictione
2299 2888 2384 2940 vel
2417 2887 2801 2956 impedimento
2829 2885 2881 2937 in
2935 2897 3250 2954 perpetuum
3274 2886 3374 2938 sibi
3407 2884 3526 2938 vin-

1979 2965 2104 3010 teet.

1979 2956 2104 3010 icet.

2017 3033 2140 3088 155.
2186 3033 2256 3087 Ut
2289 3034 2352 3087 de
2378 3037 2592 3088 aerariis
2620 3035 2694 3088 ita
2719 3035 2817 3104 ﬁat
2848 3076 2864 3102 ,
2913 3036 3048 3090 sicut
3069 3034 3399 3104 constitutum
3429 3043 3526 3090 est.

243 3085 376 3169 erga
428 3085 780 3166 ministerium
833 3087 1044 3169 illorum
1090 3087 1426 3168 emendanda
1479 3085 1835 3160 cognoscunt,

1946 3085 2271 3160 ueteranis
2295 3085 2352 3159 ei
2381 3085 3128 3160 uineas;naeuius
3151 3085 3226 3157 ita
3253 3085 3530 3169 mustea

241 3155 442 3214 libenti
471 3157 650 3212 animo
674 3155 956 3210 emendent
981 3165 1138 3224 atque
1163 3158 1450 3224 corrigant.

321 3237 453 3292 121.
499 3236 572 3290 De
597 3235 850 3309 episcopis
878 3235 1205 3309 ordinaudis.
1238 3236 1314 3292 De
1339 3238 1628 3309 episcopis.
1663 3236 1760 3294 Ubi
1787 3239 1839 3294 in
1911 3259 1916 3262 ·

251 3321 521 3432 ρτὲβεεηῗ
551 3305 790 3376 episcopi
811 3305 1046 3360 ordinati
1093 3323 1198 3362 non
1219 3305 1384 3372 sunt,
1421 3305 1541 3364 sine
1588 3309 1841 3365 tarditate

251 3394 316 3432 or
359 3391 486 3430 men
516 3391 598 3428 ur.

249 3391 598 3432 OI'GIIIEIIIUI'.

325 3453 462 3527 122.
499 3453 578 3508 De
601 3455 928 3527 monasteriis
956 3455 1046 3527 sub
1065 3456 1254 3527 regula
1298 3457 1607 3511 constitutis.
1634 3457 1701 3512 Ut
1721 3473 1836 3514 mo-

251 3525 524 3596 nasteria,
543 3539 680 3592 quae
709 3526 810 3580 sub
841 3526 1026 3591 regula
1058 3525 1275 3596 fuerint,
1299 3527 1398 3581 sub
1427 3527 1612 3596 regula
1637 3529 1836 3582 vivant.

251 3595 527 3650 Similiter
546 3603 598 3648 et
617 3597 948 3664 monasteria
991 3595 1288 3664 puellarum
1329 3595 1840 3652 ordinemsanctum

233 3664 586 3722 custodiant.
615 3661 682 3718 Et
727 3661 1080 3732 unaquaeque
1111 3665 1382 3721 abbatissa
1427 3667 1480 3719 in
1516 3682 1616 3722 suo
1653 3682 1842 3722 mona-

240 3735 428 3790 Sterio
451 3735 569 3788 sine
591 3733 987 3789 intermissione
1013 3735 1262 3790 resideat.

322 3809 458 3887 125.
497 3809 578 3887 Ιξς
606 3819 860 3887 totestate
882 3813 1242 3887 episcoporum
1269 3832 1422 3887 super
1463 3817 1768 3885 presbiteros
1792 3828 1841 3871 et

234 3881 492 3938 clericos.
529 3878 596 3934 Ut
622 3882 864 3950 episcOpi
896 3878 964 3936 de
991 3878 1302 3950 presbiteris
1331 3878 1411 3940 'et
1447 3878 1662 3941 clericis
1703 3887 1841 3941 infra

241 3955 474 4010 illorum
503 3951 842 4020 parrochiam
884 3960 1208 4022 potestatem
1261 3955 1494 4010 habeant
1544 3957 1838 4011 secundum

217 4039 220 4043 ‘
241 4033 524 4076 canones.

317 4097 454 4153 124.
495 4097 575 4174 De
611 4101 912 4174 incestuosis
957 4101 1267 4174 (nominibus.
1303 4103 1370 4158 Ut
1408 4104 1646 4174 episcopi
1694 4105 1840 4158 ince-

241 4177 478 4242 stuosos
505 4171 1066 4242 homines_etnendent
1109 4179 1174 4242 et
1203 4171 1462 4242 magnam
1511 4171 1840 4242 diligentiam

241 4237 496 4313 habeant
523 4253 586 4292 ex
617 4241 717 4294 eis.
747 4238 853 4313 Sed
877 4249 936 4313 et
959 4241 1027 4294 de
1067 4241 1243 4296 viduis
1273 4237 1406 4296 itifra
1447 4237 1631 4297 suam'
1653 4259 1843 4313 parro-

239 4307 438 4362 chiam
463 4315 782 4376 potestatem
805 4309 1041 4365 habeant
1058 4313 1124 4364 ad
1152 4313 1549 4379 corrigendum.

319 4385 457 4459 133.
498 4384 578 4459 _De
605 4389 816 4459 alterius
843 4389 1024 4443 clerico
1051 4391 1276 4459 episcopi
1311 4407 1411 4443 non
1439 4391 1728 4457 recipiendo
1749 4409 1840 4446 nec

239 4456 573 4532 ordinando.
605 4457 671 4512 Ut
716 4473 824 4532 non
857 4459 1015 4512 liceat
1044 4456 1266 4532 alterius
1302 4456 1555 4516 clericum
1597 4464 1839 4532 recipere

239 4541 350 4580 nec
374 4524 633 4580 ordinare
663 4529 727 4579 ad
755 4528 986 4595 aliquem
1029 4529 1272 4596 gradum.

320 4601 479 4680 126;.
503 4602 583 4680 De
608 4605 896 4680 homicidis,
927 4607 1012 4680 qui
1059 4609 1338 4680 secundum
1370 4610 1529 4680 legem
1571 4612 1702 4666 mori
1743 4612 1836 4666 de-

239 4671 395 4746 bent.
440 4669 505 4726 Ut
531 4675 830 4746 homicidae
861 4669 1139 4730 vel'ceteri‘
1167 4679 1286 4742 rei,
1334 4669 1655 4746 qui'leiibus
1699 4683 1836 4736 mori

238 4743 482 4802 debent,
515 4744 558 4813 si
582 4744 649 4796 ad
671 4745 988 4799 aecclesiam
1036 4743 1392 4813 confugerint,
1423 4743 1529 4803 non
1573 4765 1839 4806 excusen-

235 4822 374 4934 δίη-ς
409 4821 470 4865 et
495 4811 542 4866 si
566 4828 624 4867 se
654 4815 942 4870 emendare
972 4816 994 4846 ⁵
1035 4811 1323 4883 noluerint,
1353 4811 1530 4876 nullus
1563 4821 1640 4876 eis
1669 4823 1838 4876 victus

279 4895 446 4934 etnr.

279 4895 446 4935 Cllll'.

320 4959 462 5015 127.
503 4959 813 5038 Dedecimis
834 4964 1042 5038 dandis.
1075 4965 1150 5019 De
1185 4965 1428 5020 decimis.
1466 4969 1531 5022 Ut
1553 4969 1840 5038 unusquisv

235 5045 356 5100 que
389 5045 548 5110 suam
575 5032 836 5087 decimam
865 5035 1030 5089 donet
1073 5045 1235 5104 atque
1280 5052 1376 5105 per
1415 5032 1846 5110 iussionem'epi-

233 5099 406 5170 scopi
451 5099 810 5169 dispensetur.

317 5179 342 5228 1
360 5175 460 5231 18.
501 5177 578 5230 De
599 5178 884 5235 latronibus
911 5183 978 5234 ad
1008 5182 1252 5249 placitum
1291 5185 1491 5238 comitis
1516 5185 1838 5242 cxhibendis.

237 5247 314 5302 Ut
347 5249 602 5302 latrones
630 5251 698 5303 de
733 5250 868 5302 infra
903 5247 1253 5306 emunitatem
1283 5254 1302 5283 ⁸³
1333 5254 1404 5306 illi
1437 5255 1640 5308 iudices
1671 5257 1721 5308 in
1752 5274 1843 5310 co-

231 5317 1097 5392 tiiitis‘placitum‘praesententr
1131 5320 1195 5374 Et
1223 5325 1312 5390 qui
1345 5325 1447 5377 hoc
1475 5339 1580 5377 non
1631 5326 1843 5392 fecerit,

233 5387 584 5466 lietreficititit
607 5396 663 5442 et
686 5387 946 5466 honorem
975 5391 1180 5466 perdat.
1214 5387 1474 5466 Similiter
1511 5395 1648 5466 vassi
1678 5387 1843 5450 nostri

231 5457 284 5511 si
327 5457 481 5511 haec
517 5471 626 5512 non
671 5459 1102 5528 adimpleverint,
1133 5461 1448 5516 beneﬁciqu
1480 5471 1534 5517 et
1581 5464 1840 5520 llOllOl‘O-tl

1944 3185 2188 3244 tempore
2219 3175 2380 3236 longo
2409 3178 2686 3230 decretum
2718 3183 2819 3229 est.

2017 3253 2141 3310 151.
2179 3254 2258 3324 (Ve
2287 3255 2470 3324 aliquis
2493 3271 2605 3324 pro,
2637 3253 2894 3324 gildonia
2919 3264 3302 3324 sacramentum
3357 3257 3529 3321 facere

1944 3327 2152 3380 audeat.
2191 3323 2263 3376 De
2292 3323 2640 3378 saeratnentis
2670 3341 2766 3392 pro
2793 3323 3030 3392 gildouia
3058 3323 3288 3376 invicem
3336 3325 3526 3378 coniu-

1945 3394 2205 3456 rautibus,
2239 3401 2296 3446 ut
2327 3409 2484 3447 nemo
2507 3391 2684 3448 facere
2715 3391 3042 3462 praesumat.
3070 3391 3190 3446 Alio
3219 3407 3346 3462 vero
3371 3392 3532 3448 modo

1944 3467 2011 3518 de
2040 3465 2256 3518 illorum
2286 3463 2598 3518 elemosinis
2624 3461 2725 3518 aut
2745 3463 2813 3517 de
2841 3463 3106 3518 incendiis
3132 3470 3226 3515 aut
3271 3461 3338 3517 de
3394 3477 3529 3518 nau—

1944 3533 2145 3604 fragiis,
2175 3533 2419 3602 quamvis
2449 3535 2812 3588 conibcntiam
2850 3529 3074 3598 faciant,
3103 3547 3261 3586 nemo
3319 3532 3372 3588 in
3429 3532 3534 3586 hoc

1945 3605 2122 3658 iurare
2149 3611 2476 3672 praesumat.

2015 3681 2138 3740 155.
2177 3681 2514 3752 ιἰραιαιὶειηι
2559 3689 2824 3752 pergentes
2866 3697 3013 3736 nemo
3055 3682 3283 3736 adsalt’re
3324 3682 3530 3740 audeat.

1945 3752 2020 3806 De
2046 3754 2382 3814 iterantibus,
2414 3751 2500 3821 qui
2532 3754 2596 3804 ad
2626 3751 2884 3822 palatium
2939 3759 3032 3804 aut
3083 3752 3246 3806 aliubi
3277 3763 3530 3822 pergunt,

1943 3831 2002 3877 ut
2031 3836 2126 3876 eos
2157 3837 2253 3888 per
2274 3823 2558 3876 collectam
2605 3837 2765 3874 lleln')
2815 3821 2886 3874 sit
2940 3835 3102 3874 ausus
3156 3821 3408 3876 adsalire.
3468 3825 3535 3875 lit

1944 3907 2104 3946 nemo
2125 3891 2346 3944 herbam
2367 3891 2588 3945 alterius
2601 3890 2932 3944 defensionis
2954 3898 3201 3958 tempore
3225 3901 3534 3959 praesumat

1943 3963 2152 4024 tollere,
2183 3961 2286 4014 nisi
2316 3961 2367 4014 in
2395 3961 2603 4014 hostem
2631 3970 2819 4027 pergat
2842 3967 2934 4012 aut
2963 3962 3158 4013 missus
3209 3969 3394 4015 noster
3437 3963 3526 4014 sit.

2015 4040 2136 4094 156.
2170 4040 2244 4094 De
2265 4041 2495 4101 teloneis.
2513 4042 2642 4092 sicut
2663 4057 2694 4091 a
2711 4041 2862 4104 longe
2884 4041 3142 4092 decretum
3172 4049 3267 4100 est,
3283 4051 3527 4094 seruetur.

1943 4111 2019 4166 De
2043 4111 2296 4174 teloueis,
2323 4111 2553 4180 qualiter
2579 4119 2735 4180 antea
2771 4109 2994 4180 lorbanu
3019 4109 3056 4162 ti
3089 4106 3323 4174 fuerunt,
3343 4111 3532 4164 obser-

1942 4189 2114 4242 vetur,
2143 4189 2202 4234 tit
2231 4177 2392 4234 nemo
2433 4179 2587 4234 tollat
2615 4179 2714 4232 nisi
2737 4177 2884 4246 quod
2915 4179 2980 4232 ab
3011 4180 3235 4246 antiquo
3288 4191 3532 4250 tempore

1943 4259 2202 4308 statutum
2234 4265 2321 4305 era
2333 4259 2371 4304 ι.

2013 4330 2135 4385 157.
2165 4329 2243 4383 De
2270 4329 2540 4383 mancipiis
2585 4345 2686 4380 non
2718 4327 2988 4381 vendendis
3020 4328 3123 4380 nisi
3147 4328 3202 4380 in
3243 4333 3532 4395 praesentia

1945 4411 2215 4456 rectorum.
2242 4399 2318 4456 De
2349 4399 2645 4466 mancipiis,
2676 4406 2736 4450 ut
2763 4412 2870 4450 non
2899 4397 3199 4451 vendatizur
3221 4400 3322 4452 nisi
3355 4411 3446 4454 aut
3479 4403 3530 4454 in

1947 4472 2246 4542 praesentia
2298 4469 2536 4542 episcopi
2583 4469 2665 4521 vel
2715 4467 2929 4542 comitis
2977 4475 3070 4542 aut
3115 4467 3530 4542 inpraesentia

1943 4537 2307 4598 archidiaconi
2338 4537 2434 4593 aut
2455 4538 2748 4592 centenarii
2768 4545 2861 4590 aut
2881 4537 3202 4590 vicedomini
3225 4547 3319 4592 aut
3344 4542 3536 4596 Iudicis

1942 4611 2154 4668 comitis
2190 4622 2284 4663 aut
2319 4619 2446 4662 ante
2469 4611 2603 4661 bene
2630 4617 2755 4661 uota
2801 4607 3128 4662 testimonia.
3181 4607 3249 4662 Et
3293 4621 3350 4664 ut
3403 4609 3534 4665 foris

1944 4695 2178 4735 marcam
2207 4695 2366 4734 nemo
2396 4677 2660 4746 mancipia
2689 4677 2905 4732 vendat.
2940 4675 3008 4730 Et
3034 4678 3129 4745 qui
3157 4678 3262 4733 hoc
3320 4677 3528 4744 fecerit,

1943 4759 2118 4819 tantas
2145 4751 2286 4805 vices
2317 4753 2546 4804 baunnm
2576 4747 2768 4819 solvat,
2801 4755 3002 4816 quanta
3041 4747 3308 4819 mancipia
3341 4753 3528 4806 vendi-

1943 4821 2038 4876 dit.
2070 4818 2202 4874 Etsi
2235 4835 2340 4872 non
2371 4819 2530 4871 habet
2561 4817 2812 4886 pretium,
2837 4819 2892 4872 in
2937 4817 3169 4887 wadium
3223 4817 3320 4887 pro
3371 4835 3532 4874 servo

1949 4891 2296 5012 scinetipsum
2323 4888 2508 4944 comiti
2547 4887 2734 4954 donet,
2767 4901 2937 4956 usque
2974 4886 3102 4941 dum
3127 4886 3244 4957 ipse
3293 4890 3529 4944 banuum

1949 4977 2010 5012 so
2036 4968 2137 5011 vat.

1948 4968 2028 5016 801
2036 4975 2094 5010 νδ
2103 4968 2137 5011 ι.

2027 5037 2146 5092 158.
2183 5037 2260 5091 De
2287 5039 2456 5092 loricis
2501 5047 2647 5090 extra
2677 5051 2890 5103 regnum
2942 5051 3046 5088 non
3096 5034 3395 5088 vendendis.
3454 5035 3534 5092 De

1949 5109 2155 5170 brumis
2175 5146 2191 5172 ,
2222 5118 2277 5162 ut
2308 5108 2484 5162 nullos
2521 5108 2664 5161 foras
2696 5114 2882 5160 nostro
2911 5117 3078 5172 regno
3103 5104 3338 5160 vendere
3365 5121 3531 5175 prae-

1949 5190 2149 5233 sumat.

2021 5257 2144 5314 159.
2181 5256 2254 5310 De
2275 5257 2458 5309 comite
2483 5256 2702 5309 iustitius
2733 5267 2834 5306 non
2865 5255 3095 5321 faciente.
3150 5251 3206 5306 Si
3253 5267 3438 5308 comes
3477 5256 3532 5308 in

1947 5343 2046 5382 suo
2069 5327 2365 5380 ministerio
2398 5326 2622 5379 iustitias
2643 5337 2750 5376 non
2780 5321 2985 5384 fecerit.
3018 5324 3194 5377 missis
3219 5325 3420 5378 nostris
3459 5325 3528 5378 de

1947 5398 2058 5451 suis
2085 5396 2291 5451 exeniis
2317 5397 2534 5456 serviat,
2569 5407 2737 5460 usque
2765 5392 2889 5446 dum
2941 5393 3175 5448 iustitiae
3227 5393 3300 5447 ibi
3352 5400 3532 5450 tactae

1949 5467 2166 5522 fuerint.
2199 5463 2266 5518 Et
2292 5465 2336 5517 si
2361 5479 2545 5518 vassus
2573 5472 2757 5518 noster
2781 5461 3010 5516 iustitias
3039 5478 3148 5518 non
3170 5461 3378 5528 fecerit,
3407 5474 3532 5519 tunc

1481 5575 1865 5635 VARIANTES
1904 5575 2302 5634 LECTIONES.

318 5682 336 5712 '
385 5682 534 5735 deest
559 5682 678 5738 Bai.

235 5767 376 5808 ortis
407 5751 542 5808 dare
567 5754 628 5809 (ἱ.

669 5851 942 5910 Ριιτιωι.
989 5851 1238 5913 XCVII.

747 5685 767 5712 '
792 5699 842 5738 c.
875 5685 1076 5739 utiliter
1105 5699 1223 5756 esse
1245 5683 1299 5738 d.
1335 5683 1454 5739 Bal.
1527 5686 1546 5716 ³
1571 5687 1643 5740 De
1665 5686 2092 5756 metropolitanis
2119 5686 2302 5740 desunt
2333 5683 2401 5756 G.

708 5755 728 5784 ⁸
755 5756 1137 5808 connuunitate
1163 5753 1228 5808 (ἱ.
1301 5757 1320 5786 "
1347 5757 1562 5822 habent,
1587 5757 1640 5811 b.
1664 5752 1873 5812 solvant
1902 5755 2022 5813 Bal.
2098 5757 2118 5788 ⁸
2148 5771 2211 5811 ea
2241 5755 2371 5811 satis
2393 5752 2454 5808 (ἱ.

2480 5683 2500 5714 ⁸
2525 5683 2752 5738 subiecti
2781 5682 3076 5752 Capitulare
3099 5683 3227 5735 anni
3253 5681 3372 5752 779.
3447 5685 3469 5716 ⁸
3487 5687 3532 5740 si

2534 5755 2553 5782 τ’
2580 5749 2920 5808 transmissus
2947 5749 3011 5807 Ο.
3057 5753 3098 5782 ¹⁰
3122 5751 3438 5810 cartallariis
3464 5754 3530 5810 ϐ.

3057 5862 3138 5926 29.
