4034 6182
509 320 602 370 fill
1406 322 1461 372 Β.
1503 317 1747 374 CAROLI
1791 317 1995 370 “AF-Nl
2034 317 2053 370 1

2157 323 2185 370 ’.
2226 315 2398 372 PABS
2435 315 2474 370 l.
2516 315 2753 373 SECTIO
2793 318 2829 371 l.

3632 315 3732 368 (113

505 429 850 496 persolvatur.
905 429 969 482 Ut
1007 429 1096 496 qui
1125 429 1137 457 ¹
1171 426 1514 482 ecclesiarum
1548 428 1796 482 benelicia
1838 430 2050 491 nubent,
2088 434 2132 490 Α
2165 428 2385 480 randum
2412 436 2466 481 et
2488 428 2914 491 restaurandum,
2936 434 3193 494 quantum
3223 426 3339 493 ipse
3363 426 3431 479 de
3457 425 3617 480 rebus
3644 445 3729 481 er-

503 495 698 551 uonam
725 507 777 550 et
812 495 1068 550 decimam
1093 511 1154 549 es
1187 496 1264 550 eis
1289 495 1564 560 ecclesiae,
1611 499 1760 550 cuius
1789 513 1871 550 res
1907 508 2048 560 sunt,

501 566 700 619 tlnncnt
724 567 761 620 ³.
795 564 861 618 Et
892 565 978 633 qui
1023 568 1124 618 tale
1152 565 1463 620 benelicium
1498 566 1688 620 habent
1711 609 1723 627 ,
1755 577 1808 619 et
1846 567 1908 619 ad
1946 582 2053 620 tne-

501 635 748 690 dietatetn
804 636 1060 697 laborant,
1112 645 1166 688 ιιι
1211 636 1279 689 de
1327 650 1509 689 eorum
1557 641 1798 702 portione
1841 651 2050 702 proprio

501 705 794 771 presbitero
847 705 1075 759 decimas
1140 703 1360 758 donent.
1408 723 1426 755 ι
1485 704 1614 758 Item
1647 705 1737 757 ἰιι
1779 704 2050 772 capitulari

501 781 685 824 nostro
729 772 777 841 in
815 773 948 826 liliro
979 789 1035 835 tt,
1068 775 1298 841 capitulo
1325 773 1386 828 21
1419 774 1486 827 de
1512 773 1697 828 eadem
1729 789 1785 828 re
1817 774 1834 803 ³
1869 792 1880 826 :
1919 791 1938 822 ι
1981 775 2051 827 lie

500 842 653 893 nonis
683 839 891 908 quidem
927 852 980 895 et
1019 839 1261 908 decimis,
1303 843 1440 897 unde
1474 853 1528 896 et
1559 845 1766 908 genitor
1797 852 1976 896 noster
2000 854 2053 896 et

500 925 596 980 nos
633 911 936 978 frequenter
963 922 1015 964 et
1045 911 1097 964 in
1128 912 1350 966 diversis
1394 913 1598 980 placitis
1635 912 2050 965 admonitionem

500 979 720 1034 fecimus
753 991 804 1034 et
845 997 935 1044 per
968 982 1273 1049 capitularia
1308 979 1485 1034 nostra
1533 981 1754 1046 qualiter
1788 983 1919 1034 haec
1959 981 2054 1034 ob-

498 1058 775 1118 serventur
803 1050 1186 1110 υτόὶιιτιινίιιιιιε,
1231 1053 1470 1104 volumus
1510 1061 1666 1118 atque
1697 1051 1957 1114 iubemus,
1997 1061 2053 1103 ut

492 1117 563 1187 de
591 1119 733 1171 omni
761 1120 1100 1172 conlaborato
1125 1131 1175 1172 et
1205 1119 1272 1174 de
1301 1121 1419 1173 vino
1455 1129 1508 1173 et
1549 1117 1704 1174 [neno
1748 1120 1971 1187 pleniter
2000 1127 2055 1172 et

491 1186 722 1241 ﬁdeliter
746 1189 812 1242 ab
839 1190 1082 1242 omnibus
1109 1204 1244 1243 nona
1275 1199 1329 1243 et
1352 1189 1556 1243 decima
1600 1186 1944 1254 perso’lvatur.
1980 1188 2054 1242 De

495 1257 783 1326 nutrimiue
828 1273 970 1322 vero,
1016 1258 1154 1326 quod
1194 1259 1245 1312 in
1282 1259 1484 1312 decima
1514 1258 1744 1312 dandum
1775 1268 1878 1323 est,
1920 1259 2056 1311 sicut

495 1325 746 1379 hactenus
774 1325 1099 1380 consuetudo
1131 1328 1245 1390 luit,
1274 1329 1342 1380 ab
1370 1327 1615 1380 omnibus
1643 1329 1974 1381 observetur.
1995 1326 2053 1381 Si

490 1395 611 1465 quis
659 1404 830 1449 tamen
869 1397 1235 1464 episcoiaorum
1287 1397 1466 1460 luerit,
1515 1397 1601 1463 qui
1649 1407 1923 1465 argentum
1962 1410 2058 1461 pro

495 1463 595 1514 hoc
622 1466 864 1531 accipere
891 1463 1061 1531 velit,
1081 1467 1134 1520 in
1172 1480 1265 1521 sua
1297 1474 1508 1519 maneat
1539 1463 1794 1534 potestate
1822 1475 1875 1519 ct
1911 1467 2054 1518 iuxta

490 1535 630 1610 quod
672 1535 720 1588 ei
759 1543 814 1588 et
847 1534 956 1602 illi,
993 1537 1077 1603 qui
1107 1537 1206 1590 boc
1241 1535 1543 1603 persolvere
1570 1535 1750 1600 debet,
1787 1548 2054 1589 convene-

490 1610 577 1656 S’tl.
616 1620 635 1653 s

563 1669 684 1725 165.
729 1671 856 1740 (166
885 1671 1039 1742 ΒΑ...)
1085 1673 1160 1728 De
1201 1673 1299 1736 his,
1331 1674 1416 1740 qui
1451 1673 1698 1727 decimam
1749 1672 1768 1702 ³
1815 1673 2057 1726 ecclesiae

490 1739 697 1804 iniuste,
733 1757 833 1792 non
864 1739 1139 1794 secundum
1169 1739 1549 1808 dispositionem
1592 1743 1816 1809 episcopi
1843 1743 1923 1794 cui
1965 1743 2055 1794 de-

487 1810 650 1874 betur,
682 1810 942 1876 auferunt,
990 1818 1036 1863 et
1065 1812 1222 1862 aliubi
1265 1820 1354 1863 aut
1396 1821 1602 1878 prapter
1642 1812 1920 1862 amicitiam
1966 1820 2053 1864 aut

493 1888 700 1942 propter
745 1894 956 1931 munera
1001 1881 1124 1932 dare
1167 1891 1514 1947 praesumunt.
1545 1881 1875 1946 Quicumque
1905 1881 2046 1934 deci-

493 1961 636 2017 mam
668 1947 935 2017 abstrahit
964 1947 1031 2001 de
1063 1950 1309 2014 ecclesia,
1349 1949 1417 2002 ad
1462 1964 1618 2016 quam
1664 1963 1759 2017 per
1799 1948 2052 2003 iustitiam

489 2016 604 2068 dari
646 2016 836 2081 debet,
880 2025 935 2087 et
973 2033 1088 2071 eam
1135 2019 1552 2087 praesumptiose
1587 2016 1676 2071 vel
1694 2028 1908 2086 propter
1938 2035 2055 2072 mu-

496 2099 623 2157 nera
651 2095 741 2138 aut
769 2086 1054 2157 amicitiam
1087 2096 1174 2157 aut
1203 2089 1356 2157 aliam
1385 2086 1683 2157 quamlibet
1718 2089 2052 2157 occasionem

487 2154 552 2205 ad
579 2155 795 2214 alteram
827 2156 1108 2209 ecclesiam
1145 2155 1369 2218 dederit,
1410 2154 1438 2210 ξι
1478 2159 1673 2212 comite
1703 2155 1787 2210 vel
1817 2171 1845 2207 a
1891 2159 2056 2211 misso

489 2231 672 2276 nostro
700 2224 1064 2298 distringatur,
1095 2233 1152 2279 ut
1177 2225 1416 2282 eiusdem
1441 2227 1676 2282 decimae
1707 2227 2053 2298 quantitatem

485 2305 607 2344 cum
634 2306 726 2344 sua
757 2295 870 2357 lege
900 2296 1160 2348 restituat.

557 2380 677 2435 166.
706 2381 830 2453 (167
858 2383 1014 2453 BAL.)
1047 2383 1122 2437 De
1150 2385 1250 2449 Itis,
1277 2386 1362 2453 qui
1393 2386 1615 2439 decimas
1662 2387 1762 2439 uisi
1790 2403 1821 2438 a
1853 2401 1902 2438 se
1929 2401 2058 2450 quo-

485 2465 587 2524 quo
615 2451 766 2503 modo
794 2451 1130 2524 redimantur,
1157 2451 1595 2524 dare‘neglegunt,
1628 2465 1680 2507 tu
1709 2456 1922 2520 ﬁrmiter
1948 2457 2054 2508 dis-
2094 2505 2098 2510 .

487 2520 801 2590 tringantur,
829 2523 1046 2589 qualiter
1077 2524 1154 2575 vel
1191 2523 1334 2575 inviti
1362 2520 1469 2576 Itoc'
1494 2524 1775 2577 emendem.
1812 2524 2055 2578 Decimae

489 2601 624 2654 quae
651 2590 874 2659 populus
900 2591 1028 2646 dare
1055 2606 1159 2644 non
1192 2594 1322 2656 vult,
1353 2592 1454 2646 nisi
1485 2595 1720 2659 quolibet
1751 2592 1773 2623 ⁸
1801 2594 1960 2647 modo
1985 2593 2054 2650 ab

485 2671 551 2728 eo
575 2656 920 2728 redimantur,
945 2659 1012 2713 ab
1036 2659 1301 2727 episcopis
1326 2656 1712 2728 prohibendum
1735 2670 1818 2716 est
1844 2677 1911 2717 ne
1939 2662 2050 2717 ﬁat.

487 2725 552 2778 Et
581 2727 623 2778 si
657 2727 776 2792 quis
801 2725 1135 2796 contemptor
1157 2725 1402 2783 inventus
1427 2730 1608 2792 fuerit,
1639 2741 1696 2784 ut
1721 2746 1818 2785 nec
1847 2732 2054 2793 episco-

486 2809 609 2860 pum
640 2809 737 2848 nec
757 2799 1005 2850 comitem
1033 2797 1216 2853 audire
1239 2800 1382 2862 velit,
1409 2801 1454 2854 si
1489 2810 1670 2854 noster
1691 2805 1848 2854 homo
1874 2801 2050 2863 fuerit,

482 2863 551 2915 ad
583 2874 816 2943 nostrain
857 2867 1208 2933 praesentiam
1237 2871 1429 2943 venire
1466 2869 1813 2943 compellatur
1835 2871 2055 2943 ;Aceteri

487 2947 626 3004 vero
663 2933 1068 3003 distringantur,
1123 2945 1179 2990 ut
1235 2938 1382 2990 inviti
1438 2933 1696 2993 ecclesiae
1749 2933 2052 3004 restituant,

491 3001 580 3070 qui
606 3001 627 3032 ⁸
655 3001 948 3060 voluntarie
975 3005 1102 3059 dare
1124 3008 1489 3077 neglexerunt.

556 3091 677 3177 1767.
711 3092 838 3162 (168
871 3094 1026 3177 Bap.)
1053 3094 1128 3148 De
1157 3097 1255 3177 his,
1278 3098 1364 3166 qui
1391 3097 1784 3177 restaurationes
1807 3099 2046 3152 ecclesia-
2075 3113 2123 3177 ρ

482 3175 596 3234 rum
624 3177 894 3234 earumque
918 3167 1181 3217 domorum
1209 3168 1375 3234 facere
1423 3169 1500 3219 uel
1543 3168 1765 3220 decimas
1799 3177 1844 3220 et
1885 3183 2046 3221 nonas

480 3230 606 3305 dare
634 3230 925 3305 neglegunt,
955 3234 1069 3288 sise
1097 3250 1196 3287 non
1209 3230 1552 3300 correxerint,
1577 3245 1627 3287 ut
1661 3237 1899 3304 beneﬁcia
1923 3252 2044 3305 per-

482 3299 987 3380 dant..Quit::uii_ique
1017 3305 1084 3357 de
1123 3306 1281 3358 rebus
1307 3299 1668 3380 ecclesiarum,
1701 3299 1834 3380 quas
1862 3299 2042 3360 in'be-

486 3367 731 3438 nelicimn
781 3367 993 3438 habent,
1042 3375 1454 3427 restaurationes
1496 3367 1675 3428 earum
1721 3367 1903 3430 lacere
1952 3392 2043 3430 ne-

480 3437 764 3514 glexerint,
807 3441 949 3502 iuxta
968 3437 1337 3514 _'capit_ula_rein
1378 3445 1720 3510 anteriorem,
1752 3446 1804 3498 in
1833 3461 1940 3514 quo
1978 3447 2044 3514 de

486 3508 735 3584 operibus
763 3524 827 3584 ac
856 3511 1009 3563 nouis
1036 3508 1102 3584 et
1117 3511 1334 3584 decimis
1363 3508 1716 3584 constitutum
1740 3508 2046 3584 est,'sicide

481 3573 590 3650 illis
635 3577 1004 3646 adimpleatur,
1053 3581 1105 3650 id
1150 3588 1253 3646 est,
1284 3581 1335 3633 in
1385 3581 1520 3634 libro
1567 3597 1638 3645 tv,
1680 3573 1912 3650 capitulo
1957 3583 2045 3638 '58.

493 3658 512 3690 ι
550 3643 625 3698 De
649 3643 809 3712 opere
837 3662 960 3700 vero
984 3649 1062 3701 vel
1091 3643 1476 3704 restauratione
1495 3643 1840 3705 ecclesiarum
1867 3666 2048 3706 comes

488 3721 542 3790 et
569 3714 852 3790 episcopus
878 3716 990 3769 sive
1017 3718 1150 3790 abba
1180 3732 1284 3790 una
1312 3732 1432 3771 cum
1453 3721 1626 3790 misso
1658 3730 1863 3790 nostro,
1889 3736 2047 3788 quem

486 3781 590 3847 ipsi
626 3783 724 3837 sibi
758 3781 837 3856 ad
875 3792 975 3838 hoc
1001 3787 1275 3855 elegerint,
1317 3788 1797 3843 considerationem
1829 3781 2043 3856 faciant,

479 3859 539 3904 ut
568 3853 927 3924 unusquisque
951 3853 1136 3912 eorum
1167 3865 1370 3912 tantum
1412 3858 1537 3913 inde
1567 3859 1795 3928 accipiat
1822 3859 1889 3913 ad
1919 3853 2049 3926 ope-

2156 497 2429 549 Clesiarttttt
2461 497 2653 551 habere
2683 497 3043 564 cognoscitur.
3076 495 3334 550 Similiter
3362 504 3417 548 et
3460 497 3607 550 vassi
3636 513 3731 549 nn-

2155 567 2248 617 stri
2277 575 2367 617 aut
2398 567 2446 618 in
2475 563 2767 620 commune
2792 575 2991 618 tantum
3023 566 3201 630 operis
3229 563 3515 629 accipiant,
3549 581 3731 630 quan-

2155 643 2264 688 tnnt
2301 649 2474 687 rermn
2505 635 2985 688 ecclesiasticarum
3021 634 3218 687 habent
3244 643 3335 686 aut
3364 635 3732 702 unusquisque

2159 719 2251 768 per
2279 718 2336 755 se
2368 704 2515 756 iuxta
2544 705 2888 772 quantitatem
2913 718 3070 771 quam
3101 703 3214 772 ipse
3245 710 3408 756 tenet.
3440 705 3544 756 Aut
3569 704 3614 757 si
3648 704 3731 756 in-

2157 782 2239 824 ter
2266 787 2359 824 eos
2396 771 2726 836 convenerit,
2767 783 2822 826 ut
2853 787 2946 838 pro
2981 786 3142 838 opere
3172 771 3413 825 faciendo
3444 783 3730 841 argentum

2155 842 2385 902 donent,
2430 844 2573 913 iux__la
2603 843 3026 913 aestimationem
3067 841 3244 907 operis
3277 840 3328 913 in
3357 840 3579 913 argento
3608 857 3730 908 per-

2154 915 2361 964 solvant
2393 927 2406 962 :
2437 910 2556 964 cuin
2601 925 2708 979 quo
2751 912 2920 975 pretio
2963 920 3140 964 rector
3178 911 3437 965 ecclesiae
3464 910 3530 964 ad
3565 925 3724 978 prae-

2155 979 2349 1032 dictam
2381 980 2822 1034 restaurationem
2853 982 3127 1046 0perarios
3151 980 3452 1032 conducere
3481 990 3534 1032 et
3561 990 3731 1032 mate-

2156 1050 2286 1100 riam
2327 1063 2506 1102 emere
2555 1050 2741 1114 possit.
2789 1050 2849 1102 Et
2892 1049 2979 1116 qui
3029 1063 3195 1101 nonas
3237 1058 3293 1101 et
3329 1050 3564 1101 decimas
3601 1050 3733 1102 dare

2158 1119 2468 1185 neglexerit.
2501 1119 2729 1184 primum
2764 1119 2978 1186 quidem
3012 1118 3129 1170 illas
3158 1131 3277 1170 cum
3303 1118 3417 1184 lege
3445 1134 3539 1170 sua
3573 1126 3731 1171 resti-

2159 1195 2290 1250 tuat,
2323 1187 2536 1254 insuper
2557 1197 2611 1242 et
2635 1189 2863 1240 bannum
2895 1195 3134 1243 nostrum
3161 1188 3363 1249 solvat;
3390 1197 3446 1239 ιιι
3470 1188 3538 1241 ita
3565 1191 3734 1242 casti-

2156 1264 2306 1321 gatus
2330 1267 2549 1320 caveat;
2596 1270 2662 1310 ne
2701 1255 2915 1326 saepius
2945 1257 3184 1312 iterando
3222 1255 3539 1310 beneﬁcium
3571 1260 3734 1311 amit-

2159 1334 2252 1379 tat.
2291 1344 2310 1377 ι

2229 1393 2351 1448 168.
2397 1391 2522 1461 (169
2564 1393 2715 1458 Βριι..)
2746 1393 2814 1449 Ut
2844 1395 2920 1458 lii,
2943 1394 3033 1464 qui
3063 1405 3222 1450 terras
3243 1394 3585 1448 dominicatas
3607 1413 3732 1459 pro-

2157 1472 2326 1530 pterea
2360 1463 2589 1516 excolere
2619 1465 2793 1516 nolunt
2815 1505 2830 1526 ,
2859 1473 2915 1516 ut
2953 1463 3114 1516 nonas
3142 1472 3186 1516 et
3217 1464 3438 1516 decimas
3481 1465 3602 1516 inde
3625 1483 3730 1519 non

2155 1535 2370 1593 solvant,
2405 1533 2618 1598 plcniter
2647 1535 3078 1602 constringuntur,
3113 1541 3168 1585 ut
3196 1535 3321 1586 licet:
3350 1535 3414 1584 de
3444 1534 3605 1586 tribus
3633 1551 3731 1587 an-

2156 1602 2235 1656 nis
2263 1602 2455 1672 legibus
2483 1603 2785 1672 persolvant.
2821 1602 2894 1655 De
2918 1602 3046 1666 illis,
3077 1602 3163 1669 qui
3193 1616 3350 1668 agros
3371 1602 3733 1672 dominicatos

2159 1671 2436 1742 propterea
2467 1671 2752 1742 neglegunt
2781 1672 3048 1742 excolere,
3082 1680 3138 1723 ut
3180 1685 3350 1722 nonas
3391 1682 3446 1742 et
3489 1671 3732 1726 decimas

2156 1740 2347 1793 exinde
2379 1754 2484 1793 non
2515 1740 2840 1808 persolvant,
2868 1751 2924 1794 et
2951 1740 3150 1794 alienas
3181 1749 3349 1793 terras
3381 1740 3444 1793 ad
3473 1744 3734 1796 excolen-

2160 1809 2286 1862 dum
2314 1818 2528 1876 propter
2558 1809 2658 1864 hoc
2699 1809 2982 1878 accipiunt,
3016 1809 3259 1862 volumus
3283 1849 3297 1872 ,
3348 1817 3405 1862 ιιι
3445 1808 3513 1863 de
3564 1812 3735 1864 tribus

2163 1879 2316 1932 annis
2344 1880 2510 1945 ipsam
2541 1894 2733 1932 nouam
2781 1891 2835 1932 et
2879 1878 3140 1932 decimam
3166 1893 3286 1932 cum
3325 1893 3418 1932 sua
3459 1878 3576 1945 lege
3608 1895 3733 1947 per-

2157 1949 2386 2002 solvant.
2425 1947 2489 2000 Et
2517 1949 2560 2000 si
2589 1948 2707 2016 quis
2734 1956 3072 2014 contemptor
3111 1956 3203 2000 aut
3239 1947 3448 2000 comitis
3484 1957 3578 2001 aut
3607 1952 3736 2003 mis-

2156 2031 2336 2070 sorum
2384 2015 2685 2071 nostrorum
2719 2027 2932 2085 propter
2965 2015 3065 2070 hoc
3093 2015 3348 2085 extiterit,
3388 2031 3481 2080 per
3509 2019 3736 2072 ﬁdeius-

2156 2100 2304 2140 sores
2326 2086 2474 2159 [ϐοά.
2506 2085 2572 2153 G,
2605 2087 2702 2141 sub
2719 2083 3143 2155 'lideiussoribus]
3170 2086 3236 2140 ad
3265 2087 3513 2155 palatium
3547 2088 3736 2144 venire

2156 2157 2529 2208 compellatur.

2156 2160 2529 2224 compellatur.

2227 2246 2348 2300 169.
2400 2243 2527 2312 (170
2567 2243 2725 2310 ΒΑι..)
2774 2243 2850 2297 De
2887 2245 3115 2308 leloneis,
3165 2243 3250 2296 ubi
3292 2259 3393 2296 non
3432 2244 3735 2313 exigantur.

2155 2313 2420 2370 Statutum
2451 2324 2554 2379 est,
2581 2324 2638 2370 ut
2662 2315 2748 2368 ubi
2793 2325 3030 2379 tempore
3072 2313 3154 2383 avi
3188 2313 3565 2383 noetridomni
3608 2315 3738 2383 Pip-

2157 2385 2263 2453 piui
2293 2385 2621 2438 consuetudo
2667 2383 2762 2437 l'uit
2791 2385 3054 2453 teloneum
3103 2382 3249 2444 dare,
3301 2381 3368 2435 ibi
3409 2392 3466 2436 et
3507 2383 3562 2436 in
3595 2381 3739 2437 lutu-

2156 2452 2273 2508 rum
2299 2454 2488 2518 detur;
2517 2469 2638 2507 nam
2665 2455 2752 2507 ubi
2790 2453 2999 2506 noviter
3027 2452 3324 2519 incoeptum
3355 2460 3458 2512 est,
3501 2453 3736 2506 ulterius

2155 2538 2260 2577 non
2287 2532 2490 2591 agatur.
2530 2522 2597 2576 Et
2626 2523 2713 2576 ubi
2747 2535 2968 2576 necesse
2995 2537 3098 2591 non
3129 2534 3209 2576 est
3246 2521 3462 2574 ﬂuvium
3492 2523 3736 2590 aliquem

2157 2589 2700 2660 ponte'transmeare,
2740 2592 2822 2644 vel
2849 2593 2944 2644 ubi
2968 2589 3114 2644 navis
3145 2605 3239 2658 per
3271 2591 3499 2660 inediam
3542 2589 3738 2659 aquam

2153 2659 2208 2715 et
2227 2663 2324 2716 sub
2356 2672 2514 2728 ponte
2560 2662 2682 2714 ierit
2725 2669 2780 2715 et
2814 2660 2879 2713 ad
2925 2661 3093 2725 ripam
3123 2675 3230 2716 non
3272 2659 3738 2728 appropinquave-

2155 2733 2246 2794 rit,
2273 2745 2371 2784 nec
2414 2731 2484 2784 ibi
2524 2730 2722 2798 aliquid
2752 2741 2991 2795 emptum
3027 2731 3109 2798 vel
3140 2729 3495 2784 venundatum
3535 2731 3691 2785 fuerit
3720 2771 3739 2795 ,

2155 2801 2374 2854 ulterius
2405 2797 2667 2854 teloneum
2709 2813 2813 2853 non
2859 2799 3032 2860 detur.
3066 2797 3132 2852 Et
3175 2813 3332 2852 nemo
3371 2811 3523 2866 cogat
3565 2800 3738 2853 alium

2153 2871 2218 2922 ad
2245 2879 2455 2937 pontem
2484 2870 2580 2933 ire,
2618 2867 2704 2921 ubi
2743 2869 3134 2937 iustapontem
3158 2883 3350 2936 aquam
3394 2878 3740 2924 transmeare

2155 2936 2347 3007 potest.
2386 2937 2450 2992 Et
2494 2939 2586 3006 qui
2635 2939 2855 2992 ulterius
2893 2936 2944 2990 in
2987 2938 3176 3000 talibus
3222 2938 3382 3000 locis,
3415 2939 3492 2992 vel
3523 2938 3589 2990 de
3619 2939 3734 3000 bis,

2155 3010 2240 3075 qui
2281 3009 2348 3062 ad
2390 3008 2636 3076 palatium
2679 3023 2774 3070 seu
2823 3008 2874 3061 in
2918 3009 3123 3068 hostem
3164 3017 3414 3075 pergunt,
3461 3007 3736 3066 teloneum

2155 3081 2496 3143 esactaverit,
2523 3091 2642 3131 cum
2674 3091 2769 3132 sua
2815 3077 2927 3144 lege
2977 3078 3146 3144 ipsum
3195 3077 3462 3132 teloneum
3510 3077 3737 3139 reddat,

2151 3157 2204 3199 et
2247 3147 2478 3202 bannum
2528 3155 2790 3212 nostrum,
2823 3145 2875 3200 id
2917 3157 2999 3206 est
3025 3146 3297 3214 sexaginta
3327 3144 3547 3214 solidos,
3577 3160 3739 3202 cotu-

2152 3227 2334 3283 ponau

2223 3306 2345 3362 170.
2393 3307 2414 3378 (
2443 3307 2537 3378 171
2575 3306 2746 3378 BAL.)
2790 3305 2868 3378 De
2910 3306 3068 3378 rebus
3085 3306 3347 3378 ecclesiae,
3380 3321 3513 3378 quae
3542 3304 3743 3371 absque

2155 3377 2266 3430 ulla
2303 3376 2600 3443 repetitione
2638 3376 2700 3428 ab
2739 3377 2916 3429 eadem
2963 3376 3182 3429 ecclesia
3210 3391 3301 3444 per
3327 3376 3540 3444 triginta
3567 3391 3740 3427 annos

2153 3461 2407 3513 possessae
2435 3456 2574 3509 sunt,
2603 3453 2656 3497 ut
2679 3447 2822 3497 nulla
2848 3446 3132 3498 testimonia
3156 3461 3308 3510 super
3333 3447 3464 3496 hanc
3489 3445 3738 3510 deinceps

2152 3515 2511 3583 possessionem
2560 3516 2896 3581 recipiantur.
2942 3513 3008 3569 Ut
3048 3515 3118 3568 de
3158 3515 3314 3569 rebus
3352 3514 3733 3583 ecclesiarum,

2150 3582 2284 3653 quae
2314 3586 2381 3637 ab
2407 3588 2486 3638 eis
2512 3599 2606 3651 per
2636 3584 2844 3652 triginta
2875 3597 3135 3638 annorum
3165 3586 3332 3650 spatia
3356 3585 3470 3637 sine
3500 3582 3608 3635 ulla
3641 3584 3732 3635 in:

2150 3653 2516 3721 terpellatione
2559 3667 2832 3722 possessas
2874 3662 3028 3717 sunt,
3080 3653 3384 3708 testimonia
3433 3666 3537 3705 non
3585 3655 3738 3722 reci-

2151 3720 2383 3791 piantur,
2411 3723 2505 3778 sed
2531 3720 2596 3777 eo
2634 3723 2792 3776 modo
2819 3722 3216 3787 contineantur,
3245 3723 3382 3776 sicut
3407 3735 3494 3775 res
3531 3720 3599 3774 ad
3634 3723 3736 3774 tis-

2150 3807 2270 3846 cum
2299 3801 2540 3846 nostrum
2571 3792 2896 3860 pertinentes
2923 3791 3188 3848 contineri
3215 3792 3408 3845 solent.

1685 3985 2070 4042 VARIANTES
2108 3985 2508 4046 LECTIONES.

553 4101 569 4130 ¹
593 4116 656 4153 ea:
676 4099 755 4152 Itis
780 4098 941 4154 verbis
984 4097 1102 4151 Bal.
1135 4098 1342 4152 rubrum
1361 4101 1490 4168 fecit
1524 4101 1639 4153 novi
1683 4101 1867 4168 capitis
1896 4098 2017 4164 165,
2050 4101 2246 4155 addens
2265 4100 2345 4155 illi
2369 4115 2388 4152 :
2416 4098 2482 4153 Et
2511 4099 2578 4154 de
2605 4099 2761 4154 nonis
2787 4106 2840 4153 et
2865 4098 3084 4152 decimis
3112 4112 3217 4152 non
3245 4095 3597 4168 redimendis,
3629 4098 3744 4150 nisi

474 4169 733 4241 episcopo
768 4168 1235 4241 placuerit;_quae
1264 4167 1413 4241 uerba
1440 4166 1504 4241 G.
1532 4169 1690 4241 minio
1739 4165 1932 4241 scripta
1969 4172 2143 4224 statim
2182 4173 2323 4241 infra
2371 4169 2590 4241 intrudit
2641 4169 2697 4222 in
2730 4168 2904 4241 inedia
2935 4168 3105 4241 capite
3137 4177 3254 4241 ante
3292 4165 3443 4241 verba
3473 4167 3740 4241 volumus

483 4250 642 4306 atque
667 4238 930 4292 iubemus.
1008 4239 1029 4267 ’
1069 4238 1192 4290 haec
1221 4239 1378 4291 minio
1395 4240 1601 4306 scripsit
1626 4238 1692 4293 G.

479 4306 501 4337 δ
531 4323 636 4377 quo
666 4307 780 4362 vult
800 4308 914 4361 Bal.
993 4307 1012 4339 ⁸
1041 4322 1176 4360 corr.
1210 4307 1349 4375 quod
1378 4307 1442 4360 (ἱ.

1773 4239 1792 4269 ³
1815 4236 1850 4293 d
1866 4281 1880 4304 ,
1912 4241 2064 4294 cuius
2092 4236 2358 4296 ecclesiae
2383 4239 2680 4295 secundum
2709 4237 3108 4307 dispositionem
3138 4237 3376 4307 episcopi
3404 4236 3630 4293 debetur
3659 4237 3735 4288 (ἐ.
