4034 6182
313 269 419 328 915

625 267 849 324 CODEX
887 268 1406 327 DlPLOMATlCUS.
1447 302 1516 314 —
1555 267 1912 325 PRIVILEGIl

1994 299 2061 309 —
2093 270 2129 322 Ι.
2179 267 2422 322 ιιιιιγιι.
2467 265 2598 319 PER
2639 262 2914 319 οΑιιΛιΕ
2955 263 3240 317 PARTES.

3459 262 3558 316 9H

1103 523 1308 632 nr
1371 495 2048 633 canon
2123 513 2767 628 unum

887 691 2122 848 DIPLOMATICI
2256 689 2991 843 CODICIS

569 919 1169 1034 SECTIO
1281 919 1562 1032 SEC
1603 916 2078 1033 UNDA.
2128 911 3310 1030 “PRIVILEGIA.

1180 1112 1319 1183 DE
1358 1111 1712 1185 REBUS
1752 1104 2642 1182 ECCLESIASTICIS

308 1255 945 1348 DIPLOMATA,
986 1255 1767 1346 FUNDATIONES,
1814 1253 2414 1332 PRIVILEGIA
2460 1253 2589 1329 ET
2637 1253 2834 1329 PIIE
2883 1247 3567 1329 DONATIONES.

865 1457 914 1518 1.
958 1457 1418 1519 PRIVILEGIA
1459 1456 1647 1532 QUIE
1707 1457 1811 1515 AD
1857 1453 2165 1515 PARTES
2208 1452 2531 1514 GALLIJE
2583 1453 3015 1516 SPECTANT.

311 1777 551 1848 Diploma
618 1773 788 1828 Caroli
860 1773 1034 1842 Magni
1096 1791 1218 1848 pIQ_
1256 1774 1518 1830 Corsicnsi
1586 1780 1894 1831 monasterio

941 1851 1098 1914 (anno
1125 1843 1274 1913 768).

635 1957 726 2016 (Ex
756 1955 989 2017 Calmeto,
1020 1956 1142 2005 Hist.
1165 1956 1230 2006 de
1260 1956 1540 2019 Lorraine.)

377 2061 599 2117 Carolus
635 2060 802 2132 gratia
843 2059 940 2114 Dei
985 2075 1078 2114 rex
1128 2059 1474 2126 Francorum,
1523 2062 1604 2115 vir
1652 2061 1890 2126 illustris,

305 2153 555 2207 erunibus
579 2153 864 2221 episcOpis,
895 2151 1194 2216 abbatibus,
1224 2153 1529 2214 comitibus,
1574 2155 1732 2206 etiam
1763 2154 1889 2208 mis-

303 2247 402 2308 sis,
431 2256 590 2313 atque
616 2245 879 2299 universis
903 2245 1141 2300 ﬁdelibus
1165 2246 1378 2305 nostris,
1409 2253 1513 2297 tam
1545 2245 1894 2312 praesentibus

304 2349 462 2402 quam
492 2332 706 2388 futuris.
738 2332 793 2387 Si
825 2333 1106 2400 petitiones
1143 2332 1478 2388 sacerdotum
1517 2341 1677 2400 atque
1705 2348 1892 2388 servo.

304 2439 424 2477 rum
466 2405 576 2488 Dei,
626 2424 679 2478 in
719 2438 825 2493 quo
873 2423 1070 2478 nostris
1112 2423 1328 2478 auribus
1377 2432 1772 2491 suggesserunt,
1825 2425 1892 2477 ad

305 2515 549 2570 allectum
594 2515 946 2582 perducimus,
993 2515 1192 2584 regiam
1233 2514 1691 2568 mansuetudinem
1728 2529 1889 2568 excr-

305 2618 508 2665 eetnus,
549 2612 708 2672 atque
747 2618 842 2670 pro
873 2601 1046 2656 salute
1074 2602 1286 2663 animae.
1327 2613 1381 2656 et
1415 2603 1706 2658 stabilitate
1744 2604 1892 2672 regni

307 2692 498 2758 nostri,
531 2691 734 2744 Domini
776 2691 1190 2746 misericordiam
1216 2701 1458 2757 exorent,
1483 2707 1666 2748 eorum
1689 2695 1892 2748 animos

305 2783 668 2836 exhortamur.
701 2776 860 2852 Igitur
886 2783 1104 2838 solertia
1134 2795 1308 2837 vestra
1350 2789 1577 2847 noverit,
1619 2786 1893 2840 venerabi-

307 2874 412 2926 lem
453 2873 623 2927 virum
653 2874 1009 2929 Theomarum
1037 2874 1304 2938 abbatem,
1343 2875 1409 2928 ad
1450 2885 1685 2930 nostram
1725 2876 1890 2930 adve-

305 2964 453 3018 uisse
509 2965 866 3032 prtcsentiam,
924 2966 1014 3032 qui
1079 2965 1262 3018 detulit
1329 2965 1484 3019 nobis
1553 2965 1883 3035 privilegium

303 3067 508 3108 sancta:
545 3055 932 3109 recordationis
959 3055 1326 3123 Cbrodegangi
1355 3056 1740 3125 archiepiscopi
1779 3057 1886 3111 Me-

308 3147 476 3200 tensis
517 3146 691 3209 urbis,
731 3145 871 3214 quod
913 3147 1051 3199 circa
1102 3146 1480 3200 monasterium
1521 3145 1763 3212 Gorzize,
1805 3147 1892 3199 tibi

307 3248 476 3302 usque
505 3233 568 3286 ad
599 3233 754 3286 ﬁnem
777 3235 954 3287 saeculi
982 3233 1341 3287 habitantibus
1364 3235 1777 3302 conscripserat,
1802 3234 1891 3287 ubi

306 3323 578 3392 legebatur
616 3324 896 3389 insertum,
924 3325 1150 3391 qualiter
1191 3340 1284 3388 per
1333 3338 1654 3378 consensum
1700 3333 1756 3378 et
1798 3340 1890 3378 vo-

305 3414 564 3468 luntatetn
605 3413 806 3467 domini
846 3424 898 3468 et
927 3415 1184 3483 genitoris
1207 3415 1380 3468 nostri
1422 3415 1589 3473 Pinini
1628 3415 1893 3483 quondam

306 3505 470 3573 regis.
507 3505 665 3560 etiam
702 3516 754 3560 et
791 3520 1051 3560 consensu
1082 3521 1297 3561 suorum
1340 3508 1674 3563 sacerdotum
1706 3518 1760 3561 et
1787 3508 1896 3562 cle-

303 3592 558 3658 ricorum,
617 3594 977 3662 supradictum
1042 3597 1422 3650 monasterium
1488 3597 1539 3650 in
1598 3597 1897 3651 nominibus

305 3683 664 3750 apostolorum
697 3684 838 3738 Petri
867 3694 920 3739 et
950 3685 1094 3740 Pauli
1123 3696 1331 3741 conSIat
1359 3688 1701 3752 aediﬁcatum,
1732 3690 1818 3742 ubi
1844 3699 1900 3744 et

306 3777 492 3834 postea
541 3770 858 3825 sanctissimi
905 3787 1099 3839 corpus
1148 3773 1399 3844 Gorgonii
1450 3774 1617 3830 Roma
1660 3777 1894 3832 delatum

306 3856 574 3922 condidit;
607 3873 670 3912 ea
710 3861 911 3914 scilicet
948 3861 1269 3927 conditione,
1311 3872 1368 3917 ιιι
1402 3865 1452 3917 in
1484 3864 1601 3932 ipso
1631 3876 1896 3919 monaste-

309 3950 391 4000 rio
430 3949 677 4004 monachi
719 3953 1012 4006 secundum
1057 3954 1296 4009 ordinem
1345 3965 1400 4010 et
1444 3958 1681 4027 regulam
1727 3959 1895 4013 sancti

306 4040 576 4095 Benedicti
608 4043 872 4110 perpetuis
901 4045 1230 4111 temporibus
1254 4045 1512 4109 vivet-cut,
1536 4054 1694 4116 atque
1716 4062 1810 4115 pro
1839 4062 1898 4102 sc

303 4140 360 4184 et
379 4146 481 4199 pro
503 4132 621 4185 aliis
653 4131 858 4186 Domini
884 4135 1302 4188 misericordiam
1325 4135 1687 4191 indesinenter
1704 4152 1896 4192 exora-

304 4229 450 4276 rent.
495 4221 693 4276 Tamen
745 4223 810 4276 ad
860 4225 1280 4279 conﬁrmandum
1331 4227 1487 4295 hujus
1544 4226 1670 4281 boni
1721 4229 1896 4295 operis

303 4318 596 4375 certamen,
627 4312 968 4381 cognovimus
993 4312 1233 4368 diversas
1275 4329 1360 4368 res
1397 4313 1460 4367 ad
1500 4314 1729 4369 eundem
1771 4330 1894 4369 san-

299 4411 448 4455 ctum
487 4404 683 4467 locum,
717 4406 989 4472 praelatum
1031 4407 1338 4476 episcopum
1388 4406 1682 4478 delegasse,
1731 4418 1891 4477 atque

301 4493 375 4546 ita
396 4493 758 4562 conﬁrmasse,
783 4506 840 4549 ut
863 4497 1117 4567 deinceps
1144 4513 1242 4552 nec
1260 4497 1327 4552 ab
1354 4501 1470 4567 ipso
1494 4499 1747 4568 episcopo
1771 4514 1890 4564 suo,

300 4585 418 4638 sive
483 4586 882 4640 successoribus
935 4595 991 4641 et
1045 4588 1470 4654 archidiacoois,
1528 4603 1623 4644 seu
1685 4591 1894 4646 caeteris

300 4674 546 4729 ecclesia:
563 4675 958 4745 coadjutoribus
976 4677 1151 4746 aliquo
1173 4687 1412 4747 tempore
1431 4677 1592 4734 fuisse
1607 4679 1892 4748 irruptum.

304 4762 462 4817 Unde
487 4764 680 4819 asserit
706 4766 956 4833 praefatus
999 4767 1296 4822 ’l'bomarus
1331 4769 1518 4834 abbas,
1557 4769 1743 4837 suique
1783 4785 1892 4822 tito-

302 4853 481 4919 nacbi,
526 4855 626 4908 hoc
666 4856 998 4926 privilegium
1038 4860 1434 4922 c0ulirmatum,
1469 4870 1522 4912 et
1563 4858 1675 4912 hinc
1712 4859 1888 4912 omnia

300 4945 484 5014 quieto
512 4947 698 5000 ordine
726 4961 786 5001 se
836 4948 1148 5016 possidere;
1180 4951 1272 5004 sed
1321 4965 1418 5019 pro
1458 4950 1666 5019 pietatis
1703 4949 1892 5004 studiis

305 5036 460 5102 petiit
495 5036 861 5092 celsitudinem
896 5047 1151 5106 nostram,
1185 5050 1239 5092 ut
1283 5039 1420 5094 circa
1463 5043 1736 5110 prmlatum
1778 5057 1891 5095 tuo-

304 5125 619 5191 naSterium,
668 5127 892 5195 ejusque
939 5139 1192 5191 rectores,
1227 5142 1459 5184 nostram
1501 5133 1729 5200 denique
1763 5148 1890 5184 cun-

303 5219 654 5272 lir.nationem
679 5234 774 5287 pro
797 5218 1054 5275 mercedis
1075 5229 1358 5290 augmento
1379 5223 1717 5275 conscribere
1734 5234 1891 5290 atque

304 5306 621 5361 conﬁrmare
651 5308 930 5373 vellemus,
966 5311 1120 5379 cujus
1155 5311 1462 5380 petitionem
1495 5313 1760 5382 denegare
1792 5330 1886 5367 nc-

305 5397 591 5465 quivimus,
610 5399 704 5453 sed
721 5401 900 5456 libenti
933 5404 1111 5456 animo
1127 5401 1262 5454 hanc
1283 5402 1593 5470 praestitisse
1607 5412 1663 5456 et
1687 5405 1889 5458 conﬁr-

306 5500 483 5542 tnasse
536 5493 860 5556 cognoscite.
913 5492 1291 5562 Prrecipientes
1334 5493 1475 5546 enim
1519 5493 1786 5560 jubemus,
1833 5505 1890 5549 ut

307 5577 596 5645 inapectum
625 5581 732 5648 jam
760 5583 956 5636 dicttttn
989 5583 1340 5652 privilegium,
1373 5585 1510 5637 sicut
1541 5600 1631 5653 per
1661 5586 1886 5640 eundem

308 5665 625 5738 declaratur,
657 5671 792 5729 sicut
821 5674 887 5728 ab
917 5674 1032 5742 ipso
1062 5674 1311 5744 episcopo
1341 5689 1435 5744 per
1471 5690 1791 5730 consensum
1832 5686 1884 5730 ct

1915 1682 1960 1738 Α
1991 1663 2316 1719 voluntatem
2353 1663 2552 1719 domini
2583 1665 2839 1734 genitoris
2879 1667 3072 1730 nostri,
3109 1681 3203 1720 seu
3232 1667 3595 1745 sacerdotum.

1997 1770 2059 1810 ac
2094 1757 2410 1812 clericorum
2455 1757 2650 1811 factum
2682 1768 2784 1822 est,
2814 1759 2950 1826 quod
2983 1758 3302 1812 sanctissimi
3335 1760 3570 1830 episcopi

1997 1850 2047 1903 in
2077 1849 2281 1917 publica
2311 1848 2690 1904 conﬁrmarunt
2709 1848 2936 1919 synodo,
2961 1851 3030 1902 ita
3053 1864 3174 1904 cum
3200 1849 3290 1904 Dei
3315 1862 3368 1905 et
3395 1860 3572 1905 nostra

1994 1941 2161 2009 gratia
2189 1941 2256 1994 sit
2287 1940 2338 1992 in
2365 1939 2611 1993 omnibus
2637 1941 3027 2004 conﬁrmarunt,
3057 1950 3111 1994 et
3143 1956 3309 2009 neque
3340 1955 3368 1992 a
3401 1943 3575 2008 ponti-

1996 2031 2182 2086 ﬁcibus
2236 2031 2570 2095 Metensiunt,
2625 2040 2712 2084 aut
2765 2030 2981 2099 reliquis
3035 2031 3270 2100 ejusdem
3329 2031 3571 2086 ecclesia:

1994 2123 2310 2186 rectoribus,
2361 2135 2423 2174 ea
2471 2136 2589 2189 qua!
2636 2120 2688 2173 in
2737 2121 2838 2174 hoc
2888 2120 3164 2188 piivilegio
3215 2121 3573 2183 continentur,

1993 2215 2280 2278 confracta,
2307 2227 2403 2268 nec
2428 2211 2692 2282 quomodo
2714 2211 2997 2282 aliquando
3026 2221 3331 2280 perruptum
3357 2217 3448 2278 sit,
3477 2213 3574 2266 sed

1993 2306 2128 2360 sicut
2159 2305 2406 2373 prelatus
2437 2304 2668 2373 pontifex
2709 2319 2806 2373 pro
2838 2305 2992 2359 laude
3020 2313 3074 2360 et
3101 2305 3322 2360 servitio
3356 2303 3574 2360 Cuncti-

1993 2396 2243 2464 pot’entis,
2273 2395 2337 2448 ad
2385 2395 2658 2464 praefatum
2709 2405 2946 2449 sanctum
2998 2396 3170 2450 locum
3220 2395 3574 2462 adordinavit,

1994 2499 2088 2549 pro
2113 2487 2379 2538 communi
2412 2485 2615 2539 scilicet
2639 2500 2754 2546 sua,
2786 2485 3036 2555 regnique
3062 2497 3220 2555 atque
3250 2485 3578 2542 Francorum

1993 2578 2255 2640 mercede,
2283 2576 2476 2632 nostris
2497 2587 2550 2632 et
2575 2576 2762 2631 futuris
2787 2579 3113 2646 temporibus
3141 2577 3409 2646 perduret,
3437 2594 3570 2647 qua-

1995 2677 2150 2722 tenus
2184 2669 2371 2722 melius
2393 2667 2621 2723 delectet
2641 2667 2879 2738 ejusdem
2902 2669 3141 2724 ecclesia:
3176 2681 3430 2735 reetores,
3452 2683 3574 2724 cum

1992 2761 2104 2828 ipsa
2126 2771 2306 2813 sancta
2333 2761 2482 2814 turba
2509 2761 2918 2827 monachorum,
2947 2777 3042 2827 pro
3070 2763 3238 2815 salute
3261 2762 3466 2829 patriai,
3487 2761 3571 2815 vel

1989 2851 2281 2906 stabilitate
2316 2852 2461 2921 regni
2487 2852 2654 2906 nostri
2682 2852 2889 2907 Domini
2925 2854 3346 2908 misericordiam
3381 2854 3573 2923 depre-

1992 2940 2122 2995 cari.
3588 2925 3600 2931 ’

2060 3027 2280 3098 Signum
2306 3027 2482 3086 Caroli
2508 3031 2877 3100 gloriosissimi
2910 3032 3069 3100 regis.

2772 3141 2827 3196 II.

1998 3233 2240 3304 Diploma
2266 3233 2438 3288 Caroli
2470 3233 2649 3304 Magni
2689 3251 2790 3302 quo
2829 3237 3118 3304 prioratum
3156 3239 3322 3290 sancti
3355 3238 3569 3291 Deodati

2132 3305 2290 3357 donat
2319 3309 2623 3358 monasterio
2652 3305 2813 3357 sancti
2844 3305 3078 3375 Dionysii
3109 3308 3264 3373 (anno
3293 3307 3440 3376 769).

2211 3414 2300 3475 (Ex
2332 3414 2390 3464 D.
2411 3415 2654 3476 Bouquet,
2679 3413 2881 3464 llecueil
2905 3415 2995 3465 des
3027 3415 3342 3476 llistoriens.)

2067 3496 2291 3551 Carolus
2335 3497 2501 3566 gratia
2555 3495 2644 3550 Dei
2699 3512 2790 3551 rex
2835 3495 3159 3551 Francorum
3190 3498 3269 3551 vir
3324 3498 3566 3553 inluster.

1999 3586 2261 3658 Quicquid
2290 3587 2430 3642 enim
2463 3589 2528 3642 ad
2558 3589 2673 3643 loca
2703 3587 3050 3643 ecclesiarum
3081 3588 3170 3644 Dei
3201 3589 3455 3644 benevola
3481 3590 3574 3644 de~

1998 3681 2210 3736 vatione
2237 3681 2600 3746 concedimus,
2655 3682 2755 3736 hoc
2803 3682 2956 3736 nobis
3011 3682 3075 3735 ad
3124 3684 3348 3737 salutem
3381 3683 3573 3736 animae

1999 3782 2192 3825 nostrae
2232 3772 2492 3840 proﬁcere
2518 3773 2809 3837 credimus,
2842 3774 3071 3826 maxime
3103 3774 3167 3827 ad
3197 3774 3282 3827 illa
3315 3775 3450 3841 loca,
3485 3774 3574 3827 ubi

2000 3872 2253 3929 parentes
2283 3862 2450 3916 nostri
2483 3864 2817 3930 requiescere
2845 3863 3114 3923 videntur.
3155 3863 3255 3917 hoc
3283 3863 3576 3930 adimplere

1998 3952 2300 4005 studemus.
2343 3952 2677 4019 Quapropter
2718 3961 2901 4004 notum
2951 3951 3021 4004 sit
3046 3952 3293 4005 omnibus
3333 3951 3578 4005 ﬁdelibus

2001 4040 2196 4092 nostris
2219 4039 2575 4106 praesentibus
2603 4048 2656 4092 et
2689 4039 2898 4103 futuris,
2923 4055 2987 4092 eo
3011 4038 3150 4105 quod
3176 4054 3294 4106 nos,
3324 4040 3392 4094 ob
3420 4055 3574 4094 amo-

1998 4141 2109 4180 rem
2139 4127 2232 4181 Dei
2258 4137 2313 4180 et
2345 4125 2608 4182 mercedis
2639 4137 2835 4181 nostra:
2889 4136 3254 4196 augmentum,
3310 4125 3578 4182 donamus

1996 4219 2060 4271 ad
2089 4233 2211 4272 casa
2241 4220 2410 4273 sancti
2441 4219 2623 4273 domni
2680 4217 2921 4288 Dionysii
2979 4219 3228 4288 martyris
3256 4260 3272 4284 ,
3315 4216 3402 4270 ubi
3458 4217 3576 4287 ipse

1997 4312 2223 4366 domnus
2253 4312 2524 4380 preciosus
2550 4326 2672 4365 cum
2719 4311 2920 4364 sanctis
2947 4311 3106 4364 sociis
3151 4311 3204 4364 in
3234 4324 3458 4378 corpore
3487 4325 3574 4364 reo

1994 4402 2252 4472 quiescit,
2313 4410 2370 4456 et
2424 4401 2655 4456 domnus
2705 4403 2914 4472 genitor
2951 4411 3132 4456 noster
3185 4401 3439 4470 Pippinus
3478 4417 3570 4456 rex

1998 4493 2332 4563 requiescere
2361 4492 2592 4559 videtur,
2624 4502 2678 4548 et
2706 4509 2822 4561 nos,
2874 4495 2918 4548 si
2963 4493 3070 4547 lico
3099 4493 3374 4563 placuerit,
3407 4508 3575 4563 sepe-

1997 4584 2099 4637 lire
2149 4582 2398 4652 cupimus
2425 4623 2440 4648 ,
2497 4582 2865 4652 donatumque
2905 4583 3100 4638 ibidem
3133 4584 3199 4637 ad
3247 4584 3364 4654 ipso
3389 4593 3575 4639 sancto

1997 4675 2114 4728 loco
2136 4688 2260 4728 esse
2290 4673 2562 4738 volumus,
2591 4683 2646 4728 et
2677 4675 2764 4728 ubi
2797 4674 3109 4730 Folleradus
3131 4675 3294 4730 abbas
3315 4685 3371 4731 et
3395 4686 3570 4731 custos

1996 4778 2227 4831 praeesse
2251 4763 2614 4832 dignoscitur,
2662 4767 2764 4820 hoc
2804 4776 2886 4821 est
2925 4769 3251 4821 monasterio
3277 4767 3452 4836 aliquo
3481 4767 3568 4835 qui

1995 4864 2333 4923 nuncupatur
2360 4870 2390 4908 a
2420 4866 2607 4911 sancto
2652 4855 2891 4912 Deodato
2922 4898 2938 4922 ,
2969 4858 3100 4912 infra
3134 4857 3338 4927 Vosago
3377 4857 3522 4928 sylva
3551 4897 3568 4921 ,

1995 4943 2132 4998 sicut
2161 4960 2282 4999 eum
2315 4945 2543 5000 domnus
2575 4955 2629 5001 et
2655 4947 2869 5016 genitor
2899 4959 3080 5000 noster
3112 4947 3365 5013 Pippious
3390 4946 3442 4998 in
3473 4961 3567 4999 sua

1995 5037 2314 5088 ittvestitttra
2362 5037 2598 5090 tenuisse
2640 5039 3044 5103 comprobatum
3095 5047 3196 5103 est,
3233 5052 3294 5091 ea
3325 5036 3564 5092 videlicet

1994 5127 2219 5193 ratione,
2246 5137 2302 5179 ut
2347 5143 2562 5197 semper
2603 5129 2701 5196 ipsi
2746 5130 2937 5182 fratres
2966 5129 3148 5182 decem
3179 5143 3242 5182 ac
3267 5129 3567 5198 quindecim

1974 5235 2088 5289 per
2119 5222 2262 5274 vices
2295 5221 2491 5274 ibidem
2524 5223 2695 5289 ipsum
2730 5223 2903 5275 locum
2943 5222 3215 5276 custodire
3237 5221 3486 5288 debeant,
3513 5234 3569 5277 et

1994 5312 2061 5363 ibi
2095 5311 2306 5364 assidue
2337 5312 2386 5364 in
2423 5311 2640 5380 psalmis
2681 5321 2733 5364 et
2775 5313 3000 5374 missas,
3055 5321 3110 5367 et
3151 5314 3360 5367 caeteris
3411 5314 3565 5367 obse-

1991 5401 2288 5454 cratiooum
2319 5401 2677 5467 orationibus,
2713 5401 2794 5455 vel
2828 5401 3127 5471 peculiares
3169 5403 3437 5456 orationes
3471 5417 3564 5471 pro

1991 5493 2141 5548 nobis
2163 5502 2217 5546 et
2246 5508 2341 5561 pro
2366 5493 2564 5546 domno
2619 5503 2778 5562 atque
2827 5493 3060 5562 glorioso
3099 5495 3341 5564 genitore
3379 5508 3563 5548 llttSlro

1992 5583 2271 5638 Dominum
2303 5599 2486 5652 preces
2517 5600 2746 5639 exorare
2773 5584 2862 5639 die
2887 5595 2942 5639 et
2969 5594 3124 5639 nocte
3147 5602 3252 5639 non
3279 5586 3558 5642 desistant.

1990 5675 2273 5744 Propterea
2305 5677 2438 5734 hanc
2479 5677 2893 5746 praccptionem
2928 5689 3159 5734 nostram
3202 5678 3267 5734 ad
3297 5679 3408 5742 ipsa
3436 5693 3558 5735 casa
