4034 6182
461 238 563 294 915

1335 238 1392 291 Β.
1433 235 1678 292 CABOLI
1718 236 1931 290 MAGNl
1969 235 2116 290 OPP.
2162 235 2335 290 PARS
2375 233 2420 288 Ι.
2463 232 2704 292 SECTIO
2747 230 2809 288 ll.

3593 231 3698 288 9H3

458 361 627 407 sancti
666 363 721 407 et
746 351 922 407 domni
952 352 1183 423 Dionysii
1209 352 1546 406 conscribere
1570 351 1843 418 iussimus,
1865 357 1923 403 ut
1957 349 2024 402 ab
2058 353 2103 407 A
2130 362 2232 421 seu,
2255 363 2282 399 a
2315 346 2520 401 Domini
2553 344 2864 400 timentibus
2889 344 3124 400 noscitur
3156 341 3320 399 fuisse
3343 342 3580 400 additum
3608 347 3700 400 vel

461 443 560 495 hac
597 441 681 495 die
709 451 944 496 rectores
965 441 1130 510 ipsius
1151 440 1460 495 monasterii
1486 440 1736 507 praedicto
1763 447 2028 494 monaste-

458 532 537 584 rio
574 546 695 585 cum
732 530 976 586 omnibus
1017 529 1082 583 ad
1133 544 1192 584 se
1232 528 1618 598 pertinentibus
1645 544 1708 582 ex
1736 537 1915 583 nostra
1951 528 2029 600 iq-

462 621 729 696 ilulgentia
779 620 1163 689 prmsentaliter
1213 619 1469 688 recipiant
1505 620 1570 674 ad
1607 618 1979 688 possidendum
2011 657 2026 682 ,

459 711 530 761 ita
562 720 616 762 ut
659 710 909 774 deinceps
960 709 1128 777 ipsum
1183 708 1352 762 locum
1408 708 1631 762 habeant
1685 708 1766 762 vel
1817 715 2031 761 teneant

460 799 660 866 absque
701 798 854 852 ullius
881 799 1252 854 contrarietate
1283 798 1361 852 vel
1401 797 1682 852 calumnia.
1716 797 1776 850 Et
1814 804 1872 850 ut
1918 799 2030 849 haec

461 898 637 941 nostra
686 889 968 957 princeptio
1020 889 1102 943 vel
1146 889 1476 943 conlirmatio
1508 885 1705 941 nostris
1743 894 1798 940 et
1840 884 2028 939 futuris

459 984 788 1051 temporibus
821 982 970 1038 ﬁrma
993 995 1046 1038 et
1073 983 1280 1038 stabilis
1309 982 1595 1051 perdurare
1621 982 1829 1044 debeat,
1866 974 2023 1035 manu

461 1073 670 1140 pr0pria
715 1073 897 1128 subter
934 1075 1267 1129 decrevimus
1298 1074 1576 1137 roborare,
1605 1081 1662 1126 et
1709 1072 1778 1125 de
1824 1072 2022 1126 annulo

458 1173 640 1216 nostro
677 1164 906 1232 sigillare
934 1164 1207 1231 jussimus.

529 1252 743 1320 Signum
773 1253 945 1306 Caroli
974 1253 1340 1323 gloriosissimi
1371 1253 1530 1324 regis.

532 1344 800 1397 llitherius
832 1344 1158 1412 recognovit.

530 1433 660 1487 Data
683 1433 801 1487 Idus
816 1433 1048 1488 Januarii
1078 1449 1220 1488 anno
1247 1435 1415 1502 primo
1444 1435 1591 1504 regni
1615 1436 1797 1488 nostri.
1834 1437 2019 1488 Actum

462 1525 773 1595 Aquisgrani
821 1525 1015 1593 palatio
1045 1525 1254 1594 publico
1279 1525 1331 1580 in
1383 1525 1475 1580 Dei
1524 1525 1738 1579 nomine
1781 1525 2017 1579 feliciter.

458 1620 648 1670 Amen.

532 1777 770 1846 D'ploma
817 1777 988 1830 Caroli
1017 1776 1632 1915 ηιαᾶζέξιετῖὧόοηαδιενὶο
1662 1775 1948 1831 Corbeiensi

932 1954 1022 2016 (Ex
1049 1955 1108 2005 D.
1129 1955 1372 2017 Bouquet,
1399 1956 1537 2018 ibid.)

528 2059 748 2113 Carolus
780 2073 870 2112 rex
895 2057 1216 2111 Francorum
1251 2057 1328 2110 vir
1353 2056 1596 2112 inluster.
1630 2057 1684 2113 Si
1712 2072 1772 2112 ea
1802 2073 1920 2126 qum
1949 2059 2016 2112 ab

468 2151 790 2204 anteriorem
817 2164 997 2218 regum
1028 2147 1292 2218 quondam
1324 2159 1623 2204 nostrorum
1654 2149 1718 2203 ad
1755 2150 1868 2204 loca
1896 2164 2017 2203 san-

457 2249 670 2295 ctorum
701 2241 783 2295 vel
817 2255 911 2309 pro
931 2240 1324 2308 opportunitate
1347 2255 1622 2294 servorum
1655 2239 1746 2294 Dei
1773 2241 1866 2294 fuit
1891 2256 2017 2295 cou-

455 2346 664 2386 cessum
705 2339 861 2399 atque
891 2331 1173 2394 indulmm,
1227 2333 1423 2385 nostris
1477 2329 1705 2384 oraculis
1733 2330 2018 2384 afﬁrmavi-

440 2441 594 2500 ⁵ιιιιιιε,
623 2441 805 2496 regum
834 2425 1265 2480 consuetudinem
1305 2438 1614 2478 exercemus
1641 2463 1656 2486 ,
1692 2434 1742 2476 et
1773 2423 1924 2477 nobis
1949 2423 2014 2477 ad

457 2516 753 2570 mercedem
800 2516 881 2568 vel
939 2515 1280 2568 stabilitatem
1334 2513 1481 2580 regni
1533 2512 1698 2566 nostri
1753 2514 2016 2579 pertinere

455 2608 789 2662 conﬁdimus.
829 2606 991 2675 Igitur
1036 2603 1358 2659 venerabilis
1405 2603 1550 2656 llado
1591 2603 1658 2656 de
1697 2605 2015 2656 nionasterio

455 2696 699 2762 Corheia,
730 2695 868 2766 quod
900 2693 1109 2762 ponitur
1159 2693 1209 2747 in
1261 2707 1390 2762 pago
1440 2690 1778 2747 Ambianensi
1811 2731 1824 2755 ,
1873 2692 2011 2760 quod

455 2798 819 2842 antecessores
863 2788 1028 2842 nostri
1078 2786 1387 2841 Clutharius
1428 2787 1690 2855 quondam
1745 2801 1834 2838 rex
1866 2827 1880 2848 ,
1930 2784 2012 2838 vel

453 2878 830 2932 Balbeohildis
885 2878 1060 2946 regina
1113 2892 1296 2930 eorum
1350 2891 1510 2942 Opere
1572 2891 1601 2928 a
1672 2875 2012 2929 fundamento

449 2979 757 3022 construere
783 2976 1166 3036 praeceperunt,
1190 2967 1486 3020 clementia:
1516 2966 1660 3033 regni
1694 2965 1860 3019 nostri
1887 2978 2005 3032 sug-

446 3059 607 3128 gessit
650 3073 714 3112 eo
743 3058 880 3125 quod
919 3056 1169 3125 prml‘atus
1218 3056 1458 3123 princeps
1508 3056 1668 3109 talem
1723 3055 1786 3108 ad
1835 3057 2004 3123 ipsum

451 3149 830 3204 monasterium
875 3164 968 3218 per
996 3164 1178 3203 eorum
1207 3148 1584 3216 pracepiiones
1613 3148 2010 3203 concessissent

446 3241 728 3304 licentiam,
761 3249 815 3293 ut
842 3255 1026 3294 omnes
1067 3255 1150 3294 res
1191 3249 1293 3293 tam
1336 3238 1473 3307 quod
1527 3239 1627 3307 ipsi
1677 3239 1870 3294 ibidem
1913 3255 2008 3308 pro

445 3347 629 3386 corum
660 3331 906 3388 mercede
949 3331 1046 3384 visi
1091 3334 1326 3384 lirmasse
1355 3330 1584 3392 luerunt,
1613 3345 1768 3399 quant
1791 3329 1948 3383 etiam
1977 3344 2007 3382 a

444 3424 851 3478 succedentibus
895 3413 1146 3491 regibus,
1179 3421 1261 3475 vel
1303 3437 1329 3473 a
1379 3421 1695 3490 quibuslibet
1745 3421 1910 3475 Deum
1940 3421 2007 3475 ti-

445 3514 708 3566 mentibus
763 3513 1063 3567 hominibus
1117 3510 1271 3565 fuerit
1322 3512 1556 3564 additum
1589 3511 1675 3564 vel
1701 3511 1952 3565 collatum
1987 3550 2004 3575 ,

439 3614 527 3655 aut
556 3603 622 3655 ab
652 3602 781 3669 ipsis
805 3602 1114 3656 custodibus
1145 3600 1349 3669 praefati
1379 3602 1686 3655 monasterii
1721 3617 1818 3670 per
1840 3603 2005 3669 quod-

441 3693 570 3746 libet
598 3692 862 3760 ingenium
915 3691 1073 3745 fuerit
1111 3698 1392 3745 attractum
1424 3691 1474 3744 in
1502 3690 1824 3759 quibuslibet
1856 3691 2002 3761 pagis

440 3781 526 3834 vel
553 3781 855 3846 territoriis,
886 3781 983 3834 hoc
1012 3795 1134 3851 pars
1156 3781 1319 3851 ipsius
1347 3781 1656 3836 monasterii
1677 3781 1774 3837 sub
1801 3783 2001 3852 integra

443 3871 754 3935 cmunitatc,
788 3872 990 3940 absque
1035 3873 1251 3928 introitu
1276 3873 1515 3943 judicum
1544 3872 1625 3927 vel
1660 3872 1773 3927 ﬁsci
1805 3872 2002 3942 publici

444 3962 854 4036 repetitionibus
884 4005 898 4028 ,
941 3963 1212 4032 possidere
1258 3965 1401 4018 omni
1433 3972 1671 4033 tempore
1697 3965 1879 4032 quieto
1909 3980 2000 4018 or-

440 4054 566 4108 dine
605 4055 841 4110 deberet.
887 4054 1036 4110 Undc
1074 4063 1128 4110 et
1174 4057 1312 4122 ipsas
1344 4055 1730 4126 praeceptioncs
1754 4066 1999 4110 anteces-

435 4157 616 4197 sorum
650 4155 947 4196 nostrorum
976 4188 988 4212 ,
1031 4159 1126 4200 seu
1157 4154 1210 4201 et
1239 4145 1666 4202 conﬁrmationes
1688 4145 1996 4209 Childerici,

434 4233 767 4294 Theoderici,
793 4234 1103 4301 (llilodovei,
1135 4236 1457 4292 Childeberti
1485 4277 1498 4300 ,
1533 4238 1813 4306 Dagoberti
1835 4281 1848 4305 ,
1874 4236 1997 4302 Pip-

2032 3015 2082 3077 C

2131 439 2382 492 collatum
2431 445 2523 491 aut
2567 451 2663 508 per
2698 436 2971 505 quodlibet
3011 434 3278 505 ingenium
3331 436 3400 491 ab
3437 436 3570 505 ipsis
3609 437 3703 491 ab-

2133 528 2337 582 batibus
2385 527 2636 582 inibidem
2693 513 3198 603 Deo'servientibus
3251 524 3351 581 fuit
3389 534 3702 588 attractum,

2129 629 2221 672 aut
2274 620 2482 688 inantea
2541 617 2737 672 ibidem
2761 660 2776 683 ,
2831 618 2940 672 Deo
2970 617 3282 684 auxiliante,
3312 632 3340 669 a
3379 616 3702 686 quibuslibet

2130 709 2428 764 hominibus
2460 708 2621 764 fuerit
2653 709 2988 762 melioratum
3031 707 3114 761 vel
3143 714 3559 776 augmentatum,
3591 714 3701 759 tam

2129 798 2267 866 quod
2293 800 2538 866 prmsenti
2566 806 2806 864 tempore
2837 811 2958 864 pars
3000 796 3166 863 ipsius
3195 793 3500 848 monasterii
3524 793 3701 858 possi-

2127 890 2254 944 dere
2283 889 2364 943 vel
2395 888 2670 942 dominare
2690 887 2918 950 videtur,
2943 900 3100 953 quam
3123 897 3177 939 et
3206 884 3435 947 inantea,
3474 883 3701 936 Domino

2127 979 2412 1048 adiuvante
2442 1020 2456 1044 ,
2509 978 2701 1032 ibidem
2748 976 2912 1031 fuerit
2961 991 3053 1042 per
3095 975 3345 1043 quaelibet
3397 982 3698 1027 stramenta

2126 1079 2390 1123 cartarum
2445 1071 2696 1124 collatum
2740 1079 2832 1122 aut
2889 1075 3173 1122 attractum
3205 1107 3219 1131 ,
3271 1065 3520 1133 inspectis
3570 1062 3702 1132 ipsis

2128 1161 2567 1230 praeceptionibus
2614 1151 3032 1215 memoratarum
3080 1157 3410 1227 principum,
3440 1155 3545 1209 sub
3571 1155 3702 1210 inte-

2125 1267 2216 1322 gra
2245 1253 2538 1307 emunitate
2559 1253 2763 1321 absque
2794 1250 3008 1304 introitu
3029 1250 3260 1317 iudicum
3282 1247 3492 1302 valeant
3518 1246 3701 1314 quieto

2125 1344 2314 1398 ordine
2357 1356 2541 1398 tenere
2589 1345 2670 1397 vel
2723 1343 2995 1410 possidere
3038 1359 3050 1393 :
3099 1342 3168 1395 ita
3210 1351 3268 1395 ut
3317 1339 3495 1393 nullus
3534 1338 3698 1406 judex

2127 1433 2368 1501 publicus
2416 1436 2464 1488 in
2515 1443 2694 1486 curtes
2745 1431 2910 1502 ipsius
2961 1430 3305 1496 monasterii,
3338 1431 3420 1484 vel
3454 1429 3698 1482 homines

2123 1523 2212 1589 qui
2248 1537 2409 1590 supra
2441 1530 2612 1576 terras
2643 1534 2980 1576 comrnanere
3001 1519 3268 1585 videntur,
3291 1533 3391 1574 nec
3409 1518 3477 1572 ad
3503 1533 3696 1572 causas

2122 1612 2409 1666 audiendas
2433 1652 2449 1678 ,
2496 1626 2595 1666 nec
2637 1611 2704 1664 ad
2750 1611 2897 1665 lreda
2921 1608 3204 1678 exigenda,
3235 1623 3336 1663 nec
3365 1619 3577 1676 paratas
3603 1618 3698 1660 aut

2049 1678 2430 1757 Bmansiones
2482 1699 2790 1764 faciendas,
2847 1713 2947 1754 nec
3007 1699 3141 1753 ullas
3196 1697 3584 1752 redhibitiones
3627 1697 3700 1750 de

2120 1801 2272 1863 parte
2303 1793 2413 1847 ﬁsci
2443 1790 2612 1847 nostri
2651 1788 3005 1858 requirendas
3044 1797 3139 1842 aut
3181 1786 3520 1856 accipiendas
3545 1827 3561 1850 ,
3608 1786 3697 1838 in-

2118 1886 2264 1954 gredi
2296 1884 2516 1939 omnino
2540 1891 2828 1952 praesumat
2860 1899 2872 1934 :
2903 1882 2997 1936 sed
3024 1882 3124 1936 sub
3152 1879 3353 1950 integra
3378 1878 3695 1943 emunitate,

2121 1988 2175 2031 ut
2196 1977 2424 2031 diximus
2450 2016 2468 2043 ,
2521 1990 2640 2030 cum
2669 1974 2916 2029 omnibus
2945 1972 3113 2027 l'redis
3153 1971 3447 2036 concessis,
3491 1972 3699 2026 nostris

2119 2076 2175 2122 et
2227 2065 2423 2119 futuris
2477 2064 2808 2132 temporibus
2837 2063 3021 2132 quieto
3054 2061 3239 2115 ordine
3265 2061 3480 2114 valeant
3522 2061 3696 2129 possi-

2118 2156 2246 2210 dere
2276 2156 2357 2209 vel
2389 2154 2687 2219 dominare,
2721 2160 2780 2205 ut
2825 2152 3013 2205 melius
3059 2150 3287 2206 delectet
3319 2164 3506 2205 servos
3545 2151 3697 2218 ipsos

2121 2249 2212 2303 Dei
2256 2263 2352 2318 pro
2397 2246 2686 2300 stabilitate
2726 2244 2872 2313 regni
2923 2244 3093 2297 nostri
3129 2243 3221 2296 Dei
3266 2241 3694 2296 misericordiam

2118 2342 2412 2409 deprecari.
2466 2340 2529 2394 Et
2569 2347 2626 2392 ut
2672 2340 2784 2392 hzec
2821 2338 3106 2407 praeceptio
3135 2337 3338 2390 ﬁrmior
3385 2334 3650 2389 habeatur
3675 2375 3692 2399 ,

2121 2432 2202 2484 vel
2255 2445 2348 2498 per
2385 2439 2620 2494 tempora
2669 2427 2723 2480 in
2764 2426 3010 2481 omnibus
3056 2434 3445 2491 conservetur,
3500 2437 3694 2478 manus

2121 2529 2318 2574 nostrae
2361 2516 2846 2586 subscriptionibus
2889 2516 3072 2570 subter
3101 2529 3218 2570 eam
3243 2515 3580 2570 decrevimus
3601 2531 3690 2570 ro-

2118 2613 2328 2667 borare.

2192 2700 2422 2753 liberius
2446 2697 2756 2768 recognovit
2774 2706 2829 2753 et
2853 2697 3183 2767 subscripsit.

2193 2790 2320 2844 Data
2370 2789 2469 2843 sub
2513 2789 2600 2844 die
2646 2803 2754 2843 xvn
2800 2788 3060 2843 Calendas
3089 2787 3307 2860 Aprilis,
3338 2788 3528 2843 auuol
3560 2802 3684 2842 cum

2120 2895 2344 2949 regnare
2380 2879 2539 2948 capi.
2573 2883 2760 2934 Actum
2788 2879 3049 2934 Andriaca
3077 2879 3200 2934 villa
3235 2881 3288 2934 in
3321 2879 3531 2933 nomine
3571 2879 3678 2932 Do—

2116 2970 2266 3025 mitti.

2853 3040 2939 3095 IV.

2112 3165 2135 3191 α
2178 3152 2415 3219 Diploma
2445 3152 2619 3208 Caroli
2650 3152 2828 3220 Magni
2855 3166 2946 3220 pro
2997 3149 3343 3220 Andegavensi
3398 3148 3458 3203 S.
3508 3147 3684 3200 Albini

2561 3219 2861 3275 monasterio
2892 3225 3054 3290 (anno
3075 3219 3201 3289 7b9)

2583 3333 2675 3394 (Ex
2703 3333 2759 3382 D.
2791 3333 3036 3394 Bouquet,
3057 3329 3194 3391 ibid.)

2176 3437 2399 3492 Carolus
2464 3452 2559 3492 rex
2618 3437 2943 3491 Francorum
2993 3437 3074 3489 vir
3122 3435 3326 3488 illuster
3357 3473 3372 3497 ,
3428 3433 3686 3486 omnibus

2107 3531 2303 3583 nostris
2329 3570 2346 3594 ,
2379 3539 2483 3584 etc.
2533 3528 2692 3599 Igitur
2726 3527 3036 3598 magniﬁcus
3057 3526 3139 3580 vir
3164 3524 3467 3581 Cuntharus
3493 3533 3683 3578 rector

2105 3621 2172 3674 de
2204 3621 2530 3675 monasterio
2560 3620 2616 3675 S.
2651 3619 2849 3684 Albini,
2873 3619 2966 3687 qui
3004 3625 3088 3672 est
3122 3623 3454 3671 constructus
3498 3629 3684 3682 prope

2105 3725 2284 3764 muros
2326 3710 2652 3777 Andecavis,
2702 3709 2786 3764 vel
2825 3707 3002 3763 clerici
3027 3707 3092 3763 de
3130 3707 3241 3776 ipsa
3265 3705 3478 3761 ecclesia
3502 3719 3679 3773 pecu-

2105 3803 2248 3858 liaris
2281 3805 2487 3873 patroni
2522 3803 2689 3859 nostri
2717 3802 2782 3856 ad
2827 3810 3066 3855 nostram
3090 3799 3400 3854 accedentes
3437 3811 3683 3866 prasen-

2103 3892 2250 3959 tiam,
2283 3894 2582 3950 clementiae
2622 3894 2770 3963 regni
2800 3892 2970 3949 nostri
3007 3895 3386 3960 suggesserunt
3421 3901 3485 3942 eo
3527 3887 3681 3954 quod

2101 3996 2470 4041 antecessores
2523 3996 2716 4051 nostri,
2748 3998 2843 4040 seu
2890 3985 3048 4039 etiam
3098 3982 3324 4036 domnus
3363 3993 3425 4034 ac
3455 3979 3684 4048 genitor

2102 4087 2283 4130 ucster
2336 4078 2506 4132 beatae
2550 4075 2825 4136 memorias
2868 4074 3086 4143 Pipinus
3135 4071 3400 4142 quondam
3433 4084 3531 4125 rex
3583 4085 3684 4138 per

2104 4169 2319 4224 illorum
2358 4171 2704 4226 auctoritates
2723 4183 3014 4236 eorumque
3041 4166 3283 4220 manibus
3305 4165 3678 4231 suscriptas...

2099 4266 2153 4310 ut
2180 4259 2438 4326 quasdam
2489 4258 2642 4313 villas
2670 4259 2913 4329 ejusdem
2954 4258 3175 4312 abbatis:
3205 4255 3473 4316 canonicis
3499 4255 3681 4323 ipsius

435 4319 562 4390 pini,
608 4326 870 4392 quondam
925 4340 1128 4396 regum,
1164 4341 1366 4380 necnon
1410 4337 1464 4381 et
1496 4328 1748 4397 genitoris
1779 4327 1989 4395 nostri,

2111 4347 2202 4400 loci
2239 4347 2519 4415 deputatas
2545 4319 2721 4403 denuo
2751 4363 2846 4417 per
2865 4347 3194 4403 celsitudinis
3219 4356 3413 4400 nostra:
3437 4319 3682 4402 auctori-

432 4413 546 4480 t'pse
572 4413 702 4468 abba
732 4430 793 4468 ex
825 4415 925 4471 hoc
953 4416 1003 4471 in
1033 4418 1277 4484 praesenti
1305 4419 1456 4474 nobis
1480 4419 1697 4488 protulit
1724 4421 1992 4489 legendas;

429 4511 480 4555 ct
520 4501 687 4569 ipsum
752 4504 1066 4559 beneﬁcium
1115 4507 1184 4560 ab
1236 4523 1300 4561 eo
1356 4518 1592 4576 tempore
1649 4525 1813 4578 usque
1858 4526 1997 4565 nunc

427 4599 617 4652 asserit
670 4613 787 4652 esse
834 4611 1204 4655 conservatum
1236 4621 1247 4654 :
1280 4602 1372 4657 sed
1415 4619 1510 4672 pro
1534 4603 1797 4658 ﬁrmitatis
1820 4605 1995 4659 studio

426 4688 578 4758 petiit
605 4688 980 4742 celsitudirn-m
1035 4701 1268 4745 nostram
1312 4702 1367 4744 ut
1416 4692 1514 4746 hoc
1576 4694 1744 4762 ipsum
1787 4694 1851 4747 ad
1905 4709 1994 4748 su-

426 4781 772 4848 prascriptum
828 4781 1210 4837 monasterium
1260 4792 1440 4838 nostra
1472 4785 1680 4854 plenius
1700 4788 1990 4842 auctoritas

425 4871 644 4926 deberet
667 4869 1006 4927 conﬁrmare.
1037 4873 1197 4943 Cujus
1228 4875 1532 4944 petitionem
1559 4880 1786 4945 gratanti
1811 4880 1990 4933 animo

423 4963 734 5030 praestitisse
762 4971 815 5016 et
844 4964 1211 5032 conﬁrmasse,
1237 4975 1288 5021 et
1314 4966 1363 5019 in
1395 4967 1641 5020 omnibus
1657 4968 1989 5023 concessisse

423 5057 743 5123 cognoscite.
774 5053 1105 5123 QuaprOptcr
1150 5070 1245 5125 per
1301 5065 1611 5124 prmsentem
1649 5057 1895 5127 jubemns
1925 5075 1988 5116 ac

423 5143 759 5198 decernimus
785 5143 1081 5214 iussionem
1109 5184 1126 5212 ,
1171 5155 1228 5199 ut.
1255 5147 1501 5215 quicquid
1532 5147 1599 5201 ab
1627 5149 1986 5206 anterioribus

424 5239 620 5293 nostris
666 5238 731 5291 ad
776 5252 1124 5295 memoratum
1164 5243 1542 5297 monasterium
1582 5244 1633 5297 in
1664 5245 1985 5312 quibuslibet

423 5331 551 5384 locis
573 5331 652 5384 vel
684 5331 966 5386 territoriis
995 5333 1488 5410 fuerit’concessnm
1514 5345 1669 5405 atque
1697 5336 1980 5403 indultum,

493 5497 519 5524 τι
545 5485 695 5552 Apud
719 5485 1180 5547 Sa'mmarthanos,
1213 5489 1299 5554 qui
1349 5487 1490 5541 idem
1525 5504 1843 5554 praeceptum
1867 5494 1979 5547 edi-

423 5553 614 5632 derunt
636 5561 766 5632 tom.
795 5555 855 5606 IV
888 5555 1074 5632 Callia:
1102 5553 1323 5632 Clirist.,
1359 5573 1476 5632 pag.
1509 5553 1626 5632 2st
1655 5553 1979 5631 Mauronius,

424 5621 870 5688 Clementiniacus,
911 5623 1177 5693 I’apimis,
1210 5621 1506 5694 I’innarius,
1537 5629 1809 5687 Sabracus.

2103 4439 2224 4494 tatis
2264 4439 2581 4509 suscriplum
2624 4456 2721 4495 nos
2761 4443 2920 4495 etiam
2956 4439 3156 4495 eisdem
3185 4440 3367 4494 usibus
3407 4448 3676 4508 perpetua

2101 4531 2216 4600 lege
2285 4530 2554 4585 habendas
2619 4529 2836 4585 easdem
2910 4531 3228 4585 conﬁrmare
3285 4530 3678 4600 dignarentur:

2097 4639 2322 4695 quarum
2363 4625 2571 4679 scilicet
2599 4625 2841 4678 villarum
2869 4623 2966 4677 ista
2995 4630 3120 4676 sunt
3155 4621 3364 4675 nomina
3395 4637 3408 4671 :
3436 4619 3681 4674 Maimn-

2098 4729 2220 4778 nus,
2263 4713 2741 4779 Clementiniacus,
2774 4712 3035 4782 Papirius,
3058 4709 3365 4776 Prunarius,
3387 4708 3681 4777 Sabiacus,

2099 4806 2451 4870 Multonacus,
2487 4803 2946 4868 Monasteriolum,
2977 4812 3031 4857 et
3051 4801 3202 4858 vinea
3230 4817 3346 4871 qua:
3375 4801 3508 4855 infra
3539 4803 3685 4856 con—

2095 4895 2234 4949 sistit
2286 4894 2663 4950 Monasterium
2699 4909 2712 4944 :
2745 4891 3088 4960 piscationem
3136 4905 3164 4942 a
3195 4899 3345 4959 porta
3375 4889 3404 4928 δ
3445 4890 3686 4944 Cancia-

2093 4999 2252 5038 cense
2305 4999 2475 5054 usque
2520 4983 2583 5038 ad
2613 4983 2837 5037 insulam
2867 4998 2985 5051 qua:
3015 4992 3352 5051 nuncupatur
3391 4981 3678 5038 Virelista.

2093 5075 2159 5129 Et
2198 5075 2299 5130 hoc
2348 5090 2441 5143 per
2485 5089 2656 5129 annos
2707 5073 2945 5143 singulos
2995 5073 3318 5138 constituit,
3368 5080 3427 5124 ut
3469 5071 3682 5126 dentur

2094 5168 2397 5234 praitaxatis
2446 5167 2696 5220 fratribus
2747 5182 2812 5220 ex
2863 5165 2984 5218 villa
3044 5175 3066 5202 ο
3115 5163 3404 5218 Vistiniaco
3448 5163 3514 5218 de
3553 5165 3681 5219 sale

2093 5257 2300 5310 modios
2345 5265 2578 5310 centum.
2619 5255 2767 5310 Unde
2812 5255 2972 5309 etiam
3004 5296 3020 5320 ,
3074 5253 3237 5308 veluti
3292 5255 3676 5323 prasignatum

2089 5359 2192 5416 est,
2221 5346 2516 5401 altitudinis
2544 5355 2740 5402 nostra:
2763 5357 3086 5416 praeceptum
3120 5348 3221 5402 hoc
3253 5343 3674 5414 ﬁerijussimus,

2158 5500 2182 5539 ι’
2217 5498 2366 5568 Apud
2399 5500 2638 5559 eosdem,
2670 5496 2946 5568 Crotiense.

2162 5582 2181 5609 ο
2214 5567 2365 5639 Apud
2392 5569 2629 5634 etisdem,
2663 5567 2969 5622 Justiniaco.
