4034 6182
235 338 334 394 917

519 329 744 388 CODEX
785 325 1300 386 DIPLOMATICUS.
1338 356 1412 370 --
1448 320 1860 380 PRIVILEGIA.
1907 349 1974 359 —
2017 319 2056 372 l.
2097 315 2338 372 PRIVIL.
2383 313 2518 370 PER
2561 313 2834 370 ΕΔΜ..ιῶ
2879 312 3173 370 PARTES.

3325 297 3330 302 ’
3369 317 3474 374 ειδ

231 466 319 518 per
358 448 497 520 quod
552 444 890 514 praecipimus
929 452 986 496 ιιι
1055 439 1454 510 prtenominatie
1525 453 1610 493 res
1665 450 1784 491 cum

1910 445 2037 486 tunc
2057 429 2336 484 videantur
2358 443 2478 483 esse
2506 436 2850 483 conservata.
2883 428 2986 483 Sed
3019 442 3116 496 pro
3147 429 3353 496 integra
3387 433 3475 482 tir-

227 545 368 600 omni
409 539 734 608 integritate,
766 547 820 590 et
863 535 1306 608 sine,cujnspiam
1344 540 1610 586 rectorum
1654 541 1794 596 prae-

225 635 318 691 l'ati
342 631 444 687 loci
467 628 838 690 minoratione,
886 623 1068 676 usibus
1113 631 1168 676 et
1219 620 1495 688 stipemliis
1544 617 1640 670 Dei
1682 630 1798 669 ser-

233 739 410 778 vorum
447 722 500 775 in
521 720 708 774 eodem
752 719 868 770 loco
893 713 1112 770 Christo
1141 709 1509 766 famulantium
1531 707 1800 774 deputatas

229 819 542 872 habeantur.
584 813 790 866 Interea
835 810 994 863 etiam
1032 805 1406 860 constituimus
1450 809 1510 854 ut
1538 811 1795 852 numerus

231 909 454 963 fratrum
506 907 640 960 ultra
689 899 1186 971 quinquagenarium
1240 907 1516 948 numerum
1575 890 1643 944 ab
1691 888 1798 942 ali-

227 1015 331 1068 quo
379 1013 564 1055 eorum
610 995 802 1050 abbate
843 992 950 1046 ullo
999 1002 1226 1058 unquam
1273 997 1514 1049 tempore
1558 995 1663 1035 non
1701 993 1800 1032 au-

228 1101 438 1162 geatur.
503 1090 566 1142 Et
607 1087 709 1140 huc
739 1085 840 1138 hoc
869 1093 1066 1136 nostra:
1101 1075 1434 1132 auctoritatis
1472 1079 1794 1142 prmeeptum

227 1183 434 1237 ﬁrmius
467 1176 741 1242 habeatur,
770 1183 824 1229 et
852 1187 946 1241 per
985 1169 1157 1223 futura
1203 1177 1439 1234 tempora
1463 1178 1492 1216 a
1516 1175 1800 1216 successo-

228 1273 372 1324 ribus
403 1269 540 1322 illius
567 1276 620 1320 et
655 1265 902 1318 ﬁdelibus
929 1268 1126 1314 sanctae
1174 1256 1266 1310 Dei
1309 1253 1563 1309 Ecclesiae
1605 1249 1799 1304 melius

227 1359 514 1422 credatur,
563 1364 618 1410 et
677 1353 983 1423 diligentius
1031 1355 1376 1404 conservetur
1406 1384 1422 1409 ,
1471 1345 1540 1399 de
1592 1342 1800 1398 annulo

225 1459 410 1514 nostro
437 1435 900 1514 subterjnssimus
926 1438 1173 1509 sigillari.

296 1540 514 1608 Signum
541 1533 718 1591 ΚποΙί
748 1529 1116 1604 gloriosissimi
1144 1529 1308 1596 regis.

295 1629 532 1683 Hiterius
553 1624 885 1694 recognovit.

291 1719 428 1773 Data
451 1717 504 1771 in
527 1731 712 1772 mense
745 1713 918 1768 Madio
941 1752 956 1776 ,
1007 1725 1146 1765 anno
1177 1709 1350 1778 primo
1385 1713 1642 1777 regnante
1690 1701 1791 1756 lia-

1901 523 2088 574 mitate
2142 520 2292 588 petiit
2341 519 2644 573 celsitudini
2695 529 2891 572 nostra!
2936 533 3097 586 supra
3145 529 3478 576 memoratus

1897 611 2057 676 abba,
2101 617 2156 662 ut
2187 609 2286 663 hoc
2315 609 2458 662 circa
2493 610 2662 676 ipsum
2697 608 2869 661 locmn
2900 623 2996 674 pro
3024 619 3201 663 nostra
3237 609 3475 664 auctori-

1900 714 2008 759 tate
2039 701 2245 770 plenius
2284 701 2607 756 conlirmare
2648 700 3006 754 deberemus:
3048 700 3201 769 cujus
3231 701 3474 766 petitioni

1899 810 1999 864 pro
2031 793 2296 848 mercedis
2347 799 2546 847 nostris
2594 799 2953 845 auctmentnm
2981 832 2996 856 ,
3048 791 3132 844 vel
3179 793 3475 846 reverentia

1899 885 2067 954 ipsius
2098 883 2268 938 sancti
2297 882 2400 936 loci
2433 882 2504 935 ita
2537 881 2852 949 praestitisse
2892 889 2944 933 et
2984 881 3036 934 in
3065 881 3313 935 omnibus
3345 895 3472 934 eou—

1901 977 2142 1030 ﬁrmasse
2175 973 2498 1043 cognoscite.
2545 971 2930 1040 Prmeipientes
2960 973 3100 1026 enim
3132 985 3190 1027 ut
3219 973 3474 1042 quicquid

1899 1074 2112 1122 constat
2141 1065 2210 1120 de
2241 1065 2356 1134 ipsa
2387 1063 2680 1118 emunitate
2706 1102 2724 1129 ,
2772 1063 2910 1116 sicut
2949 1063 3198 1130 superius
3223 1072 3308 1117 est
3331 1077 3476 1118 com-

1899 1155 2222 1224 prehensum
2245 1195 2260 1218 ,
2311 1161 2682 1208 antecessores
2711 1151 2876 1206 nostri
2921 1151 3067 1222 juste
3098 1162 3152 1206 et
3177 1153 3478 1207 rationabi-

1899 1245 2020 1298 liter
2043 1251 2423 1300 concesseruut
2449 1241 2532 1296 vel
2563 1239 3036 1306 conﬁrmaverunt,
3069 1251 3123 1295 et
3152 1241 3218 1295 de
3247 1256 3312 1295 eo
3342 1252 3480 1296 tem-

1901 1353 2032 1404 pore
2075 1351 2244 1405 usque
2287 1348 2428 1390 nunc
2476 1343 2622 1389 recto
2665 1333 2877 1388 tramite
2925 1333 3022 1387 fuit
3065 1343 3476 1387 conservatum:

1901 1431 1970 1482 ita
2017 1437 2074 1482 et
2115 1428 2328 1482 inantea
2371 1439 2464 1494 per
2512 1435 2752 1478 nostrum
2811 1433 3136 1492 praeceptum
3171 1425 3376 1492 plenius
3425 1425 3475 1477 iu

1901 1517 1992 1572 Dei
2040 1517 2256 1572 nomine
2303 1515 2372 1570 sit
2417 1527 2830 1580 conservatum,
2882 1517 3150 1584 inspectas
3181 1516 3309 1569 istas
3339 1530 3476 1584 pr.c-

1899 1607 2171 1674 ceptiones
2245 1605 2728 1674 suprascriptornm
2804 1603 3143 1673 principum,
3195 1606 3332 1658 sicut
3383 1619 3478 1671 per

1899 1696 2113 1751 easdem
2137 1697 2464 1759 declaratur,
2483 1697 2624 1748 circa
2652 1695 2821 1760 ipum
2847 1695 3092 1748 abbatem
3119 1693 3471 1756 Hardradum,

223 1810 340 1865 rolo
363 1807 750 1878 gloriosissimo
797 1819 921 1874 rege
965 1802 1310 1857 Francorum.
1343 1799 1531 1852 Actum
1583 1807 1608 1835 ι
1648 1794 1794 1848 Mur-
1832 1795 1872 1853 Β
1899 1785 1984 1840 vel
2017 1797 2357 1840 successores
2396 1785 2464 1838 ad
2509 1783 2682 1852 ipsum
2716 1784 3097 1838 monasterium
3128 1782 3301 1836 Sithiu
3335 1786 3476 1835 omni

225 1915 382 1954 uaco.
979 1959 1016 2015 ν
1030 2000 1045 2014 .

223 2081 467 2153 Diploma
481 2076 656 2133 Caroli
678 2073 853 2153 Magni
877 2087 968 2153 pro
989 2069 1302 2153 humanitate
1321 2067 1530 2122 cmuobii
1554 2066 1794 2121 Silhien-

796 2145 866 2198 sis
893 2143 1050 2212 (anno
1077 2140 1227 2206 769).

594 2253 753 2318 (Apud
777 2251 980 2312 Mabiil.,
1025 2250 1088 2300 de
1115 2247 1187 2298 Ile
1211 2247 1430 2310 diplom.)

293 2357 523 2416 Karolus
570 2356 736 2425 gratia
787 2353 880 2409 Dei
928 2368 1018 2407 rex
1069 2352 1414 2415 Francorum,
1449 2350 1529 2403 vir
1572 2350 1796 2403 illuster.

221 2453 276 2507 Si
310 2453 452 2506 facta
477 2459 875 2503 antecessorum
921 2454 1224 2499 nostrorum
1267 2457 1450 2512 regum
1493 2442 1634 2512 quod
1685 2442 1798 2496 loca

221 2552 531 2598 sam-torum
563 2539 922 2608 praestiterunt
943 2537 1026 2592 vel
1054 2545 1452 2600 concesserunt,
1481 2549 1574 2604 per
1600 2535 1801 2588 nostris

221 2633 458 2688 oraculis
488 2633 906 2694 conlirmamus,
957 2641 1100 2697 regia
1145 2627 1528 2682 consuetudine
1568 2639 1802 2679 exerce-

224 2740 373 2788 mus,
397 2731 452 2778 et
473 2721 626 2777 nobis
652 2721 718 2774 ad
749 2719 958 2774 lattdem
982 2719 1064 2773 vel
1086 2717 1428 2772 stabilitatem
1457 2717 1603 2787 regni
1635 2714 1802 2769 nostri

224 2817 276 2867 in
317 2813 414 2867 Dei
450 2813 664 2866 nomine
696 2809 964 2878 pertinere
1003 2809 1344 2864 conlidimus.
1389 2807 1554 2877 Igitur
1583 2820 1804 2862 venera-

231 2903 356 2956 bilis
383 2901 464 2955 vir
492 2899 800 2956 llardradus
825 2899 958 2954 abba
986 2899 1056 2954 de
1093 2899 1421 2953 monasterio
1451 2896 1626 2952 Sithiu
1651 2937 1666 2960 ,
1712 2896 1802 2964 qui

225 3004 310 3048 est
354 2994 406 3047 in
439 3007 572 3062 pago
597 2991 930 3046 'l‘ervaninse
956 2990 1010 3044 in
1041 2989 1245 3044 honore
1276 2998 1474 3043 sanctae
1504 2987 1684 3042 Mariae
1712 3001 1804 3055 ge-

229 3082 442 3138 nitricis
471 3081 684 3136 Domini
717 3081 883 3135 nostri
913 3079 1038 3135 Jesu
1064 3079 1285 3144 Christi,
1315 3093 1522 3134 necnon
1551 3088 1604 3134 et
1631 3077 1802 3132 sancti

227 3177 375 3232 Petri
401 3183 456 3230 et
480 3174 626 3229 Pauli
653 3175 1016 3242 apostolorum
1041 3173 1122 3227 vel
1147 3181 1456 3228 cancrorum
1485 3171 1800 3226 damnorum
1827 3167 1873 3228 Ο

230 3277 545 3322 sanctorum
577 3273 916 3320 constructus
941 3305 956 3330 ,
1003 3265 1070 3318 ad
1101 3273 1335 3318 nostram
1367 3265 1628 3319 accedens
1658 3278 1806 3334 pra:-

225 3355 502 3422 sentiam,
546 3354 844 3409 clementia:
887 3353 1035 3424 regni
1073 3354 1238 3407 nostri
1283 3355 1640 3424 suggessiteo
1667 3353 1804 3422 quod

225 3459 600 3502 antecessores
627 3444 774 3514 regni
807 3445 972 3499 nostri
1019 3459 1172 3513 reges
1201 3443 1268 3498 de
1295 3457 1483 3498 omnes
1509 3455 1690 3497 curtes
1721 3443 1808 3498 vel

227 3538 391 3592 villas
437 3536 602 3603 ipsius
649 3535 956 3590 rttOttasterii
983 3578 997 3602 ,
1050 3533 1297 3603 quicquid
1339 3535 1525 3589 eodem
1569 3543 1809 3602 tempore

229 3627 606 3698 possidebant,
641 3633 733 3679 aut
759 3625 935 3680 adhuc
983 3625 1194 3680 inantea
1225 3640 1290 3680 ex
1345 3641 1563 3680 munere
1591 3640 1808 3694 regum,

235 3720 324 3774 vel
358 3717 549 3774 collata
581 3717 762 3788 populi
785 3757 802 3784 ,
850 3731 945 3772 seu
976 3717 1042 3772 de
1073 3726 1412 3786 comparato,
1462 3725 1554 3771 aut
1579 3717 1646 3772 de
1674 3731 1806 3785 quo-

227 3808 370 3864 libet
416 3818 644 3864 attracto
694 3809 746 3862 in
794 3807 1119 3878 quibuslibet
1159 3809 1308 3878 pagis
1337 3815 1497 3877 atque
1528 3807 1810 3862 territoriis

227 3897 368 3955 inibi
395 3905 512 3952 erat
539 3897 887 3966 additum‘vel
936 3895 1186 3950 collatum
1213 3937 1230 3963 ,
1274 3897 1476 3965 integra
1520 3896 1812 3950 emunitate

226 3990 674 4044 antecessoribus
700 3988 811 4042 suis
839 3987 923 4043 vel
964 3987 1029 4040 ad
1061 3987 1442 4042 monasterium
1471 3987 1644 4042 Sitbiu
1672 4002 1808 4042 con-

227 4079 520 4144 cessisset,
553 4089 610 4133 ut
639 4078 816 4134 nullus
839 4078 1000 4147 iudex
1033 4078 1274 4146 publicus
1304 4079 1497 4132 ibidem
1528 4077 1593 4131 ad
1622 4091 1812 4132 causas

227 4172 556 4237 audiendas,
587 4183 679 4226 aut
711 4171 846 4227 freta
879 4171 1191 4236 exactauda,
1221 4172 1304 4226 vel
1336 4170 1680 4240 ﬁdejussores
1710 4172 1809 4226 tol-

229 4263 450 4330 Iendos,
483 4263 568 4316 vel
619 4262 923 4318 mansiones
972 4274 1063 4317 aut
1113 4271 1324 4332 paratas
1352 4261 1662 4328 faciendas,
1715 4275 1815 4317 nec

231 4353 486 4409 homines
533 4354 706 4423 ipsius
753 4355 1060 4410 monasterii
1104 4363 1212 4409 tam
1256 4356 1518 4424 ingenuos
1558 4369 1716 4423 quam
1762 4363 1816 4408 et

231 4445 562 4510 servientes,
583 4447 672 4515 qui
701 4461 859 4514 super
880 4454 1048 4500 terras
1069 4459 1196 4500 suas
1216 4455 1578 4511 commonent,
1601 4445 1816 4501 distrin-

1903 1887 2144 1942 tempore
2190 1875 2303 1942 ipsa
2335 1872 2588 1928 beneﬁcia
2621 1888 2876 1928 concessa
2908 1873 2961 1926 in
2991 1873 3238 1927 omnibus
3271 1873 3481 1926 valeant

1899 1980 2020 2021 esse
2043 1973 2393 2029 conservata;
2423 1973 2480 2018 et
2508 1963 2705 2018 nullam
2735 1962 3167 2032 rel‘ragationem,
3193 1977 3290 2016 nec
3316 1963 3478 2015 ullum

1903 2057 2344 2124 impedimentum
2375 2069 2404 2109 a
2433 2053 2706 2124 iudicibus
2734 2053 2959 2122 publicis
2989 2052 3182 2108 exinde
3214 2067 3477 2122 quoquam

1905 2160 2147 2217 tempore
2177 2146 2376 2201 habere
2419 2160 2524 2199 non
2569 2145 2987 2213 pertimescant:
3035 2143 3173 2199 unde
3205 2145 3320 2212 ipsa
3350 2157 3480 2198 con-

1908 2236 2150 2306 gregatio
2181 2251 2278 2303 pro
2308 2235 2596 2290 stabilitate
2639 2235 2806 2304 regni
2832 2233 2999 2288 nostri
3019 2277 3033 2300 ,
3067 2234 3150 2286 vel
3180 2232 3351 2285 salute
3381 2247 3477 2301 pa-

1908 2327 2025 2381 triae
2057 2327 2267 2380 Domini
2300 2323 2718 2379 misericordiam
2747 2322 2948 2392 jugiter
2975 2321 3205 2376 debeant
3230 2335 3475 2376 exorare.

1905 2417 1974 2470 Et
2000 2427 2056 2470 ut
2086 2416 2198 2470 lucc
2225 2414 2512 2469 auctoritas
2540 2413 2742 2466 ﬁrmior
2771 2413 3046 2476 habeatur,
3071 2421 3122 2466 et
3151 2411 3202 2464 in
3230 2410 3479 2465 omnibus

1902 2515 2272 2567 conservetur,
2312 2519 2501 2558 manus
2531 2511 2731 2558 nostra!
2761 2501 3211 2558 suscribtionibus
3239 2516 3355 2555 eam
3386 2501 3480 2554 de-

1901 2591 2168 2653 crevimus
2203 2595 2476 2648 roborare.

1971 2685 2192 2756 Signum
2228 2683 2408 2738 Karuli
2440 2683 2814 2754 gloriosissimi
2847 2684 3006 2753 regis.

1975 2775 2104 2830 Data
2134 2791 2318 2830 mense
2339 2775 2503 2844 Julio,
2528 2791 2668 2830 anno
2695 2775 2866 2844 primo
2892 2775 3040 2846 regni
3065 2775 3254 2829 nostri.
3287 2772 3476 2826 Actum

1903 2868 1932 2907 δ
1954 2866 2218 2923 Andiaco.
2641 2933 2706 2988 Ἦ

1907 3024 2144 3094 Diploma
2175 3024 2346 3080 Caroli
2379 3022 2558 3095 Magni
2591 3039 2684 3090 pro
2711 3021 3057 3095 Andegaeensi
3085 3032 3106 3061 ι)
3141 3020 3203 3077 S.
3229 3019 3478 3091 Stephani

2403 3093 2614 3147 ecclesia
2644 3095 2802 3162 (anno
2831 3093 2984 3158 770).

2389 3184 2482 3247 (Et
2505 3183 2564 3234 D.
2590 3185 2837 3245 Bouquet,
2861 3182 3002 3246 ibid.)

1977 3268 2202 3322 Karolus
2243 3267 2415 3338 gratia
2464 3267 2557 3322 Dei
2605 3281 2698 3321 rex
2743 3265 3098 3334 Francorum,
3141 3265 3220 3321 vir
3251 3265 3478 3324 illuster.

1908 3361 2154 3415 omnibus
2185 3359 2500 3428 agentibus,
2542 3368 2649 3412 tam
2691 3358 3042 3424 praesentibus
3073 3373 3232 3426 quam
3263 3356 3478 3413 futuris.

1915 3449 2070 3503 Tunc
2101 3458 2281 3502 nostra
2311 3449 2572 3503 celsitudo
2603 3447 2946 3504 fundamenta
2980 3449 3060 3502 sui
3092 3449 3338 3502 culminis
3363 3463 3482 3503 cor-

1908 3539 2162 3607 roborat,
2193 3541 2412 3608 quando
2439 3537 2505 3593 ad
2537 3539 2824 3609 petitiones
2855 3537 3188 3593 sacerdotum
3218 3549 3272 3593 et
3299 3553 3486 3593 servo-

1909 3646 2026 3685 rum
2079 3630 2172 3684 Dei
2201 3671 2216 3697 ,
2261 3631 2402 3700 quod
2455 3646 2552 3699 pro
2603 3631 2816 3684 illorum
2866 3631 3044 3699 quiete
3084 3631 3167 3684 vel
3211 3629 3484 3699 iuvamiue

1912 3723 2176 3790 pertinet,
2207 3721 2556 3786 obaudimns,
2588 3732 2640 3774 et
2671 3720 2771 3775 hoc
2801 3722 2952 3774 nobis
2980 3720 3045 3774 ad
3076 3719 3374 3774 mercedem
3403 3719 3490 3774 vel

1910 3811 2258 3864 stabilitatem
2313 3809 2462 3878 regni
2512 3809 2677 3863 nostri
2726 3810 2776 3862 in
2824 3807 2916 3862 Dei
2961 3809 3174 3862 nomine
3219 3810 3489 3876 pertinere

1911 3899 2246 3954 conﬁdimus.
2297 3900 2524 3970 Ideoque
2548 3910 2832 3968 cognoscat
2861 3901 3168 3968 magnitudo
3200 3915 3294 3954 seu
3329 3900 3477 3954 utili-

1915 3998 1999 4044 tas
2026 3999 2228 4054 vestra,
2263 3992 2402 4060 quod
2434 3991 2762 4058 apostolicus
2788 3991 2866 4044 vir
2892 3990 3180 4044 Mauriolus
3206 3991 3488 4058 episc0pus

1912 4079 2314 4134 Andecavensis
2343 4079 2576 4133 civitatis
2618 4079 2686 4132 de
2729 4079 3056 4133 menasterio
3100 4079 3159 4133 S.
3189 4079 3487 4146 Stephani,

1912 4169 2054 4238 quod
2105 4171 2204 4224 sub
2235 4170 2368 4224 urbe
2402 4170 2568 4238 ipsius
2613 4169 2844 4225 civitatis
2891 4185 3058 4239 prope
3106 4185 3315 4224 murum
3355 4187 3488 4225 con-

1913 4270 2176 4316 structum
2205 4271 2328 4328 est,
2379 4262 2534 4317 nobis
2564 4263 2826 4331 suggessit
2857 4262 3090 4330 qualiter
3119 4273 3488 4317 antecessores

1914 4352 2084 4406 nostri
2117 4365 2270 4422 reges
2295 4353 2467 4424 ip~um
2495 4352 2931 4408 monasteriolum
2957 4353 3022 4406 ad
3051 4355 3225 4406 lmnen
3250 4355 3502 4408 ecclesiae

1915 4441 1971 4496 S.
2005 4440 2240 4496 Mauritii
2279 4455 2659 4498 concesserunt
2682 4483 2696 4506 ,
2741 4452 2795 4498 et
2827 4455 2882 4497 ut
2913 4459 3008 4498 nos
3037 4445 3197 4498 modo
3226 4461 3319 4514 per
3349 4461 3488 4500 mer-

227 4535 485 4604 gendos,
533 4550 633 4592 nec
677 4537 813 4591 ullas
855 4535 1238 4592 redhibitiones
1279 4509 1664 4604 requirendas,
1715 4552 1816 4592 nec
1841 4509 1896 4571 θ
1921 4530 2066 4584 cedis
2107 4539 2304 4585 nostra!
2341 4540 2686 4600 augmentum
2718 4537 2822 4587 tale
2854 4534 3164 4587 benelicimu
3206 4509 3252 4589 ei
3293 4549 3491 4590 conce-

227 4625 588 4692 exactandas,
608 4626 888 4697 judiciaria
915 4635 1150 4696 potestas
1177 4627 1372 4682 ibidem
1401 4627 1680 4696 ingredere
1707 4642 1812 4682 non

228 4725 536 4786 praesumat
564 4730 833 4786 quoquam
866 4725 1144 4785 tempore;
1179 4716 1280 4771 nisi
1308 4716 1450 4785 quod
1476 4717 1576 4770 sub
1605 4719 1814 4770 emuni-

227 4812 372 4864 tatis
416 4823 638 4863 munere
685 4807 834 4864 omni
883 4818 1124 4878 tempore
1167 4823 1290 4862 cum
1339 4823 1526 4862 omnes
1569 4807 1702 4862 freto
1734 4808 1816 4863 vel

231 4905 452 4958 bannos
479 4915 764 4956 concessus
795 4915 918 4971 pars
951 4901 1118 4971 ipsius
1159 4902 1470 4957 monasterii
1515 4903 1818 4970 perenniter

229 4994 440 5050 debeat
467 4993 765 5062 possidere.
801 4993 952 5049 Unde
981 4994 1392 5062 praeceptionem
1424 5003 1822 5049 antecessorum

229 5091 553 5138 nostrorum
583 5097 644 5138 se
671 5097 736 5137 ex
767 5081 870 5136 hoc
902 5098 1009 5150 pra:
1037 5083 1282 5137 manibus
1324 5083 1522 5138 habere
1552 5084 1781 5139 afﬁrmat
1805 5125 1820 5150 ,

229 5185 292 5228 et
323 5173 472 5244 quod
499 5173 612 5242 ipsa
641 5171 898 5229 beneﬁcia
922 5187 1174 5230 concessa
1202 5173 1270 5229 ab
1294 5188 1360 5230 eo
1387 5185 1623 5244 tempore
1655 5191 1824 5244 usque

316 5340 344 5366 τι
377 5325 544 5398 Locus
571 5327 726 5398 vulgo
751 5327 922 5381 dictus
951 5326 1154 5381 Moruai
1182 5328 1320 5392 apud
1349 5327 1629 5381 Santones.

313 5398 348 5436 ιι
379 5397 680 5468 Αιιιιῇιιειιιιι
701 5398 816 5468 pagi
847 5399 1264 5452 Eneulismeusis
1297 5398 1546 5468 palatium
1577 5409 1689 5451 erat
1715 5415 1726 5449 :
1765 5407 1820 5450 at

231 5475 466 5520 veretur
495 5466 825 5522 Mabillonius
856 5479 912 5520 nt
939 5483 1080 5522 anno
1109 5472 1255 5534 regni
1291 5466 1460 5534 primo
1488 5466 1712 5521 Carolus
1745 5470 1812 5521 Μ.

236 5545 354 5591 huc
397 5535 449 5588 itt
486 5537 604 5592 loco
631 5539 949 5592 constiterit.
999 5538 1056 5591 lrt
1086 5537 1354 5591 Andriaco
1399 5539 1594 5601 palatio
1631 5539 1694 5590 ad
1727 5541 1816 5592 Al-

237 5607 416 5676 tciarn
465 5621 569 5660 non
619 5607 774 5676 longe
820 5623 850 5661 a
895 5607 1145 5662 Sithiensi
1189 5609 1515 5662 monasterio
1554 5611 1818 5663 resedisse

235 5675 444 5732 credit.
501 5676 631 5732 Nam
663 5679 763 5734 hoc
789 5679 904 5748 ipso
930 5693 1072 5734 anno
1095 5677 1321 5746 degebat
1346 5678 1482 5747 apud
1503 5679 1818 5734 Audriacam

1921 4619 2049 4674 dere
2083 4620 2424 4688 deberemus,
2459 4631 2515 4676 ut
2554 4621 2606 4675 in
2637 4621 2826 4677 locella
2859 4623 3025 4694 ipsius
3055 4627 3397 4688 monasterii,
3441 4627 3508 4677 in~

1921 4711 2346 4782 quibuscumque
2376 4715 2522 4783 pagis
2544 4715 2624 4769 vel
2650 4714 2929 4770 territoriis
2958 4731 3020 4770 ea
3043 4717 3249 4772 videtur
3273 4717 3492 4784 habere,

1924 4805 2101 4860 nullus
2125 4806 2289 4875 judex
2323 4807 2585 4875 publicus,
2612 4823 2710 4862 nec
2741 4809 2806 4862 ad
2838 4823 3027 4864 causas
3054 4810 3366 4873 audiendas,
3395 4825 3496 4863 nec

1924 4897 1990 4953 ad
2018 4897 2288 4954 inlrendas
2333 4901 2414 4956 vel
2459 4901 2605 4957 l'reda
2637 4903 2918 4972 exigenda,
2943 4919 3040 4957 nec
3069 4901 3383 4956 hostilitates
3407 4903 3494 4956 vel

1923 4991 2228 5046 mansiones
2261 5003 2352 5044 aut
2383 5002 2591 5060 paratas
2623 4992 2925 5058 faciendas,
2971 5007 3068 5046 nec
3093 4991 3162 5044 ad
3187 4991 3318 5043 ullas
3346 4989 3491 5044 redi-

1923 5081 2154 5136 bitiones
2182 5081 2530 5149 requirendas
2563 5081 2766 5150 ingredi
2798 5081 3029 5134 audeat:
3071 5079 3162 5133 sed
3195 5078 3344 5145 quod
3366 5079 3495 5132 ﬁsco

1922 5187 1953 5225 a
1985 5171 2142 5241 longo
2183 5181 2420 5240 tempore
2468 5172 2564 5226 fuit
2609 5171 2944 5227 consuetudo
2985 5171 3058 5224 ad
3099 5171 3447 5225 exaetandum
3475 5211 3491 5234 ,

1927 5325 2142 5391 villam,
2193 5325 2278 5379 ubi
2329 5325 2654 5394 privilegium
2709 5325 3014 5380 Corbeicnsi
3059 5326 3234 5381 abbati
3289 5325 3494 5380 lladoni

1926 5411 2017 5448 seu
2047 5397 2282 5448 Chaduni
2311 5399 2593 5448 concessit.

1999 5475 2020 5502 ο
2051 5466 2324 5530 Quodnam
2353 5466 2422 5517 sit
2450 5465 2576 5518 illud
2606 5465 2664 5520 S.
2695 5465 2948 5534 Stephani
2981 5467 3362 5521 monasterium
3393 5479 3490 5520 seu

1929 5536 2386 5606 monasteriolum,
2419 5549 2522 5587 non
2555 5537 2738 5606 liquet.
2795 5538 2974 5606 Neque
3002 5536 3055 5606 id
3087 5536 3498 5604 intelligendum.

1929 5605 2138 5660 videtur
2169 5605 2235 5658 de
2275 5606 2596 5658 monasterio
2635 5605 2693 5660 S.
2737 5605 2942 5671 Albini,
2984 5605 3109 5660 olim
3148 5607 3456 5660 suburbano
3480 5647 3494 5670 ,

1930 5675 2068 5742 quod
2099 5674 2353 5742 ιιι-ιιιειιιιυ
2376 5675 2432 5728 S.
2453 5673 2630 5728 Marim
2652 5691 2744 5730 seu
2769 5679 2828 5731 S.
2849 5675 3112 5730 Germano
3135 5675 3494 5731 Antissindor.

1932 5745 2207 5813 episeopo,
2247 5760 2352 5800 non
2379 5745 2438 5800 ὃ.
2461 5745 2754 5816 Stephano,
2787 5755 3054 5802 sacratum
3085 5748 3246 5803 fuisse
3275 5747 3490 5816 legitur.
