4034 6182
539 230 637 283 S‘l'l
1442 234 1498 287 Β.
1542 233 1793 290 CRROLI
1832 235 2046 292 MAGNI
2086 243 2094 287 l

2197 238 2237 294 ³.
2280 238 2457 297 PARS
2496 237 2535 293 Ι.
2577 237 2822 296 SECTIO
2858 237 2922 294 ll.

3665 243 3775 299 920

536 363 632 414 pro
659 356 838 402 nostro
857 356 1140 416 augmento
1166 348 1265 402 sub
1288 349 1597 404 emunitatis
1629 352 1843 405 nomine
1872 352 1922 405 in
1950 354 2105 407 lumi-
2132 359 2179 414 Α
2210 355 2651 419 deservientibus,
2681 356 2767 425 qui
2799 364 2920 409 sunt
2948 353 3087 410 infra
3121 370 3277 425 agros
3313 356 3397 411 vel
3428 358 3641 426 vineas,
3678 378 3777 416 seu

538 439 751 493 naribus
779 439 834 494 8.
883 438 1110 492 Mauritii
1155 436 1373 507 gloriosi
1417 439 1668 509 martyris
1693 442 1988 497 concedere
2014 443 2105 497 de-

894 527 1037 593 quod
1088 526 1158 578 ita
1226 536 1282 579 et
1333 527 1572 582 fecimus.
1626 529 1961 597 Quapropter
2009 547 2105 601 per

535 624 851 677 praasentem
909 616 1325 683 praeceptionem
1377 618 1716 673 decernimus
1780 629 1834 675 ct
1885 625 2104 678 omnino

533 526 783 582 heremus
827 544 839 579 :

2205 459 2365 512 super
2405 457 2573 499 terras
2620 446 2885 511 praedicta:
2928 445 3178 499 Ecclesiae
3218 461 3312 514 per
3352 462 3568 502 manum
3614 464 3777 517 agen-

2204 535 2332 587 tium
2372 549 2554 588 eorum
2595 536 2657 586 ad
2698 536 2862 601 ipsam
2897 533 3177 588 ecclesiam
3216 535 3456 602 proficiat
3497 538 3550 590 in
3592 553 3779 607 perpe-

2204 633 2395 678 tuum:
2458 636 2510 676 et
2564 626 2704 693 quod
2764 640 2859 678 nos
2917 633 3136 693 propter
3177 640 3369 680 nomen
3424 626 3678 694 Domini,
3727 641 3781 685 et

529 703 795 771 jubemus,
830 711 889 757 ut
917 718 1014 759 nec
1046 719 1160 770 vos,
1200 722 1297 760 nec
1320 706 1567 776 juniores
1598 711 1799 777 vestri,
1845 727 1943 765 nec
1971 727 2102 767 suc-
2199 715 2393 767 anima:
2419 724 2612 767 nostrae
2638 714 2950 777 remedium,
2975 728 3067 767 seu
3094 724 3325 767 nostram
3361 717 3778 784 subsequentem

531 808 771 848 cessores
812 810 1034 863 eorum,
1081 812 1178 851 nec
1224 798 1447 865 quilibet
1485 799 1553 853 de
1593 799 1827 866 partibus
1862 801 2100 868 judicum

532 883 641 938 fisci
674 886 874 950 nostri,
922 888 973 938 in
1016 886 1345 953 quibuslibet
1375 890 1521 957 pagis
1562 904 1623 943 ac
1664 891 1946 945 territoriis
1987 893 2098 961 ipsa

530 974 663 1028 cella
695 976 753 1030 S.
784 976 1049 1045 Stephani
1077 978 1266 1033 locella
1301 989 1480 1034 tenere
1508 980 1737 1046 videtur,
1770 984 1914 1036 sicut
1942 998 2102 1051 supe-

531 1064 639 1116 rius
665 1064 919 1129 diximus,
950 1081 1049 1120 nec
1076 1065 1347 1121 infrendas
1380 1069 1463 1122 vel
1496 1067 1639 1122 freda
1667 1072 1960 1139 exigenda,
2001 1086 2101 1126 nec

529 1153 593 1206 ad
613 1153 1001 1223 bospitalitates
1024 1165 1117 1211 aut
1138 1158 1447 1213 mansiones
1466 1159 1548 1212 vel
1574 1172 1782 1227 paratas
1806 1160 2097 1227 faciendas,

532 1259 627 1297 nec
668 1247 733 1297 ad
776 1246 911 1299 ullas
956 1247 1303 1302 redibitiones
1350 1248 1735 1316 requirendas,
1788 1262 1843 1306 et
1889 1267 1988 1307 nec
2032 1254 2097 1308 ad

528 1341 764 1401 juniores
792 1352 916 1392 suos
942 1348 1192 1393 exactare
1233 1354 1333 1393 nec
1376 1340 1572 1395 oli‘erre
1617 1343 1824 1409 penitus
1879 1358 1982 1397 non
2010 1358 2098 1399 re-

529 1430 769 1496 quirant,
816 1430 916 1484 nisi
950 1441 1005 1483 ut
1035 1430 1289 1495 diximus,
1330 1447 1426 1500 pro
1458 1434 1719 1488 mercedis
1749 1446 1945 1491 nostra:
1972 1451 2103 1507 aug-

530 1527 710 1571 mento
758 1519 809 1571 in
864 1518 1213 1574 luminaribus
1261 1521 1321 1575 S.
1364 1523 1592 1577 Mauritii
1642 1526 1741 1578 sub
1789 1529 2103 1581 emunitatis

528 1607 763 1674 nomine,
809 1608 896 1663 ubi
945 1609 1055 1677 ipse
1100 1610 1389 1666 Mauriolus
1417 1615 1702 1683 episcopus
1748 1624 1930 1669 custos
1977 1631 2097 1671 esse

530 1697 759 1763 videtur,
792 1700 839 1752 ei
872 1699 1111 1766 proficiat
1140 1704 1191 1755 in
1222 1713 1591 1772 augmentum.
1636 1705 1703 1758 Et
1732 1713 1788 1758 ut
1814 1706 1930 1759 haec
1957 1721 2091 1773 prae-
2123 1691 2169 1748 Β

526 1787 702 1856 cepti’o
732 1788 934 1842 firmior
964 1790 1240 1858 habeatur,
1270 1802 1325 1847 et
1355 1796 1545 1849 melius
1575 1810 1667 1864 per
1695 1806 1935 1865 tempora
1963 1812 2092 1851 cun-

525 1887 787 1943 servetur,
813 1895 1001 1935 manus
1023 1884 1251 1951 propria:
1272 1885 1753 1953 subscriptionibus
1772 1888 1958 1942 subter
1977 1902 2093 1942 eam

526 1968 854 2023 decrevimus
882 1972 1160 2027 rohorare.

598 2058 818 2128 Signum
843 2060 1022 2115 Karoli
1049 2063 1408 2131 gloriosissitni
1441 2080 1595 2134 regis.

598 2149 869 2205 llitlterius
898 2154 1225 2221 recognovit.

516 2236 570 2294 θ
603 2237 730 2293 Data
760 2254 947 2295 mense
974 2240 1184 2306 Martio,
1214 2259 1355 2298 anno
1386 2244 1447 2299 ll
1487 2248 1630 2315 regni
1663 2250 1849 2303 nostri.
1903 2252 2092 2304 Actum

528 2329 813 2386 llaristalio
845 2334 1041 2400 palatio
1070 2336 1300 2403 publico,
1335 2336 1577 2394 feliciter.
1606 2344 1796 2395 Amen.

1254 2449 1364 2502 νη.

541 2531 781 2598 Diploma
835 2534 1192 2676 Carolomanzn'
1246 2545 1692 2679 prontgfnauerio
1744 2544 2095 2616 Honaugiensi

1163 2626 1298 2663 anno
1461 2650 1475 2665 .

1163 2626 1298 2663 anno
1328 2626 1353 2663 Vl
1372 2626 1475 2665 lUl.

738 2714 831 2773 (Ex
853 2715 1194 2781 labillonium,
1244 2724 1356 2773 tom.
1386 2723 1429 2772 ΙΙ
1463 2724 1636 2774 Annal.
1664 2726 1872 2786 Bened.)

593 2818 1011 2873 Carolomannus
1054 2823 1221 2892 gratia
1268 2824 1362 2880 Dei
1404 2842 1495 2882 rex
1541 2828 1888 2897 Francorum,
1922 2834 2002 2887 vir
2029 2835 2093 2888 il-

528 2908 727 2973 luster,
788 2912 1035 2965 omnibus
1078 2914 1342 2984 episcOpis
1373 2956 1389 2981 ,
1448 2918 1767 2988 abbatibus,
1824 2926 2048 2981 ducibus
2074 2967 2090 2991 ,

2206 806 2511 875 progeniem
2560 805 2712 872 plena
2755 804 3041 858 devotione
3080 805 3417 867 indulsimus,
3448 819 3548 858 nec
3584 806 3778 873 regalis

2202 894 2523 956 sublimitas,
2554 909 2651 947 nec
2674 895 3034 963 quorumlibet
3065 894 3301 961 judicum
3339 895 3473 947 seria
3513 898 3781 963 cupiditas

2200 985 2463 1053 refragare
2500 992 2688 1037 tentet.
2736 985 2799 1037 Et
2837 995 2894 1037 ut
2928 999 3162 1052 praesens
3189 987 3475 1038 auctoritas
3506 997 3613 1038 tam
3645 1001 3778 1053 prae

2201 1076 2441 1130 sentibus
2477 1090 2634 1142 quam
2676 1074 2863 1128 futuris
2900 1075 3230 1142 temporibus
3264 1076 3512 1133 inviolata
3548 1076 3665 1131 Deo
3691 1078 3779 1131 ad.

2197 1165 2372 1233 jntore
2408 1174 2739 1230 permaneat,
2765 1180 2920 1217 manu
2958 1174 3134 1219 nostra
3177 1166 3363 1221 subter
3386 1181 3504 1221 eam
3532 1167 3777 1224 decrevi-

2203 1271 2318 1307 mus
2344 1255 2637 1308 affirmare.

2272 1346 2487 1416 Signum
2516 1345 2890 1399 Karolomannt
2923 1345 3294 1413 gloriosissimi
3322 1347 3485 1414 regis.

2275 1436 2591 1503 Maginarius
2622 1436 2931 1503 recognovit
2958 1444 3010 1487 et
3036 1433 3372 1502 subscripsit.

2278 1527 2403 1579 Data
2426 1527 2474 1579 iu
2500 1542 2681 1579 mense
2706 1526 2915 1587 Martio,
2938 1540 3080 1578 anno
3106 1526 3164 1579 ll
3193 1528 3339 1594 regni
3363 1527 3554 1580 nostri.
3581 1529 3771 1579 Actum

2204 1618 2645 1673 Theudnne-villa
2674 1617 2896 1684 palatio,
2923 1616 2976 1669 in
3004 1616 3097 1669 Dei
3126 1619 3343 1671 nomine
3366 1616 3614 1671 feliciter.

2918 1746 3027 1800 VIII

2198 1857 2387 1913 Charta
2409 1857 2767 1912 Carolonnuni
2796 1859 2949 1925 regis,
2980 1873 3079 1926 qua
3110 1856 3259 1908 villas
3284 1854 3568 1907 Faberolas
3591 1864 3645 1908 et
3667 1852 3779 1908 Nov

2294 1938 2489 1980 rontem
2516 1929 2735 1981 coenobio
2767 1927 3083 1996 Dionysiano
3110 1927 3307 1994 confert
3339 1928 3497 1995 (anno
3521 1926 3685 1992 77!).

2197 2038 2287 2098 (Ex
2315 2038 2519 2099 append.
2544 2050 2665 2085 nova
2687 2037 2743 2086 ad
2766 2038 3171 2158 secundagqgl)“.
3197 2035 3279 2084 lib.
3322 2035 3388 2084 de
3428 2033 3505 2084 lie
3547 2036 3775 2096 diplom.,

2840 2112 2950 2158 pag.
3083 2133 3093 2143 .

2840 2112 2950 2160 pag.
2984 2112 3093 2147 osa.

2265 2200 2681 2254 Carolomannus
2718 2200 2881 2269 gratia
2911 2198 3002 2253 Dei
3050 2212 3144 2251 rex
3192 2196 3545 2260 Francorum,
3574 2196 3661 2250 vir
3688 2194 3770 2249 in-

2198 2294 2379 2345 luster.
2456 2293 2519 2345 Et
2570 2291 2691 2361 quia
2756 2300 3008 2344 monente
3067 2289 3336 2358 Scriptura
3397 2289 3467 2342 ita
3533 2296 3778 2355 Oporteat

2198 2396 2631 2451 unumquemque
2673 2391 2981 2435 constanter
3026 2378 3337 2447 praeparari,
3380 2386 3653 2446 quatenus
3684 2392 3776 2430 ve-

2196 2473 2375 2526 niente
2406 2472 2457 2524 in
2488 2478 2776 2539 conspectu
2816 2468 3032 2537 superni
3072 2466 3271 2523 Judicis
3312 2466 3457 2520 illam
3501 2476 3779 2520 mereatur

2196 2561 2407 2615 Domini
2454 2560 2595 2628 piam
2638 2573 2819 2613 vocem
2862 2558 3079 2622 audire,
3126 2556 3265 2611 unde
3304 2570 3493 2610 Omnes
3533 2557 3663 2622 justi
3711 2570 3779 2611 ex

2196 2652 2348 2704 bonis
2395 2651 2598 2704 actibus
2652 2658 2809 2703 erunt
2852 2649 3062 2716 gavisi;
3115 2655 3441 2716 quapropter
3482 2660 3582 2698 nos
3630 2645 3778 2699 salu-

2195 2744 2381 2806 briter,
2425 2754 2479 2796 ut
2524 2743 2815 2803 credimus,
2865 2741 3264 2794 considerantes
3306 2737 3539 2806 qualiter
3569 2752 3632 2791 ex
3672 2745 3781 2790 ter-

2194 2832 2335 2886 renis
2379 2833 2559 2895 rebus,
2603 2831 2793 2899 quibus
2836 2844 3063 2897 superna
3107 2827 3275 2896 gratia
3305 2826 3458 2881 nobis
3486 2826 3778 2878 affluenter

2194 2923 2245 2976 in
2301 2924 2399 2976 hoc
2442 2924 2639 2976 saeculo
2687 2923 2877 2988 largire
2920 2922 3132 2988 dignata
3183 2929 3304 2981 est,
3355 2918 3535 2971 saltim
3586 2918 3672 2969 vel
3723 2917 3777 2969 in

525 2999 830 3065 comitibus,
860 3003 1183 3067 domesticis,
1222 3004 1455 3072 vicariis,
1497 3013 1814 3066 centenariis
1854 3016 1934 3069 vel
1976 3031 2091 3070 om-
2117 3031 2163 3094 ς
2196 3012 2515 3081 piuperibus
2556 3028 2617 3066 ex
2661 3012 2761 3064 hoc
2802 3012 3037 3064 tribuere
3075 3010 3410 3073 deberemus,
3449 3008 3591 3060 unde
3619 3007 3779 3059 mise-

526 3088 685 3145 nibus
726 3091 904 3144 missis
948 3093 1146 3145 nostris
1186 3095 1638 3164 discurrentibus,
1692 3112 1796 3154 tam
1847 3119 2090 3170 praesen-

527 3176 667 3231 tibus
702 3194 859 3246 quam
899 3190 956 3234 et
994 3182 1200 3239 futuris.
1247 3184 1593 3255 Cognoscatis
1624 3191 1764 3258 quod
1804 3195 2088 3248 maximum

524 3272 674 3338 regni
718 3274 883 3325 nostri
930 3288 1124 3342 augere
1168 3280 1437 3333 credimus
1481 3284 1891 3350 munimentum,
1922 3286 1968 3340 si
2001 3289 2089 3340 be-

527 3358 713 3414 neficia
769 3372 1063 3430 opportuna
1125 3380 1217 3432 per
1263 3368 1377 3422 loca
1429 3372 1773 3427 ecclesiarum
1839 3378 2088 3432 benevola

525 3446 910 3506 deliberatione
955 3455 1334 3520 concedimus,
1391 3474 1452 3511 ac
1506 3461 1727 3515 Domino
1783 3476 2091 3534 protegente

526 3536 790 3592 stabiliter
834 3540 1117 3607 perdurate
1158 3546 1496 3603 confidimus.
1553 3551 1717 3620 Igitur
1755 3559 1964 3610 noverit
2005 3573 2092 3613 so-

528 3622 681 3676 lertia
730 3636 905 3680 vestra
951 3630 1089 3697 quod
1146 3647 1244 3686 nos
1293 3636 1357 3686 ad
1392 3638 1723 3704 petitionem
1774 3647 2092 3703 venerabilis

526 3713 623 3767 viri
665 3716 919 3785 Stephani
966 3720 1174 3776 abbatis
1219 3724 1321 3778 tale
1365 3740 1462 3793 pro
1506 3738 1702 3785 azterna
1740 3735 2091 3794 retributione

526 3804 837 3862 beneﬁcium
881 3810 977 3864 visi
1020 3826 1205 3872 sumus
1246 3815 1569 3882 indulsisse,
1617 3833 1671 3874 ut
1714 3823 1763 3878 in
1811 3826 1963 3881 villas
2010 3831 2090 3883 vel

524 3907 611 3948 res
648 3895 898 3953 Ecclesia
925 3900 983 3953 S.
1007 3900 1282 3972 Michaelis
1306 3905 1609 3977 archangeli
1651 3912 1717 3966 de
1745 3916 2089 3984 monasterio,

521 3985 661 4053 quod
698 3998 779 4040 est
814 4002 1178 4048 constructum
1216 3993 1269 4049 in
1308 3996 1476 4052 insula
1510 3999 1681 4054 Rheni
1719 4020 1836 4070 quae
1874 4017 2093 4062 vocatur

523 4077 796 4148 llonaugia
824 4122 840 4147 ,
888 4096 1020 4151 quas
1061 4088 1309 4152 praesenti
1358 4096 1599 4158 tempore
1639 4103 1729 4146 aut
1772 4104 1955 4149 nostro
1998 4109 2092 4151 aut

521 4169 806 4239 cujuslibet
848 4190 1068 4229 munere
1101 4176 1296 4234 habere
1324 4182 1546 4248 videtur,
1573 4184 1654 4238 vel
1678 4201 1808 4254 quas
1833 4188 2087 4258 deinceps

521 4264 572 4318 in
597 4266 717 4333 jure
744 4268 909 4336 ipsius
947 4272 1115 4325 sancti
1156 4272 1254 4329 loci
1299 4276 1526 4331 voluerit
1565 4277 1742 4333 divina
1784 4282 1951 4349 pietas
1976 4300 2091 4339 am-

2196 3106 2478 3158 ricordiam
2526 3103 2786 3158 Altissimi
2828 3103 3048 3170 adipisci
3094 3102 3380 3155 valeamus.
3432 3101 3640 3153 Idcirco
3674 3114 3770 3153 ce-

2195 3200 2371 3253 dimus
2398 3208 2553 3265 atque
2578 3200 2839 3251 donamus
2874 3211 2970 3266 pro
2994 3197 3183 3249 animae
3218 3203 3413 3249 nostra:
3445 3192 3774 3255 remedium,

2194 3292 2276 3345 vel
2321 3306 2419 3358 pro
2456 3292 2694 3359 genitore
2746 3300 2928 3342 nostro
2967 3286 3233 3356 quondam
3277 3287 3525 3355 Pippino,
3554 3287 3620 3338 ad
3654 3302 3778 3339 mo-

2195 3384 2480 3436 nasterium
2524 3382 2700 3436 Sancti
2747 3381 2978 3450 Dionysii
3020 3382 3300 3449 martyris,
3356 3378 3443 3430 ubi
3494 3379 3773 3443 pretiosos

2194 3473 2421 3527 domnus
2440 3487 2559 3526 cum
2585 3472 2743 3525 sociis
2769 3472 2878 3524 suis
2901 3484 3123 3537 corpore
3148 3469 3451 3534 requiescit,
3475 3467 3770 3519 donatum-

2193 3576 2297 3631 que
2354 3561 2418 3614 ad
2481 3560 2694 3630 prmiato
2750 3568 2934 3612 sancto
2975 3559 3091 3612 loco
3152 3570 3270 3610 esse
3311 3557 3588 3617 volumus,
3666 3555 3774 3609 hoc

2193 3660 2276 3706 est
2313 3652 2466 3706 villas
2504 3651 2643 3715 quod
2686 3649 2797 3717 ipse
2836 3650 3041 3719 genitor
3082 3658 3264 3703 noster
3312 3662 3404 3715 per
3442 3662 3630 3699 manus
3669 3661 3776 3701 no-

2194 3748 2331 3792 stras
2379 3738 2443 3791 ad
2495 3738 2605 3805 ipsa
2650 3752 2770 3791 casa
2816 3737 2907 3791 Dei
2953 3736 3149 3789 dudum
3194 3735 3567 3804 delegaverat,
3618 3752 3777 3789 nun;

2194 3838 2453 3897 cupautes
2499 3827 2817 3893 Faberolas,
2863 3825 2951 3895 qui
3000 3827 3212 3896 ponitur
3254 3827 3303 3879 in
3349 3841 3482 3895 pago
3526 3825 3775 3879 Hadria-

2197 3932 2385 3983 cense,
2436 3927 2490 3971 et
2530 3916 2770 3973 Noronte
2809 3918 2862 3972 in
2904 3932 3039 3986 pago
3083 3915 3398 3979 Carnotino,
3448 3929 3566 3967 cum
3615 3916 3779 3969 omni

2193 4007 2518 4075 integritate,
2544 4008 2629 4061 vel
2665 4008 2990 4077 appendiciis
3016 4020 3216 4067 earnm,
3250 4004 3313 4057 ad
3349 4006 3462 4074 ipso
3489 4016 3779 4059 monaste-

2194 4098 2294 4163 rio,
2325 4099 2407 4151 vel
2450 4097 2720 4151 monachis
2758 4097 2951 4151 ibidem
2991 4095 3323 4164 degentibus,
3361 4110 3452 4147 seu
3493 4093 3560 4146 ad
3603 4095 3777 4147 lumi-

2195 4190 2342 4242 naria
2403 4190 2568 4256 ipsius
2624 4188 2869 4242 ecclesia:
2928 4186 3315 4253 procurandum
3358 4185 3440 4239 vel
3494 4184 3778 4251 stipendia

2197 4293 2508 4346 pauperum,
2549 4287 2602 4329 ut
2647 4276 2928 4343 praedictas
2954 4276 3107 4329 villas
3148 4273 3407 4342 prolicere
3442 4273 3689 4327 debeant
3724 4275 3775 4327 in

521 4354 705 4423 pliare,
745 4359 919 4415 nullus
952 4362 1114 4429 judex
1158 4363 1403 4431 publicus
1433 4365 1499 4419 ad
1525 4381 1715 4422 causas
1739 4370 2083 4439 audiendum,
2121 4376 2166 4434 ο
2196 4378 2573 4438 augmentum,
2619 4368 2756 4423 sicut
2796 4383 2825 4420 a
2867 4382 3022 4422 vasso
3062 4380 3246 4421 nosu'o
3286 4365 3584 4435 Audegario
3624 4380 3776 4434 pos-

520 4446 601 4499 vel
645 4446 791 4503 freda
830 4451 1062 4520 undique
1099 4454 1447 4522 exigendum,
1491 4472 1804 4528 quocunque
1845 4469 2086 4531 tempore

522 4550 625 4588 non
656 4548 945 4603 pratsumat
976 4543 1178 4609 ingredi
1208 4561 1221 4595 :
1249 4545 1343 4597 sed
1374 4546 1653 4612 prmdictus
1676 4550 1978 4616 Stephanus
2006 4556 2085 4608 vel

518 4641 857 4685 successores
893 4633 972 4684 sui
1018 4649 1115 4687 nec
1148 4636 1249 4689 ulla
1286 4639 1493 4705 publica
1530 4641 1812 4708 judiciaria
1857 4656 2088 4714 potestas

521 4729 738 4791 propter
766 4737 957 4776 nomen
992 4723 1201 4780 Domini
1238 4730 1314 4781 vel
1352 4727 1409 4783 8.
1438 4729 1712 4786 Michaelis
1740 4736 1840 4789 sub
1868 4735 2088 4805 integra:

520 4812 830 4867 emunitatis
857 4815 1073 4869 nomine
1118 4818 1260 4882 ipsas
1300 4833 1386 4873 res
1411 4820 1580 4873 valeat
1604 4822 1899 4879 dominare.
1943 4827 2086 4882 Prae-

520 4902 780 4970 cipientes
805 4918 933 4973 ergo
951 4902 1203 4973 jubemus
1224 4916 1283 4959 ut
1308 4922 1475 4977 neque
1498 4926 1611 4974 vos,
1637 4928 1808 4982 neque
1826 4916 2083 4984 juniores,

521 5002 612 5048 aut
649 5009 988 5050 successores
1031 4997 1225 5065 vestri,
1270 5014 1367 5053 nec
1410 4999 1513 5054 ulla
1558 5003 1763 5069 publica
1808 5006 2087 5074 jndiciaria

526 5091 758 5144 potestas
802 5100 1118 5153 quocunque
1161 5095 1399 5153 tempore
1440 5089 1492 5142 in
1534 5092 1684 5146 villas
1711 5133 1725 5156 ,
1769 5096 2089 5164 ubicumque

526 5176 574 5226 in
606 5188 769 5241 regno
799 5184 1006 5240 nostro,
1052 5178 1149 5244 ipsi
1184 5180 1433 5233 Ecclesise
1481 5191 1571 5234 aut
1614 5187 1753 5252 regia
1796 5197 1885 5240 aut
1914 5189 2088 5255 priva-

527 5271 696 5317 torum
725 5265 805 5317 vel
840 5265 1100 5320 bonorum
1143 5270 1414 5323 hominum
1458 5272 1699 5341 largitate
1737 5278 1976 5341 collatas,
2008 5280 2087 5332 vel

525 5368 642 5418 qum
671 5355 879 5409 inantea
916 5371 1008 5423 per
1042 5357 1203 5412 Deum
1238 5362 1486 5416 timentes
1517 5363 1709 5420 fuerint
1734 5367 1940 5420 collauc
1961 5407 1976 5431 ,
2024 5369 2089 5421 ad

529 5446 814 5500 audiendas
852 5448 1229 5504 altercationes
1272 5452 1506 5520 ingredi,
1542 5466 1632 5508 aut
1671 5456 1818 5510 {reda
1859 5458 1925 5511 de
1962 5474 2091 5525 qua-

533 5531 661 5586 libet
688 5550 844 5590 cansa
874 5539 1122 5605 exigere,
1165 5554 1263 5594 nec
1292 5543 1597 5598 mansiones
1637 5555 1728 5600 aut
1772 5558 1982 5615 paratas
2008 5549 2091 5604 vel

539 5622 876 5691 fideiussores
898 5629 1083 5685 tollere
1109 5636 1475 5701 praesumatis;
1512 5638 1603 5691 sed
1627 5637 1878 5708 quicquid
1901 5640 2091 5695 exinde

2195 4476 2369 4515 sessas
2415 4461 2656 4522 fuerunt,
2703 4467 2759 4513 et
2797 4469 2856 4511 ut
2894 4457 3082 4513 melius
3125 4457 3353 4511 delectet
3395 4456 3535 4525 ipsos
3578 4470 3779 4507 mona-

2194 4552 2325 4604 chos
2376 4565 2471 4618 pro
2529 4550 2679 4603 nobis
2737 4557 2793 4602 et
2843 4550 3085 4616 genitore
3132 4558 3316 4599 noStro
3368 4547 3452 4599 die
3497 4555 3781 4612 noctuque

2198 4639 2405 4694 Domini
2454 4638 2873 4693 misericordiam
2917 4638 3189 4691 adtentius
3236 4636 3538 4704 deprecare.
3606 4634 3784 4703 Igitur

2199 4731 2476 4799 praedictas
2500 4729 2652 4783 villas
2678 4728 2967 4782 Faberolas
2992 4738 3041 4782 et
3065 4726 3305 4780 Noroute
3344 4723 3579 4780 cedimus
3606 4736 3782 4792 atque

2196 4822 2456 4874 donamus
2507 4818 2573 4872 ad
2625 4820 2741 4885 ipso
2795 4826 2982 4871 sancto
3026 4817 3188 4881 loco,
3248 4831 3352 4869 una
3394 4828 3511 4868 cum
3560 4815 3781 4877 terris,

2196 4913 2481 4974 domibus,
2526 4910 2795 4974 aediliciis,
2841 4910 3155 4974 accolabus,
3202 4907 3511 4977 mancipiis,
3562 4910 3782 4969 vineis,

2196 5005 2370 5070 silvis,
2414 5002 2637 5070 campis,
2690 5002 2895 5069 pratis,
2938 5002 3149 5069 pascuis
3176 5038 3195 5064 ,
3240 5000 3398 5069 .aquis
3442 5015 3783 5067 aquarumve

2196 5093 2551 5156 decursibus,
2597 5091 2883 5145 mobilibus
2925 5099 2982 5144 et
3023 5090 3420 5155 immobilibus,
3466 5088 3780 5151 iarinariis.

2197 5185 2372 5253 gregis
2411 5199 2531 5237 cum
2576 5183 2895 5251 pastoribus,
2934 5183 3111 5234 omnia
3149 5190 3202 5235 et
3236 5196 3298 5235 ex
3340 5181 3607 5245 omnibus,
3639 5182 3785 5236 sicut

2198 5276 2451 5339 diximus,
2496 5288 2616 5327 cum
2659 5273 2804 5325 omni
2849 5273 3176 5341 integritate,
3223 5271 3477 5341 quidquid
3517 5273 3778 5340 presenti

2201 5381 2440 5433 tempore
2472 5375 2651 5421 nostra
2679 5365 2888 5420 videtur
2926 5365 3120 5419 ibidem
3146 5379 3285 5427 ;esse
3325 5365 3614 5432 possessio,
3649 5379 3783 5433 pars

2201 5459 2439 5525 prasdicti
2468 5457 2774 5511 monasterii
2809 5456 3031 5525 ejusque
3064 5463 3305 5509 rectores
3346 5457 3651 5524 perenniter
3677 5468 3784 5507 no-

2202 5549 2326 5602 stris
2371 5558 2424 5603 et
2468 5548 2654 5602 futuris
2697 5546 3021 5615 temporibus
3065 5545 3324 5610 habeant,
3368 5552 3581 5598 teneant
3611 5555 3786 5613 atque

2205 5640 2531 5710 possideant,
2550 5650 2601 5697 et
2631 5639 2697 5695 ad
2729 5640 2840 5709 ipsa
2864 5652 2987 5693 casa
3012 5636 3107 5693 Dei
3137 5638 3188 5693 in
3221 5645 3398 5692 nostra
3427 5636 3781 5706 elcemosyna
