4034 6182
285 387 352 440 3Ῥὲ
363 391 382 443 l

601 384 826 440 CODEX
866 381 1382 442 DIPLOMATICUS.
1421 415 1492 426 --
1530 381 1934 438 I’RIVILEGIA.
1967 411 2036 426 —-
2063 381 2104 438 l.
2146 381 2388 438 PRlVlL.
2434 381 2562 436 PER
2599 381 2874 438 GALLlA-Z
2911 379 3200 438 PARTES.

3412 383 3518 436 922

284 519 450 570 usque
481 501 532 554 in
563 509 875 568 perpetuum
901 499 1099 566 absque
1129 499 1271 552 illius
1305 500 1620 566 repetitione
1649 499 1842 550 debeat
1877 501 1920 557 Α
1947 505 2285 562 comparato,
2317 495 2400 549 vel
2429 495 2496 549 de
2527 493 2760 562 quolibet
2791 504 3046 560 attracto,
3077 508 3170 548 seu
3199 509 3264 548 ex
3295 509 3516 548 nntncre

282 605 406 646 esse
437 589 556 659 jure
595 589 802 654 integro
843 587 1178 641 conﬁrmato.
1219 587 1280 639 Et
1319 595 1374 640 ut
1415 586 1527 640 ba'c
1563 586 1850 640 auctoritas

285 685 434 736 tirma
494 689 549 733 et
595 677 904 731 inconvnlsa
951 687 1297 744 permaneat,
1361 691 1457 730 nos
1514 691 1632 729 eam
1687 691 1848 730 manu

283 771 496 840 propria
535 767 719 821 subter
760 767 1126 830 ﬁrmavimus,
1187 775 1242 820 et
1291 767 1360 820 de
1411 765 1611 818 annulo
1667 775 1850 822 nostro

283 861 518 923 sigillare
550 857 823 927 iussimus.

357 949 509 1019 Sign.
539 945 925 1002 Carolomanno
951 944 1338 1013 gloriosissimo
1367 959 1513 1014 rege.

357 1038 676 1108 Maginarius
706 1036 990 1105 recognovi
1020 1047 1070 1090 et
1099 1035 1412 1104 subscripsi.

361 1129 488 1182 Data
514 1128 566 1181 in
591 1139 772 1181 mense
795 1126 1088 1190 Decembri,
1117 1139 1258 1179 anno
1278 1133 1466 1192 quarto
1489 1123 1636 1194 regni
1657 1123 1853 1178 nostri.

287 1221 476 1272 Actum
503 1229 530 1257 ι
551 1215 924 1285 Salmunciago
952 1215 1146 1284 palatio
1173 1215 1406 1284 publico,
1433 1215 1486 1268 in
1519 1214 1611 1268 Dei
1639 1212 1857 1268 nomine

287 1311 534 1365 feliciter.

1028 1395 1120 1450 IX.

290 1507 606 1580 Prae-cptum
636 1501 1018 1580 ϐατοζζῌαῃῃὶ
1057 1503 1118 1580 de
1147 1503 1376 1580 libertate
1397 1499 1428 1541 δ
1461 1499 1514 1556 Μ
1531 1501 1772 1555 onasterii
1795 1499 1853 1555 S.

766 1574 1028 1628 Michaelis
1050 1575 1208 1644 (anno
1237 1572 1389 1642 77‘2).

445 1709 536 1770 (Ex
563 1705 762 1769 Maluit,
786 1714 898 1755 tom.
924 1705 969 1754 Il
993 1713 1213 1756 veterum
1235 1705 1472 1766 Analect,
1498 1720 1546 1768 p.
1579 1707 1711 1766 401.)

361 1813 582 1868 Carolus
628 1813 718 1865 Dei
755 1813 922 1880 gratia
956 1813 1037 1864 vir
1076 1811 1324 1874 illustris,
1365 1809 1690 1864 Francorum
1741 1827 1854 1866 rex.

294 1903 445 1956 Tunc
475 1902 663 1968 regalis
694 1900 953 1955 celsitudo
980 1899 1319 1954 fundamenta
1349 1901 1430 1954 sui
1463 1900 1707 1952 culminis
1741 1915 1859 1954 cor-

291 1991 535 2052 roborat,
572 1990 782 2056 quando
823 1989 1160 2056 petitionibus
1189 1989 1522 2044 sacerdotum
1550 1990 1736 2042 studet
1766 2005 1862 2058 pro

292 2094 478 2134 eorum
506 2078 686 2148 quiete
715 2079 794 2132 vel
823 2077 1094 2146 juvamine
1122 2077 1409 2142 ohaudire,
1441 2087 1494 2132 et
1517 2079 1584 2132 ad
1614 2079 1862 2134 etTectum

291 2167 348 2220 in
399 2165 488 2218 Dei
540 2167 751 2220 nomine
789 2165 1112 2232 mancipare.
1150 2165 1280 2219 Cum
1327 2165 1506 2234 itaque
1544 2168 1866 2224 venerabilis

293 2258 378 2312 vir
401 2257 836 2326 Hermengaudns
865 2257 1027 2312 abbas
1052 2260 1162 2312 sive
1198 2260 1481 2328 episcopus
1509 2259 1576 2312 de
1606 2271 1866 2314 monaste-

293 2348 375 2403 rio
399 2347 736 2403 Castellionis
779 2348 831 2401 in
882 2363 1016 2416 pago
1065 2349 1410 2413 Virdunensi,
1444 2351 1495 2402 in
1535 2349 1640 2405 line
1668 2350 1868 2406 Vinde-

294 2441 464 2494 miaca
483 2483 500 2504 ,
528 2437 614 2494 ubi
648 2439 917 2509 consurgit
945 2439 1135 2494 ﬂuvius
1163 2427 1418 2508 Marsupia
1441 2478 1456 2502 ,
1491 2441 1629 2508 quod
1662 2441 1866 2496 illuster

293 2531 587 2585 Voliandus
617 2540 670 2586 et
698 2531 892 2602 conjux
917 2547 1008 2586 sua
1043 2531 1288 2587 Adalsina
1327 2533 1379 2586 in
1409 2547 1592 2588 eorum
1623 2533 1866 2601 proprie-

295 2631 438 2686 tate,
465 2622 516 2676 in
549 2621 750 2677 honore
779 2622 946 2676 sancti
981 2623 1246 2678 Michaelis
1282 2624 1616 2695 archangeli,
1646 2624 1728 2678 vel
1758 2639 1862 2678 cte-

297 2719 537 2766 terorum
565 2711 897 2766 domimirnm
925 2724 1248 2779 sanctorum,
1280 2717 1364 2770 ubi
1391 2717 1502 2784 ipse
1531 2731 1649 2770 cum
1681 2731 1864 2770 norma

295 2801 524 2870 plurima
565 2804 870 2857 conversari
925 2804 1160 2868 videtur,
1204 2807 1438 2860 noscitur
1481 2807 1864 2872 construxisse,

297 2891 504 2959 integra
533 2889 862 2946 immunitate
893 2909 1079 2948 omnes
1105 2909 1220 2960 res,
1252 2894 1430 2956 villas,
1461 2894 1541 2948 vel
1575 2895 1864 2960 facultates,

297 2991 352 3032 ct
385 2982 633 3046 quidquid
667 2985 912 3050 prmsrnti
948 2992 1185 3050 tempore
1213 2986 1262 3037 in
1289 2984 1689 3052 quibuscunqne
1719 2987 1867 3054 pagis

295 3081 348 3124 et
385 3073 682 3126 terratnriis
723 3073 774 3126 in
817 3088 981 3142 regno
1011 3074 1119 3128 Deo
1150 3074 1376 3142 propitio
1407 3083 1620 3140 nostro,
1655 3084 1758 3126 tam
1803 3089 1866 3126 ex

1951 601 2131 655 regum
2177 587 2373 640 habere
2413 586 2638 648 videtur,
2667 593 2758 636 aut
2783 584 3032 653 quidquid
3087 584 3258 638 adhuc
3305 584 3514 638 inantea

1951 677 2235 738 attrahere,
2265 676 2345 729 vel
2371 675 2686 728 emeliorare
2707 674 2955 742 potuerit,
2983 674 3198 742 etquod
3227 689 3256 726 a
3285 673 3518 728 timenti-

1953 767 2050 821 bus
2087 767 2252 820 Deum
2304 765 2457 820 bonis
2501 765 2806 818 hominibus
2853 764 3086 818 additutn
3136 765 3218 818 vel
3263 765 3516 818 collatmn

1954 857 2142 921 fuerit,
2187 857 2256 910 ibi
2300 858 2574 926 iudiciaria
2627 867 2860 924 potestas
2909 858 3110 925 ingredi
3155 856 3362 924 penitus
3410 873 3517 912 non

1951 956 2234 1014 praesumat
2266 962 2279 998 :
2311 947 2403 999 sed
2430 987 2445 1010 ,
2479 957 2536 998 ut
2561 947 2789 1000 diximus
2812 985 2828 1010 ,
2871 961 2932 1000 ex
2977 955 3154 1000 nostra
3193 947 3517 1016 indulgentia

1949 1035 2056 1105 jam
2081 1035 2253 1089 dictus
2277 1036 2442 1090 abbas
2467 1035 2580 1091 sive
2607 1036 2888 1104 episcopus
2921 1037 3349 1105 Ilermangaudos
3369 1075 3385 1100 ,
3429 1046 3520 1090 aut

1957 1141 2077 1193 pars
2103 1127 2413 1180 monaSterii
2451 1128 2530 1180 sui
2557 1172 2571 1195 ,
2611 1128 2691 1182 vel
2731 1128 2908 1183 omnis
2945 1129 3282 1198 congregatio
3323 1129 3520 1186 ibidem

1953 1219 2322 1286 existentium,
2351 1227 2442 1274 aut
2471 1235 2810 1276 successores
2833 1221 2911 1275 sui
2929 1263 2947 1290 ,
2975 1221 3072 1276 sub
3096 1222 3296 1290 integra
3325 1223 3522 1276 immu-

1959 1313 2121 1364 nitate
2143 1311 2316 1363 omnia
2351 1311 2493 1364 lreda
2515 1326 2764 1366 concessa
2793 1312 3024 1366 debeant
3051 1312 3326 1379 possidere
3349 1322 3402 1366 et
3427 1313 3526 1368 do-

1958 1400 2189 1464 minare,
2225 1409 2282 1454 ut
2312 1401 2504 1456 ibidem
2533 1403 2583 1454 in
2621 1403 2736 1469 ipso
2771 1409 2956 1456 sancto
2989 1401 3106 1455 loco
3140 1402 3335 1456 nostris
3357 1411 3414 1456 et
3441 1401 3524 1456 fu-

1959 1487 2088 1540 turis
2113 1489 2438 1556 temporibus
2465 1489 2572 1544 Deo
2594 1490 2874 1560 adiuvante
2903 1490 2956 1543 in
2985 1490 3330 1545 luminaribus
3355 1493 3522 1560 proli-

1958 1575 2056 1628 ciat
2099 1579 2148 1628 in
2189 1589 2568 1647 augmentum,
2611 1563 2752 1633 unde
2785 1587 2838 1632 et
2889 1579 3000 1647 ipsa
3047 1582 3384 1648 congregatio
3427 1595 3538 1649 pro-

1959 1667 2245 1721 stabilitate
2268 1670 2414 1738 regni
2437 1670 2626 1734 nostri,
2651 1671 2730 1725 vel
2757 1687 2851 1738 pro
2877 1671 3063 1724 salutis
3093 1671 3276 1738 patria:
3307 1686 3526 1740 prospe-

1962 1759 2116 1810 ritate
2139 1759 2342 1813 Domini
2371 1761 2786 1816 miscricordiam
2805 1760 3000 1830 iugiter
3019 1763 3248 1816 debeant
3265 1777 3522 1816 exorare:

1894 1847 1932 1903 Β
1960 1858 2010 1902 et
2039 1848 2208 1902 nullas
2249 1851 2620 1918 rcquisitiones
2653 1861 2706 1906 et
2747 1853 3180 1920 impedimentum
3209 1869 3236 1906 a
3259 1853 3525 1922 jndicihns

1964 1936 2184 2004 publicis
2209 1938 2384 2006 aliquo
2415 1948 2678 2008 tempore,
2725 1955 2823 1994 nec
2860 1955 2888 1993 a
2926 1940 3107 2004 nobis,
3141 1955 3236 1995 nec
3271 1956 3300 1994 a
3340 1956 3525 1994 succe-

1961 2024 2207 2080 dentibus
2231 2027 2464 2096 Regibus
2483 2069 2498 2090 ,
2529 2044 2628 2083 nec
2651 2030 2718 2082 de
2759 2039 2906 2096 parte
2951 2032 3062 2084 tisci
3103 2032 3305 2093 nostri,
3337 2044 3432 2084 nec
3457 2030 3526 2083 de

1961 2113 2196 2180 qualibet
2234 2115 2426 2170 exinde
2473 2117 2668 2171 habere
2703 2133 2806 2170 non
2853 2117 3210 2186 pertimescat.
3245 2118 3308 2171 Et
3334 2127 3388 2170 ut
3413 2117 3528 2173 haec

1963 2206 2246 2273 praeceptio
2277 2215 2454 2270 nostra
2503 2207 2702 2260 ﬁrmior
2729 2207 3016 2272 habeatur,
3048 2209 3127 2260 vel
3171 2221 3262 2274 per
3291 2217 3527 2272 tempora

1963 2297 2156 2350 melius
2183 2307 2546 2362 conservetur,
2581 2314 2734 2352 manu
2765 2309 2942 2352 nostra
2975 2299 3180 2366 propria
3211 2300 3528 2368 subscripsi-

1964 2401 2084 2440 mus
2101 2430 2116 2453 ,
2143 2395 2198 2440 et
2219 2389 2414 2440 annulo
2445 2401 2624 2444 nostro
2650 2387 2866 2456 sigillari
2891 2388 3243 2442 decrevimus.

2039 2475 2256 2544 Signum
2285 2475 2458 2530 Caroli
2487 2477 2853 2546 gloriosissimi
2883 2477 3044 2546 regis.

2037 2566 2224 2620 Datum
2259 2567 2308 2620 in
2341 2583 2522 2622 mense
2553 2568 2718 2632 Maio,
2749 2585 2888 2622 anno
2931 2579 3117 2633 quarto
3162 2571 3306 2639 regni
3339 2569 3528 2624 noStri.

1965 2655 2154 2712 Actum
2188 2657 2472 2726 Drippione
2501 2662 2550 2711 in
2581 2657 2776 2725 palatio
2807 2655 2952 2725 regio
2985 2656 3212 2724 publico.

2719 2787 2783 2842 Χ.

1968 2895 2284 2968 Prwreptum
2313 2898 2481 2951 Caroli
2516 2897 2697 2968 Magni
2728 2915 2819 2964 pro
2854 2900 3154 2952 inermum-io
3194 2897 3252 2951 S.
3289 2897 3532 2952 Germani

2443 2987 2472 3020 α
2501 2967 2669 3019 Pralis
2697 2973 2854 3035 (anno
2886 2969 3034 3035 772).

2033 3079 2260 3132 Karolus
2306 3078 2471 3145 gratia
2521 3077 2610 3130 Dei
2662 3094 2750 3130 rex
2806 3077 3148 3140 Francorum,
3197 3078 3274 3128 vir
3303 3075 3526 3129 illuster.

295 3162 474 3214 altode
494 3199 508 3224 ,
538 3175 692 3229 quam
719 3161 786 3214 de
808 3171 1145 3227 comparato,
1171 3163 1251 3214 vel
1276 3163 1340 3214 dc
1363 3163 1590 3231 quolibet
1621 3172 1862 3227 attracto,
1895 3195 1943 3259 ο
1976 3170 2186 3238 Regalis
2218 3169 2478 3222 serenitas
2507 3183 2714 3236 semper
2741 3183 2801 3222 ea
2835 3169 3108 3221 instituere
3139 3167 3294 3219 debet
3322 3181 3436 3234 quae
3465 3165 3532 3219 ad

295 3266 396 3304 seu
425 3265 488 3304 ex
518 3266 737 3304 munere
769 3266 948 3318 regum
984 3253 1227 3318 praesenti
1273 3261 1510 3318 tempore
1545 3251 1749 3305 videtur
1781 3251 1870 3304 ha-

297 3343 429 3396 bere
449 3383 463 3404 ,
495 3351 583 3394 aut
613 3341 863 3410 quidquid
910 3341 1118 3396 inantea
1165 3345 1432 3399 attrahere
1463 3345 1542 3397 vel
1585 3346 1868 3402 meliorare

299 3435 563 3500 potuerit,
595 3443 641 3486 et
673 3433 926 3500 quidquid
959 3449 987 3486 a
1035 3433 1199 3486 Deum
1245 3435 1549 3488 timentibus
1581 3435 1732 3488 bonis
1769 3437 1866 3490 ho-

299 3523 533 3578 minibus
579 3523 774 3576 ibidem
819 3523 1050 3576 additum
1098 3525 1181 3578 vel
1228 3525 1480 3578 collatum
1529 3523 1723 3588 fuerit,
1775 3541 1869 3592 pro

299 3612 550 3668 mercede
575 3621 756 3665 nostra
797 3612 896 3666 visi
927 3611 1120 3668 fuimus
1165 3615 1527 3678 concessisse,
1559 3611 1692 3666 sicut
1719 3615 1869 3668 bonae

299 3708 573 3762 memoria:
597 3709 840 3762 dominus
862 3718 914 3762 et
935 3710 1143 3784 genitor
1165 3716 1343 3763 noster
1369 3708 1584 3778 Pipinus
1606 3709 1867 3776 quondam

303 3813 399 3851 rex
433 3799 572 3862 fecit,
603 3808 660 3851 ut
687 3799 856 3852 nullus
878 3797 1041 3866 judex
1071 3798 1310 3866 publicus
1341 3813 1436 3854 nec
1463 3798 1530 3852 ad
1556 3813 1743 3852 causas
1771 3813 1868 3852 au-

301 3887 684 3966 diendasknec
713 3888 856 3942 [reda
884 3889 1136 3956 exigenda
1158 3930 1174 3954 ,
1201 3903 1302 3944 nec
1336 3891 1640 3942 mansiones
1670 3897 1758 3942 aut
1781 3903 1872 3955 pa-

303 3985 448 4030 ratas
491 3976 785 4042 faciendas,
819 3979 1086 4040 necnllas
1126 3977 1494 4043 requisitiones
1535 3978 1872 4048 inquirendas

303 4083 407 4120 nec
433 4070 784 4134 exactandas,
818 4085 915 4124 nec
943 4070 1008 4122 ad
1043 4071 1281 4124 homines
1309 4084 1465 4134 suos,
1496 4077 1600 4122 tam
1631 4071 1694 4122 ad
1725 4071 1869 4138 inge-

304 4171 442 4210 nuos
465 4173 620 4225 quam
657 4157 721 4211 ad
769 4161 1065 4214 servientes
1089 4197 1104 4223 ,
1136 4159 1226 4228 qui
1267 4175 1426 4228 super
1467 4167 1662 4214 terram
1708 4161 1872 4227 ipsius

301 4245 609 4300 Monasterii
655 4263 989 4301 comnianere
1038 4249 1310 4314 videntur,
1385 4263 1482 4303 nec
1534 4249 1872 4316 ﬁdejussores

303 4335 598 4399 tollendus,
649 4336 778 4390 inihi
815 4337 1363 4405 jndiciariapntcstas
1413 4339 1621 4406 penitus
1669 4338 1868 4405 ingredi

303 4439 412 4476 non
449 4437 768 4492 praesumat:
800 4428 891 4480 sed
927 4428 1036 4496 jam
1075 4427 1250 4481 dictus
1291 4413 1724 4497 llermangandus
1753 4407 1869 4497 epi-

301 4529 530 4583 scopus,
564 4527 652 4569 ant
685 4533 803 4583 pars
845 4517 1008 4586 ipsius
1046 4518 1381 4582 Monasterii,
1431 4533 1615 4572 omnes
1657 4535 1741 4573 res
1791 4519 1868 4572 vel

299 4607 580 4661 facultates
628 4620 752 4660 suas
797 4607 896 4661 sub
943 4609 1290 4662 immunitatis
1339 4610 1552 4662 nomine
1595 4619 1648 4662 et
1693 4610 1866 4662 omnia

299 4695 453 4748 lreda
482 4711 731 4751 concessa
771 4697 964 4752 debeat
1004 4699 1278 4765 possidere
1317 4705 1370 4752 et
1411 4697 1705 4752 dominare.
1749 4697 1870 4752 ldeo

301 4797 403 4854 per
443 4796 756 4854 praesentem
801 4788 1205 4856 praeceptionem
1250 4786 1583 4841 decernimus
1621 4787 1871 4840 ordinan-

297 4879 432 4932 dum
452 4920 467 4944 ,
507 4879 644 4946 quod
685 4879 736 4932 in
771 4888 1080 4946 perpetuum
1111 4878 1356 4932 volumus
1383 4892 1504 4931 esse
1531 4891 1866 4942 mansurum,

297 4977 362 5019 ut
394 4981 562 5036 neque
595 4984 711 5030 nos,
741 4983 911 5034 neque
933 4967 1170 5036 juniores
1196 4983 1530 5022 successores
1559 4965 1744 5026 nostri,
1771 4981 1868 5020 nec

297 5057 524 5126 quilibet
553 5074 616 5112 ex
641 5058 914 5126 judiciaria
948 5067 1236 5126 potestate,
1272 5073 1368 5110 nec
1398 5059 1462 5110 de
1509 5067 1656 5124 parte
1687 5055 1870 5108 Ponti-

299 5146 495 5212 ﬁcum,
526 5163 620 5201 nec
646 5147 710 5199 ad
739 5147 1031 5216 quemlibet
1056 5145 1359 5206 hominum,
1393 5145 1444 5198 in
1475 5161 1560 5197 res
1593 5145 1671 5198 vel
1705 5143 1869 5198 facul-

301 5247 444 5290 tates
475 5237 636 5304 ipsius
658 5240 863 5292 ahbatis
890 5238 1004 5291 sive
1029 5237 1287 5306 episc0pi,
1319 5235 1400 5288 vel
1428 5235 1732 5288 monasterii
1763 5237 1867 5300 sui,

299 5326 558 5396 quidquid
599 5331 843 5396 pr:t:senti
882 5341 1146 5396 tempore,
1181 5337 1287 5381 tam
1324 5343 1386 5380 ex
1415 5325 1588 5379 allode
1618 5341 1772 5394 quam
1804 5327 1872 5380 de

377 5512 402 5538 ⁸
429 5501 849 5558 Saltrtonciacum
869 5546 884 5568 ,
915 5506 1071 5575 vulg.»
1101 5505 1392 5572 Samoncy.
1430 5503 1616 5575 subtus
1651 5503 1862 5556 Laudo-

302 5588 430 5694 ilium
463 5589 656 5651 .versus
703 5579 960 5629 Orientem
989 5573 1028 5637 ,⁷
1053 5591 1154 5644 qna
1204 5581 1435 5628 tenditur
1476 5576 1540 5626 ad
1589 5573 1864 5642 Detparam

325 5653 686 5694 ..1-ttttettsem.

325 5653 686 5696 ..1-tttteusem.

379 5711 406 5750 ³⁵
435 5712 810 5766 Monasterinm
849 5713 906 5768 S.
959 5713 1254 5769 Michaelis.
1295 5727 1386 5765 seu
1423 5710 1868 5764 Vetus-Monaste-

305 5796 474 5849 mun,
516 5781 946 5850 Vieux-Moatier,
980 5785 1029 5836 in
1069 5797 1198 5852 pago
1229 5782 1540 5836 Virdunensi
1579 5783 1640 5834 ad
1672 5782 1870 5834 Marsu-

1903 4559 1951 4616 Ι)

1975 3270 2168 3312 acterna
2217 3258 2524 3312 IIIUliiInUdO
2565 3257 2840 3310 conferant
2887 3257 3061 3318 lucra,
3103 3264 3156 3308 ut
3195 3255 3261 3308 de
3289 3253 3532 3322 pnesi-nti

1973 3347 2227 3415 regimine
2281 3347 2346 3398 ad
2404 3345 2675 3398 caelestem
2729 3345 2885 3397 vitam
2936 3344 3294 3397 conscendere
3343 3343 3533 3394 valeat.

1971 3435 2142 3502 Quare
2174 3435 2325 3488 nobis
2355 3443 2561 3502 oportet
2591 3445 2642 3487 et
2671 3433 2924 3487 condecet
2964 3441 3149 3485 cuncta
3187 3431 3381 3484 salubri
3409 3447 3535 3484 con—

1971 3525 2090 3578 silio
2131 3538 2416 3591 peragere,
2464 3523 2723 3590 praecipue
2765 3521 3043 3590 petitiones
3087 3523 3449 3581 sacerdotum.
3483 3521 3534 3573 in

1971 3631 2075 3680 quo
2111 3615 2307 3667 nostris
2348 3613 2567 3667 auribus
2599 3612 2792 3666 fuerint
2829 3613 3043 3680 perlatae
3064 3653 3078 3674 ,
3109 3610 3173 3662 ad
3203 3609 3448 3664 effectum
3483 3609 3534 3662 iu

1973 3703 2064 3758 Dei
2116 3703 2327 3758 nomine
2372 3705 2690 3770 mancipare.
2743 3701 2970 3771 Ideoque
3008 3701 3158 3754 nobis
3197 3710 3250 3753 et
3299 3701 3537 3768 pluribus

1972 3794 2227 3847 habeatur
2255 3795 2630 3862 praecognitum
2649 3834 2664 3858 ,
2688 3793 2912 3862 qualiter
2943 3791 3156 3845 basilica
3185 3791 3242 3845 S.
3281 3789 3536 3844 Vincentii

1971 3893 2024 3936 et
2052 3885 2218 3937 sancti
2260 3885 2509 3939 Germani
2543 3885 2638 3937 sub
2668 3883 2913 3952 oppidum
2947 3881 3182 3935 Parisios
3211 3891 3535 3938 constructa,

1973 3975 2060 4029 ubi
2099 3975 2212 4042 ipse
2253 3977 2513 4042 pretiosus
2553 3975 2777 4026 domnus
2815 3973 2866 4024 in
2904 3985 3130 4038 corpore
3159 3971 3476 4037 requiescit,
3505 3983 3536 4020 a

1974 4065 2276 4136 parentibus
2305 4064 2496 4118 nostris
2526 4062 2876 4116 anterior-ibus
2916 4059 3126 4128 regibus
3145 4097 3160 4123 ,
3195 4057 3280 4111 vel
3310 4073 3340 4109 a
3382 4057 3534 4110 nobis

1973 4158 2174 4227 integra
2221 4155 2512 4209 emunitate
2558 4167 2742 4206 omnes
2791 4153 2977 4216 villas,
3007 4163 3200 4218 agros,
3241 4147 3324 4201 vel
3365 4157 3537 4200 terras

1970 4248 2180 4302 videtur
2208 4262 2338 4316 quas
2361 4247 2604 4313 possidet
2631 4245 2824 4298 habere
2852 4257 3153 4298 concessas.
3185 4241 3288 4296 Sed
3323 4257 3418 4294 nos
3445 4255 3540 4307 pro

1973 4337 2230 4392 merci-dis
2271 4351 2465 4391 nostrae
2497 4335 2844 4404 compendio,
2874 4334 2939 4387 ad
2971 4333 3278 4401 petitionem
3311 4347 3538 4386 venera-

1973 4427 2092 4481 bilis
2134 4427 2230 4479 viti
2268 4427 2532 4480 Lantl'redi
2573 4424 2808 4486 abbatis,
2840 4423 2929 4492 qui
2971 4421 3163 4474 ibidem
3190 4431 3366 4476 custos
3400 4436 3539 4489 pra:-

1973 4534 2092 4574 esse
2123 4519 2346 4582 videtur,
2381 4533 2475 4586 pro
2504 4517 2798 4570 reverentia
2829 4514 2992 4580 ipsius
3017 4516 3184 4568 sancti
3203 4511 3327 4566 Snci
3347 4553 3362 4578 ,
3385 4513 3476 4566 vill
3513 4528 3542 4566 s

1975 4626 2094 4663 cum
2124 4610 2264 4679 agris
2285 4648 2300 4673 ,
2332 4609 2487 4662 terris
2517 4615 2621 4659 tam
2653 4606 2787 4659 ultra
2819 4605 3046 4674 Ligerim
3077 4619 3234 4674 quam
3264 4605 3406 4658 circa
3441 4603 3536 4655 ha-

1975 4704 2131 4766 bere,
2168 4703 2250 4756 vel
2282 4701 2368 4754 ubi
2396 4701 2446 4752 in
2487 4714 2680 4768 regno,
2715 4697 2823 4752 Deo
2851 4697 3110 4767 propitio,
3143 4705 3324 4749 nostro
3353 4709 3540 4750 eorum

1975 4801 2338 4868 possessiones
2366 4811 2485 4853 esse
2514 4805 2826 4858 noscuntur,
2860 4804 2964 4845 tam
2996 4789 3314 4843 emunitates
3333 4827 3348 4850 ,
3380 4799 3534 4852 quam

1974 4890 2175 4957 reliqua
2205 4890 2382 4944 omnia
2407 4890 2748 4940 instrumenta
2773 4884 2936 4952 ipsius
2959 4882 3185 4934 basilicae
3215 4879 3379 4932 sancti
3413 4875 3539 4928 Vin-

1974 4979 2132 5032 centii
2189 4978 2270 5029 vel
2315 4974 2480 5028 sancti
2528 4973 2811 5032 Germani,
2867 4969 2946 5023 vel
3007 4965 3250 5036 quicquid
3308 4964 3538 5028 undique

1975 5067 2167 5120 ibidem
2197 5065 2493 5134 delegatum
2529 5063 2742 5124 habent,
2770 5071 2859 5112 aut
2885 5059 3053 5112 adhuc
3082 5071 3110 5109 a
3145 5055 3306 5109 Deum
3340 5054 3532 5106 timen-

1971 5157 2110 5211 tibus
2155 5153 2456 5209 hominibns
2500 5153 2734 5206 additum
2785 5152 2870 5204 vel
2913 5151 3161 5204 collatum
3205 5147 3396 5211 fuerit,
3443 5161 3536 5214 per

1973 5257 2205 5302 nostram
2231 5249 2639 5314 pra=ceptionem
2660 5245 3064 5306 conﬁrmamus;
3089 5253 3142 5295 et
3166 5242 3366 5310 integra
3388 5257 3536 5294 cntu-

1972 5342 2134 5393 nitate
2165 5353 2192 5390 a
2224 5352 2360 5390 novo
2387 5337 2726 5390 concedimus
2747 5378 2760 5402 ,
2796 5345 2851 5387 ut
2879 5332 3124 5400 quicquid
3170 5331 3327 5384 ﬁscus
3359 5342 3536 5384 noster

1971 5509 2104 5573 piam
2129 5550 2142 5568 ,
2175 5505 2474 5578 Massoupe.
2517 5507 2667 5559 Anno
2704 5504 2937 5578 8197hoc
2977 5501 3352 5578 monasterium
3383 5499 3535 5578 Sina:

1971 5571 2161 5644 ragdus
2199 5581 2362 5630 abbas
2393 5571 2658 5629 iranstutit
2686 5578 2748 5627 ad
2787 5577 2952 5643 ripam
2985 5573 3143 5627 Mosa)
3175 5591 3188 5624 :
3221 5572 3363 5626 circa
3393 5571 3534 5640 quod

1971 5648 2211 5772 ἕειεῇφῦὶῖ
2239 5647 2488 5717 oppidum
2513 5649 2568 5700 S.
2601 5645 2871 5700 Michaelis
2895 5644 3094 5698 dictum
3131 5658 3160 5696 a
3189 5643 3530 5708 monasterio,

2020 5756 2032 5768 .
2111 5733 2122 5770 ι
2164 5732 2192 5771 e
2218 5755 2233 5770 .

2020 5756 2032 5768 .
2059 5732 2233 5771 Mille].
