4034 6182
540 340 646 396 99.3

1458 331 1516 383 Β.
1555 328 1804 383 CAROLI
1841 327 2056 382 MAGNI
2096 326 2246 381 ΟΡΡ.
2291 328 2463 383 PARS
2502 328 2541 383 1.
2581 325 2822 383 SEGTIO
2862 324 2925 380 ll.

3667 330 3765 385 θει

535 451 774 521 quolibet
816 448 975 500 modo
1017 446 1084 498 ab
1121 444 1365 498 omnibus
1387 482 1401 505 ,
1434 444 1518 510 qui
1549 457 1708 510 super
1737 453 1902 495 terras
1932 441 2097 507 ipsius
2126 444 2174 502 Α
2204 440 2496 508 Principale
2520 443 2730 511 quidem
2748 440 3042 497 clementiae
3070 448 3483 512 cunctorumque
3510 444 3665 499 decet
3683 462 3772 500 ac-

534 538 708 593 sancti
740 534 996 589 Vincentii
1037 532 1115 586 vel
1144 531 1311 585 sancti
1340 530 1586 585 Germani
1629 545 1965 584 commanere
1997 544 2102 580 no-

541 637 788 686 scuntur,
844 624 1041 676 habere
1088 629 1326 687 poterat,
1376 630 1430 673 et
1483 634 1669 673 omnes
1724 618 2101 672 redltibitiones

533 715 737 781 absque
791 712 948 765 ullius
1001 710 1190 777 iudicis
1246 708 1463 763 introitu
1512 718 1605 761 aut
1650 707 1962 773 repetitione
2004 708 2097 758 Ita-

540 808 696 858 beant
724 817 994 856 concessa.
1026 801 1400 870 Praecipientes
1425 800 1564 853 enitn
1587 800 1833 867 iubemus
1855 808 1909 851 ut
1931 812 2098 866 neque

534 908 670 952 nos.
719 907 891 959 neque
935 891 1173 959 iuniores
1210 906 1316 942 seu
1370 903 1703 943 successores
1751 888 1955 953 nostri,
2013 888 2095 941 vel

532 984 753 1052 quilibet
799 998 862 1037 ex
898 982 1172 1052 iudiciaria
1213 991 1470 1050 potestate
1514 986 1781 1035 accinctus
1824 995 1918 1048 pro
1956 994 2095 1048 quo-

530 1088 757 1141 cumque
802 1072 957 1126 modo
1004 1072 1126 1125 ullis
1166 1071 1405 1140 ingenuis
1442 1071 1726 1135 incunctis
1774 1069 1927 1125 terris
1961 1085 2097 1137 prar-
2130 1090 2139 1097 -

536 1166 657 1218 lane
685 1166 948 1231 basilicae,
976 1164 1059 1217 vel
1090 1164 1142 1217 in
1173 1178 1238 1217 eo
1266 1164 1403 1232 quod
1436 1163 1678 1231 praesenti
1710 1172 1947 1232 tempore
1975 1179 2095 1231 pos-

530 1254 706 1308 sidere
748 1254 971 1317 videtur,
1044 1262 1136 1307 aut
1176 1252 1316 1320 quod
1376 1253 1582 1307 inantea
1627 1253 1819 1307 ibidem
1858 1253 2093 1307 additum

531 1361 558 1397 a
589 1345 753 1399 Deum
785 1345 1092 1399 timentibus
1122 1344 1278 1398 fuerit
1309 1344 1389 1399 vel
1427 1345 1676 1399 collatum
1699 1386 1715 1409 ,
1743 1360 1841 1399 nec
1867 1344 1934 1398 ad
1962 1359 2092 1399 cau-

528 1452 617 1490 sas
644 1436 982 1501 audiendum,
1015 1450 1109 1489 nec
1129 1435 1193 1489 ad
1227 1443 1367 1489 recta
1390 1436 1511 1505 (sic)
1529 1435 1868 1503 exigendum,
1893 1450 1991 1490 nec
2011 1435 2094 1489 di-

529 1528 833 1580 strictiones
859 1537 949 1579 aut
978 1526 1281 1581 mansiones
1313 1526 1608 1580 faciendum
1628 1567 1643 1592 ,
1684 1542 1781 1581 nec
1807 1527 1939 1581 ullas
1970 1541 2093 1594 par—

530 1632 622 1669 vas
673 1634 759 1672 res
806 1619 1179 1685 requirendum
1209 1659 1223 1680 ,
1272 1628 1361 1670 aut
1411 1620 1651 1671 homines
1702 1619 1767 1671 de
1818 1619 1988 1686 capite
2039 1618 2092 1673 in

527 1708 727 1776 iudicio
770 1710 1054 1775 reprobare
1091 1710 1350 1764 ullatenus
1393 1719 1746 1778 praesumant,
1786 1718 1838 1762 et
1868 1718 2090 1777 praeter-

2202 534 2542 587 commodare
2568 549 2748 586 aurem
2780 533 3055 600 benignam
3075 576 3091 601 ,
3116 535 3481 603 przecipueque
3509 550 3603 603 pro
3627 552 3774 589 com-

2203 619 2393 685 pendio
2421 621 2735 687 animarum,
2761 630 2866 676 etc.
2889 622 3049 692 Igitur
3078 624 3411 688 venerabilis,
3428 623 3507 676 vir
3528 625 3774 678 Fariber-

2203 717 2284 761 tus
2314 710 2455 763 dono
2490 712 2576 763 Dei
2600 711 2764 764 abbas
2786 712 2853 766 de
2882 714 3204 767 monasterio
3230 713 3447 768 Vivaria
3465 715 3775 782 peregrino-

2200 815 2353 861 rum,
2395 802 2490 868 qui
2538 803 2749 868 ponitur
2798 804 2849 855 in
2897 817 3030 871 pago
3080 805 3352 857 Alsacensi
3404 818 3565 871 super
3597 804 3775 857 rivum

2200 887 2442 941 Marbach
2462 928 2476 952 ,
2507 890 2643 956 quod
2669 900 2751 945 est
2776 901 3138 945 con~tructum
3169 894 3219 945 In
3248 892 3452 946 honore
3484 895 3541 946 S.
3569 893 3776 947 Leode-

2196 978 2324 1044 garii
2372 989 2425 1032 et
2466 978 2525 1032 S.
2565 980 2703 1033 Petri
2740 981 2967 1049 apostoli
3012 991 3067 1035 et
3106 981 3166 1036 S.
3210 982 3388 1036 Mariae
3425 998 3519 1036 seu
3548 991 3777 1037 cetero-

2196 1082 2417 1136 rumque
2439 1108 2452 1130 ,
2484 1068 2571 1122 ubi
2615 1069 2728 1137 ipse
2765 1085 2885 1123 cum
2929 1081 3098 1125 turma
3139 1071 3360 1139 plurima
3388 1074 3774 1125 monachorum

2195 1157 2461 1213 deservire
2489 1160 2834 1228 dignoscitur,
2857 1162 3156 1217 clementia:
3185 1164 3334 1232 regni
3360 1164 3523 1218 nostri
3556 1178 3777 1232 sugges-

2193 1246 2283 1307 sit,
2312 1257 2572 1314 quatenus
2596 1257 2967 1309 antecessores
2990 1255 3153 1303 nostri
3177 1251 3441 1320 quondam
3466 1266 3562 1321 per
3587 1265 3776 1305 eorum

2192 1342 2534 1396 auctoritates
2561 1384 2575 1408 ,
2621 1343 2827 1397 illorum
2866 1345 3108 1399 manibus
3151 1345 3479 1414 subscriptas
3528 1344 3599 1398 de
3646 1344 3771 1396 villa

2195 1431 2360 1498 ipsius
2394 1432 2699 1486 monasterii
2721 1471 2737 1496 ,
2767 1448 2858 1487 seu
2890 1434 3027 1503 quod
3057 1434 3122 1488 ad
3167 1449 3402 1503 praesens
3445 1434 3770 1504 possidebat.

2196 1527 2303 1575 tam
2335 1537 2400 1577 ex
2429 1525 2801 1578 emunitatibus
2830 1525 3123 1594 principum
3144 1568 3160 1591 ,
3187 1540 3281 1581 seu
3320 1527 3613 1581 Eberhardi
3634 1568 3648 1592 ,
3683 1525 3773 1596 qui

2200 1616 2372 1685 ipsum
2423 1617 2806 1672 monasterium
2857 1618 2909 1672 in
2955 1633 3049 1672 sua
3103 1619 3442 1690 eleemosyna
3492 1618 3771 1686 fundavit,

2204 1724 2361 1776 quam
2390 1725 2454 1764 ex
2496 1710 2738 1779 largitate
2767 1713 3106 1781 pagensium,
3154 1712 3235 1766 vel
3277 1711 3399 1781 quid
3441 1712 3496 1766 in
3538 1722 3699 1765 antea
3746 1726 3771 1764 a

532 1772 708 1852 inissis
738 1772 1136 1868 repetitionibus
1165 1814 1296 1869 quas
1325 1772 1415 1852 aut
1443 1801 1640 1854 nostris
1668 1772 1759 1853 aut
1787 1772 2102 1855 antecesso-
2130 1772 2177 1831 Β
2210 1798 2318 1851 Deo
2360 1798 2667 1853 timentibus
2711 1772 3009 1855 hominibus
3052 1801 3241 1855 ibidem
3274 1801 3569 1869 delegatum
3597 1801 3775 1868 fuerit,

529 1902 648 1940 rum
689 1900 993 1942 nostrotum
1031 1900 1269 1955 repetere
1298 1902 1713 1955 consueverant,
1745 1893 1917 1945 omnia
1944 1906 2101 1961 supe-

529 1979 638 2033 rius
675 1980 868 2048 scripta
911 1983 1209 2049 perpetuis,
1258 1982 1366 2036 Deo
1412 1983 1733 2049 auxiliante,
1775 1986 2099 2052 temporibus

528 2083 777 2123 nunteant
828 2071 1160 2126 iucOnvulsa.
1209 2072 1280 2125 Ita
1331 2072 1520 2143 igitur,
1562 2083 1615 2128 nt
1659 2074 1855 2128 dictum
1883 2083 2001 2138 est,
2031 2075 2099 2131 de
2125 2112 2137 2124 ι

526 2162 774 2215 omnibus
806 2163 1106 2217 hominibus
1135 2165 1221 2233 qui
1261 2178 1420 2233 super
1452 2174 1617 2218 terras
1652 2167 1973 2235 prascﬁptze
2003 2167 2097 2220 ba-

526 2250 693 2305 silicae
718 2253 887 2307 sancti
918 2253 1173 2308 \‘incentii
1203 2265 1256 2309 et
1277 2255 1457 2310 domui
1484 2255 1732 2311 Germani
1760 2272 2097 2311 commancre

531 2349 854 2406 noscuntur,
885 2350 939 2396 et
966 2342 1032 2397 de
1069 2344 1241 2412 capite
1269 2360 1453 2399 eorum
1485 2361 1618 2415 quos
1645 2355 1827 2401 contra
1858 2348 2098 2403 homines

526 2432 724 2488 liberos
764 2434 815 2488 in
859 2438 1002 2489 omni
1047 2437 1236 2503 placito
1278 2440 1634 2494 testimonium
1673 2440 1812 2496 ferre
1848 2441 2097 2496 concedi-

527 2543 673 2595 ntus,
707 2539 759 2584 et
788 2532 927 2597 quod
970 2533 1050 2586 vel
1099 2534 1291 2588 exinde
1324 2536 1535 2602 exigere
1560 2543 1654 2589 aut
1679 2550 1897 2603 sperare
1936 2544 2097 2605 pote-

527 2618 697 2681 ratis,
752 2633 847 2671 nos
897 2621 1219 2675 omnimodis
1268 2622 1668 2687 prtesentialiter
1717 2640 1991 2680 removere
2041 2634 2097 2682 et

527 2718 860 2774 sequestrare
907 2709 1202 2764 studemus.
1252 2710 1316 2763 Et
1363 2710 1588 2768 fortasse
1619 2715 1759 2781 quod
1811 2716 2097 2771 calliditate

524 2794 759 2863 iudicum
790 2794 1016 2851 faciente
1061 2801 1177 2868 ipse
1213 2802 1528 2856 emunitates
1559 2803 1645 2857 ubi
1684 2801 1893 2858 fuerant
1931 2806 2093 2860 inter-

527 2892 719 2951 ruptae,
746 2899 776 2938 a
805 2899 943 2940 novo
966 2886 1317 2956 decernimus,
1345 2900 1401 2944 ut
1424 2890 1596 2945 nullus
1623 2892 1723 2948 hoc
1752 2894 1927 2949 facere
1955 2911 2093 2963 prte-

524 2985 724 3042 sumat,
768 2975 858 3046 qui
904 2993 1010 3032 non
1058 2981 1170 3035 vult
1218 2997 1393 3036 rerum
1443 2985 1783 3041 ami-sionem
1831 2989 2095 3044 sustinere

524 3067 846 3133 multarum;
877 3069 970 3123 sed
995 3071 1134 3138 quod
1164 3086 1192 3124 a
1224 3073 1411 3142 priscis
1440 3077 1746 3143 parentibus
1773 3077 1966 3132 nostris
1997 3094 2092 3132 an-
2119 3112 2166 3175 ο

523 3158 800 3211 terioribus
842 3160 1056 3229 regibus
1098 3161 1194 3230 ipsi
1248 3171 1444 3218 sanctae
1493 3166 1722 3221 basilicas
1750 3168 1930 3222 domni
1963 3169 2091 3222 Vin-

523 3246 683 3299 eeutii
713 3249 793 3301 vel
822 3248 992 3303 sancti
1021 3249 1267 3305 Germani
1299 3252 1533 3309 noscitur
1562 3254 1723 3309 fuisse
1752 3258 2090 3323 concessum,

523 3336 772 3406 inspectis
801 3354 984 3394 eorum
1014 3344 1489 3411 prteceptionibus,
1534 3360 1629 3400 nos
1666 3363 1695 3401 a
1740 3363 1877 3403 novo
1915 3362 2090 3404 nostra

522 3427 841 3497 indulgentia
887 3432 1231 3501 roboramus,
1278 3445 1435 3503 atque
1479 3436 1783 3504 plenissima
1819 3447 1872 3493 et
1909 3455 2085 3509 protu-

523 3518 762 3585 ptissima
791 3520 1067 3576 voluntate
1097 3538 1190 3591 pro
1216 3536 1457 3592 respectu
1489 3529 1606 3582 lidei
1632 3530 1739 3596 iam
1762 3531 1906 3585 dicto
1929 3530 2091 3586 Lant-

525 3605 675 3657 lredo
702 3608 879 3662 abbati
904 3612 1117 3679 suisque
1137 3618 1534 3669 successoribus
1562 3620 1924 3685 concedimus,
1949 3622 2089 3690 quod

526 3696 702 3749 nullus
732 3713 828 3764 pro
855 3700 1089 3768 qualibet
1123 3704 1403 3758 occasione
1443 3705 1708 3776 refragare
1735 3719 1821 3764 aut
1853 3711 2091 3767 minuere

525 3796 616 3839 aut
642 3787 945 3844 convellere
971 3804 1273 3858 prmsumat.
1299 3794 1401 3849 Sed
1430 3806 1483 3851 et
1505 3799 1548 3852 si
1580 3800 1701 3869 quid
1728 3799 1881 3863 fiscus
1911 3812 2093 3858 noster

520 3876 586 3930 de
626 3879 905 3935 antedictis
959 3882 1096 3937 villis
1138 3886 1426 3952 supradicti
1472 3892 1636 3944 sancti
1704 3891 1961 3948 Vincentii
2010 3896 2090 3949 vel

519 3965 698 4019 domui
746 3967 995 4023 Germani
1035 3982 1299 4042 utcunque
1340 3975 1392 4029 in
1438 3992 1630 4046 regno,
1687 3981 1793 4034 Deo
1834 3983 2086 4051 propitio,

520 4064 701 4109 nostra
737 4056 932 4114 habere
966 4060 1197 4129 videtur,
1227 4065 1309 4119 vel
1340 4065 1405 4120 de
1437 4067 1595 4122 rebus
1623 4070 1685 4122 ad
1717 4075 1931 4126 easdem
1962 4089 2083 4144 per-

513 4145 810 4229 tinentibus
842 4151 1074 4218 potuerit
1110 4158 1438 4223 augmentari
1460 4199 1475 4222 ,
1509 4160 1605 4228 ipsi
1636 4162 1864 4217 basilicae
1890 4174 2091 4235 tempo-

520 4237 670 4291 ribus
700 4242 1021 4307 perennibus
1065 4245 1307 4310 proficiat
1348 4249 1398 4301 itt
1435 4254 1749 4320 augmentis.
1787 4253 1934 4309 Hane
1960 4271 2092 4325 quo-

519 4344 622 4395 que
667 4332 1030 4385 auctoritatem
1082 4344 1138 4387 ut
1186 4338 1525 4402 perhenniter
1570 4343 1765 4396 nostris
1811 4354 1862 4398 et
1902 4346 2089 4401 futuris

2200 1886 2401 1954 integra
2444 1890 2734 1944 emunitate
2781 1890 3171 1945 concessissent
3219 1909 3232 1944 :
3286 1900 3347 1945 ut
3383 1892 3560 1946 nullus
3607 1891 3771 1961 iudex

2202 1978 2442 2047 publicus
2482 1980 2535 2034 in
2568 1981 2717 2034 villas
2760 1981 2841 2035 vel
2878 1998 2965 2037 res
3002 1981 3167 2051 ipsius
3209 1983 3515 2038 monasterii
3552 1998 3648 2038 seu
3681 1998 3774 2038 nec

2198 2069 2263 2122 ad
2298 2084 2484 2125 causas
2513 2069 2803 2125 audiendas
2823 2110 2838 2136 ,
2870 2086 2966 2126 nec
2996 2072 3141 2128 freda
3173 2072 3427 2142 exigenda
3446 2113 3464 2139 ,
3495 2088 3596 2128 nec
3627 2088 3771 2127 man-

2198 2155 2396 2223 siones,
2424 2169 2513 2211 aut
2543 2169 2755 2227 paratas
2781 2160 3067 2226 faciendas,
3102 2176 3199 2215 nec
3222 2162 3561 2230 fideiussores
3584 2161 3770 2215 tollen-

2199 2250 2295 2303 dos
2320 2292 2333 2313 ,
2368 2264 2464 2302 nec
2494 2249 2736 2303 homines
2776 2251 2940 2320 ipsius
2987 2254 3290 2306 monasterii
3337 2252 3405 2306 de
3447 2252 3769 2321 quibuslibet

2198 2340 2372 2395 causis
2403 2339 2806 2409 distringendis,
2841 2356 2938 2396 nec
2969 2342 3058 2394 ulli
3092 2342 3405 2397 redibitione
3449 2343 3767 2410 requirendo

2198 2430 2389 2485 ibidem
2431 2430 2631 2499 ingredi
2672 2446 2776 2484 non
2818 2431 3065 2489 debeant.
3102 2431 3295 2487 Verum
3324 2441 3379 2487 et
3424 2433 3598 2501 ipsam
3637 2449 3768 2500 pra:-

2196 2520 2493 2588 ceptionem
2533 2521 2641 2589 iam
2682 2521 2836 2575 dictis
2881 2522 3307 2577 antecessoribus
3357 2524 3555 2578 nostris
3593 2539 3688 2578 seu
3717 2535 3765 2579 et

2199 2613 2653 2668 confirmationem
2696 2613 2993 2669 antedictus
3034 2616 3198 2670 abbas
3240 2615 3549 2671 Faribertus
3597 2626 3766 2671 rector

2198 2704 2265 2758 de
2295 2704 2410 2773 ipso
2441 2705 2761 2760 monasterio
2792 2706 2944 2760 nobis
2969 2705 3202 2761 ostendit
3227 2706 3291 2759 ad
3323 2706 3693 2776 relegendum,
3713 2715 3766 2762 et

2196 2793 2367 2863 ipsum
2395 2795 2707 2850 beneficium
2733 2795 2871 2849 circa
2891 2796 3115 2851 eundem
3139 2807 3192 2851 et
3216 2807 3565 2851 memoratam
3592 2798 3763 2852 eccle-

2198 2883 2332 2938 siam
2360 2884 2525 2952 ipsius
2549 2899 2716 2953 usque
2741 2898 2879 2938 nunc
2908 2884 3105 2939 adserit
3131 2898 3249 2939 esse
3277 2896 3629 2940 asservatum.
3662 2885 3765 2941 Sed

2198 2988 2295 3042 pro
2323 2973 2586 3028 firmitatis
2615 2975 2790 3028 studio
2830 2976 2959 3043 petit
2993 2975 3360 3030 celsitudinem
3405 2986 3642 3030 nostram
3664 3018 3680 3041 ,
3712 2988 3766 3030 ut

2200 3065 2300 3120 hoc
2328 3066 2500 3121 denuo
2528 3067 2667 3121 circa
2701 3067 3077 3122 monasterium
3105 3068 3276 3135 ipsum
3319 3075 3375 3121 et
3413 3067 3559 3136 ipsos
3587 3082 3767 3121 mona-

2196 3159 2327 3212 chos
2349 3170 2525 3213 nostra
2548 3159 2767 3215 deberet
2787 3161 3072 3214 auctoritas
3090 3160 3407 3229 generaliter
3425 3159 3769 3213 confirmare.

2193 3248 2354 3316 Cujus
2388 3248 2691 3317 petitionem
2729 3263 2826 3318 pro
2865 3249 3161 3303 reverentia
3199 3248 3362 3315 ipsius
3399 3248 3533 3313 loci,
3571 3259 3629 3303 ut
3658 3264 3769 3302 me-

2197 3353 2412 3393 reamur
2458 3341 2521 3392 ad
2574 3340 2872 3394 mercedem
2914 3340 3105 3393 sociari
3156 3339 3461 3408 plenissima
3500 3338 3771 3392 voluntate

2194 3427 2291 3481 visi
2321 3427 2512 3480 fuimus
2543 3428 2884 3495 praestitisse,
2924 3437 2978 3481 et
3019 3429 3070 3481 in
3115 3428 3362 3481 omnibus
3396 3428 3768 3482 confirmasse.

2196 3516 2572 3587 Pra-cipientes
2601 3533 2727 3588 ergo
2752 3518 3021 3587 iubemus,
3049 3528 3106 3571 ut
3134 3518 3309 3572 nullus
3333 3517 3499 3586 iudex
3530 3520 3772 3585 publicos

2192 3608 2245 3662 in
2277 3622 2363 3663 res
2400 3608 2479 3662 vel
2512 3608 2788 3662 facultates
2824 3606 2989 3676 ipsius
3028 3607 3269 3662 ecclesia:
3295 3648 3310 3672 ,
3343 3622 3438 3660 nec
3476 3608 3541 3660 ad
3581 3621 3770 3661 causas

2193 3697 2518 3760 audiendas,
2552 3710 2648 3750 nec
2684 3696 2833 3750 freda
2880 3698 3167 3765 exigenda,
3198 3712 3294 3751 nec
3330 3698 3639 3751 mansiones
3681 3707 3773 3751 aut

2193 3798 2403 3857 paratas
2446 3787 2745 3853 faciendas,
2789 3801 2886 3840 nec
2930 3785 3269 3857 fideiussores
3316 3787 3627 3853 tollendos,
3677 3801 3771 3839 nec

2195 3880 2439 3935 homines
2468 3881 2629 3949 ipsius
2660 3879 2897 3935 ecclesia:
2925 3890 2978 3934 et
3009 3879 3315 3934 monasterii
3348 3882 3514 3948 ipsius
3546 3889 3653 3933 tam
3687 3881 3773 3932 in-

2187 3987 2389 4042 genuos
2432 3988 2587 4041 quam
2630 3984 2682 4027 et
2720 3987 2935 4038 servos,
2971 3971 3057 4037 qui
3087 3972 3248 4040 s'uper
3282 3986 3469 4027 eorum
3513 3984 3689 4026 terras
3720 3982 3775 4024 et

2191 4064 2340 4117 mitio
2368 4079 2583 4117 manere
2613 4063 2857 4117 videntur
2876 4103 2891 4126 ,
2922 4064 3009 4131 qui
3040 4063 3234 4117 ibidem
3263 4064 3529 4131 aspiciunt
3557 4063 3627 4116 de
3656 4063 3754 4132 qui

2188 4154 2416 4210 buslibet
2443 4157 2618 4211 causis
2661 4157 3077 4226 distringendis,
3113 4171 3209 4211 nec
3250 4156 3407 4210 ullam
3457 4156 3772 4210 reddibitio-

2190 4260 2309 4299 nem
2344 4245 2662 4314 requirendo
2692 4245 2884 4299 ibidem
2916 4246 3115 4314 ingredi
3149 4261 3252 4299 non
3280 4245 3545 4308 debeant,
3578 4246 3677 4299 sed
3701 4259 3770 4297 ex

2189 4335 2459 4390 beneﬁciis
2501 4351 2529 4387 a
2569 4335 2679 4405 iam
2706 4326 2877 4389 dictis
2925 4335 3348 4391 antecessoribus
3395 4336 3641 4401 nostris,
3693 4336 3774 4388 in-

522 4422 884 4488 temporibus;
921 4424 1026 4476 Deo
1055 4427 1361 4495 auxiliante,
1391 4446 1419 4483 a
1455 4432 1606 4487 nobis
1636 4436 1938 4504 nostrisque
1965 4454 2082 4492 suc-

2196 4430 2385 4497 speetis
2416 4427 2616 4495 pridem
2654 4429 3086 4494 auctoritatibus,
3116 4429 3180 4481 ad
3209 4429 3319 4497 iam
3352 4428 3556 4482 dictum
3586 4443 3775 4482 mona-

519 4510 818 4565 eessoribus
844 4514 1218 4571 inviolabiliter
1255 4530 1506 4574 {sternant
1547 4526 1797 4593 perduret
1833 4528 1883 4580 in
1923 4527 2091 4583 firmi-
2122 4510 2166 4523 ν
2188 4516 2413 4572 “crium
2443 4533 2607 4588 usque
2629 4533 2769 4572 ηυηο
2793 4519 2884 4571 ηδε
2910 4528 3275 4573 εοηδθτνθιυῐη
3301 4536 3314 4571 ε
3343 4521 3411 4573 ila
3432 4529 3489 4575 ει
3509 4520 3775 4588 “ilicet”

518 4608 707 4665 tatem,
738 4617 894 4656 manu
926 4617 1118 4660 nostra;
1154 4611 1520 4677 suscriptionis
1548 4615 1726 4669 subter
1751 4620 2087 4677 decrevimus

516 4688 790 4759 roborare,
821 4702 875 4746 et
900 4695 965 4748 de
992 4697 1188 4750 annulo
1219 4712 1395 4754 nostro
1424 4704 1605 4758 subter
1632 4708 1883 4777 sigillare.

587 4780 806 4850 Signum
835 4784 1005 4838 Caroli
1034 4788 1394 4856 gloriosissimi
1426 4795 1585 4863 regis.

584 4873 731 4928 Ratio
756 4876 820 4929 ad
853 4878 1017 4930 vicem
1047 4880 1240 4933 ltiterii.

589 4964 715 5017 Data
750 4980 844 5019 xm
885 4965 999 5019 Kal.
1046 4967 1396 5037 Novembris,
1434 4987 1572 5026 anno
1618 4991 1650 5027 v
1699 4978 1842 5045 regni
1892 4982 2078 5035 nostri.

514 5058 700 5110 Actum
727 5060 995 5113 Aristallio
1025 5061 1219 5129 palatio
1251 5063 1458 5130 publico
1507 5067 1556 5119 itt
1598 5068 1688 5122 Det
1723 5074 1935 5127 nomine
1962 5073 2079 5127 feli-

511 5158 661 5203 utter.

1248 5224 1336 5279 XI.

515 5323 835 5396 I’mceptum
866 5330 1038 5384 Caroli
1076 5331 1252 5470 M(agui
1290 5344 1732 5478 ptoegtonaslerio
1763 5343 2082 5401 Morbacensi

1156 5421 1286 5458 anno
1341 5424 1391 5459 Η
1467 5449 1479 5461 .

1156 5421 1286 5458 anno
1341 5421 1479 5461 ΗΣ).

876 5509 965 5571 (Ex
988 5512 1224 5575 Marteue,
1241 5515 1446 5574 Anecd.,
1467 5526 1579 5567 tom.
1610 5518 1712 5582 1".)

582 5607 804 5665 Cat-olus
850 5615 1018 5682 gratia
1069 5616 1157 5671 Dei
1208 5632 1297 5671 rex
1350 5618 1692 5690 Francorum,
1729 5623 1809 5678 vir
1837 5624 2075 5681 inluster.

2187 4620 2280 4673 per
2309 4616 2545 4660 nostram
2585 4607 2956 4662 auctoritatem
2987 4608 3310 4676 generaliter
3340 4617 3555 4662 maneat
3582 4610 3775 4663 incon-

2185 4696 2432 4760 vulsum,
2483 4708 2538 4752 et
2574 4697 2824 4767 quidquid
2876 4698 3067 4753 exinde
3115 4698 3274 4752 fiscus
3320 4709 3506 4753 noster
3557 4708 3778 4767 poterat

2185 4801 2431 4847 cxactare
2467 4793 2517 4845 in
2566 4794 2911 4847 luntinaribus
2950 4794 3113 4862 ipsius
3151 4793 3335 4848 domni
3376 4794 3696 4865 Leodegarii
3724 4807 3779 4849 et

2184 4880 2242 4936 S.
2290 4882 2506 4947 Mariae,
2555 4880 2652 4951 pro
2699 4882 2986 4937 stabilitate
3026 4884 3171 4952 regni
3216 4884 3380 4939 nostri
3425 4885 3677 4952 proficiat
3724 4886 3777 4938 in

2190 4986 2522 5042 perpetuum.
2557 4975 2617 5027 Et
2648 4983 2703 5028 ut
2748 4975 2830 5028 itte
2874 4976 3215 5029 auctoritates
3259 4986 3366 5028 tam
3412 4978 3780 5045 pmsentibus

2186 5082 2343 5135 quam
2385 5077 2437 5122 et
2468 5066 2655 5121 luturis
2684 5068 3007 5134 temporibus
3049 5069 3251 5136 possint
3282 5081 3559 5133 consure,
3608 5086 3783 5123 manu

2188 5170 2368 5212 nostra
2396 5159 2835 5215 subterroborare
2862 5169 2916 5213 et
2949 5160 3143 5212 annulo
3169 5168 3350 5213 nostro
3386 5160 3633 5229 sigillare
3658 5159 3786 5228 ius-

2185 5262 2371 5302 Simus.

2259 5365 2476 5433 Signum
2506 5362 2678 5418 Caroli
2703 5364 3068 5433 gloriosissimi
3104 5364 3262 5435 regis.

2259 5477 2388 5531 Data
2418 5477 2541 5531 ldus
2561 5477 2799 5531 Januarii
2824 5492 2963 5533 anno
2987 5487 3176 5547 quarto
3196 5478 3338 5546 regni
3362 5477 3532 5533 nostri
3560 5477 3785 5547 palatio

2188 5579 2374 5623 nastro
2406 5568 2617 5638 publico
2643 5569 2696 5622 in
2720 5567 2818 5624 'Dei
2847 5569 3060 5624 nomine
3088 5568 3329 5624 feliciter.
