4034 6182
204 334 296 392 925
511 332 741 391 CODEX
779 335 1296 399 DIPLOMATICUS.
1331 371 1402 384 —
1439 343 1842 400 PRIVILEGIA.
1874 372 1944 384 —
1971 344 2008 398 l.
2049 345 2288 401 PBIVIL.
2330 347 2462 404 PER
2500 349 2776 408 GALLIE
2817 353 3107 412 PARTES.

922 458 1032 513 XII.

199 573 222 604 ⁸
249 563 418 619 Caroli
437 563 616 642 _Mngni
640 565 1176 642 chgrtqimmnnilatis
1204 569 1524 642 Murbocensi
1545 572 1760 626 abbatiw
1820 637 1832 642 Ν

419 637 542 688 data
571 635 660 688 sub
689 635 964 692 Hariberto
993 641 1170 693 abbate
1192 641 1348 708 (anno
1375 642 1525 710 772).

576 749 668 810 (Ex
697 751 948 815 Schmpll.,
971 753 1120 803 Atsat.
1147 755 1389 817 diplom.).

254 853 474 910 Carolus
513 855 681 925 gratia
731 857 826 911 Dei
875 873 966 912 rex
1014 859 1362 926 Francorum,
1397 863 1474 914 vir
1515 861 1755 918 inluster.

190 945 478 1012 Principale
494 945 703 1012 quidem
727 947 1022 1000 clementiae
1039 960 1346 1002 cunctorum
1369 951 1524 1004 decet
1545 965 1758 1003 accom-

189 1036 402 1089 modare
423 1051 604 1089 aurem
637 1037 918 1106 benignam
943 1038 1310 1108 praecipueque
1333 1055 1427 1110 pro
1446 1040 1759 1107 compendio

189 1126 480 1178 animarum
521 1139 547 1176 a
590 1125 1014 1193 praecedentibus
1072 1129 1283 1196 regibus
1335 1130 1758 1184 antecessoribus

188 1216 384 1270 nostris
405 1215 467 1268 ad
497 1216 610 1270 loca
629 1215 974 1270 ecclesiarum
1008 1221 1293 1284 probamus
1347 1233 1467 1272 esse
1497 1219 1756 1273 indultum

187 1303 378 1358 devota
404 1315 579 1358 mente
603 1303 858 1358 debemus
891 1307 1239 1374 perpendere,
1264 1315 1318 1360 et
1335 1322 1564 1376 congrua
1598 1309 1760 1364 bene-

187 1397 327 1462 ﬁcia,
359 1403 418 1448 ut
443 1410 748 1450 mereamur
767 1397 832 1449 ad
863 1397 1164 1452 mercedem
1189 1413 1310 1453 esse
1333 1400 1631 1468 participes,
1651 1416 1755 1456 non

184 1500 404 1554 negare,
436 1486 528 1540 sed
580 1485 954 1540 rubustissimo
977 1488 1097 1556 jure
1147 1504 1243 1556 pro
1290 1491 1486 1544 nostris
1528 1492 1756 1546 oraculis

177 1576 520 1630 conﬁrmare.
558 1576 720 1644 Igitur
741 1577 1064 1631 venerabilis
1084 1578 1165 1632 vir
1209 1577 1525 1634 Haribertus
1555 1581 1752 1634 donum

181 1667 268 1718 Dei
314 1666 448 1719 abba
491 1666 557 1719 de
597 1668 922 1729 monasterio
963 1668 1176 1722 Vivario
1219 1653 1638 1739 peregrinoFum,
1665 1673 1752 1740 qui

175 1757 396 1826 ponitur
420 1757 470 1809 in
505 1771 638 1825 pago
663 1757 954 1812 Alsacense
975 1773 1137 1826 super
1159 1759 1372 1812 ﬂuvium
1399 1759 1644 1816 Morbach
1661 1762 1750 1828 qui

3327 357 3430 412 926

1787 464 1832 520 Α
1864 459 2133 527 facultates
2165 463 2330 531 ipsius
2363 466 2612 522 Ecclesiae
2657 483 2760 524 nec
2801 469 2866 523 ad
2913 485 3099 525 causas
3145 470 3438 528 audiendas

1865 565 1962 605 nec
1981 551 2126 606 l'reda
2149 554 2432 623 exigenda,
2451 571 2550 611 nec
2573 559 2874 615 mansiones
2898 571 2987 612 aut
3011 571 3222 627 paratas
3238 561 3436 617 facien-

1862 643 1957 697 das
2003 660 2100 698 nec
2129 645 2468 713 ﬁdejussores
2499 650 2787 714 tollendum
2847 665 2946 706 nec
3001 652 3242 707 homines
3271 653 3435 721 ipsius

1863 733 2099 788 ecclesiae
2131 737 2212 789 vel
2247 739 2556 791 monasterii
2599 741 2764 808 ipsius
2799 751 2904 795 tam
2958 743 3218 808 ingenuos
3273 760 3432 811 quam

1819 823 1822 826 ’
1861 833 1913 877 et
1951 839 2134 878 servos
2165 828 2249 894 qui
2282 841 2447 896 super
2475 845 2661 883 corium
2711 843 2877 886 terras
2932 835 3011 884 Vel
3041 831 3072 871 δ
3103 833 3254 886 mitio
3281 849 3432 888 com-

1863 929 2080 969 manere
2105 916 2352 970 videntur
2381 920 2470 986 qui
2499 919 2694 972 ibidem
2729 921 2992 988 aspiciunt
3021 923 3086 975 de
3107 923 3434 992 quibuslibet

1861 1009 2036 1060 causis
2067 1008 2512 1078 distringendum,
2546 1027 2642 1065 nec
2671 1013 2774 1065 ulla
2801 1014 3132 1068 redibutione
3161 1017 3434 1083 requiren-

1859 1098 2010 1161 dum,
2059 1099 2257 1155 ibidem
2291 1101 2570 1170 ingredere
2603 1120 2705 1156 non
2735 1105 2967 1158 debeant
3008 1107 3099 1159 sed
3149 1107 3284 1160 sicut
3321 1107 3434 1175 ipse

1861 1185 2154 1241 benelicius
2189 1203 2216 1240 a
2241 1189 2348 1257 jam
2375 1191 2528 1244 dictis
2576 1192 3000 1246 antecessoribus
3031 1193 3223 1247 nostris
3251 1193 3431 1261 inspe-

1859 1287 1976 1330 ctas
2008 1281 2242 1346 priorum
2277 1282 2576 1349 principum
2619 1285 2984 1344 auctoritates,
3031 1286 3096 1338 ad
3140 1285 3244 1352 iam
3289 1287 3433 1340 dicto

1861 1369 2172 1422 monastirio
2204 1384 2376 1436 usque
2405 1387 2544 1425 nunc
2574 1372 2665 1426 ﬁat
2694 1388 3088 1439 conservatum,
3111 1377 3179 1427 ita
3209 1385 3260 1430 et
3283 1375 3431 1430 dein-

1857 1469 1983 1523 ceps
2011 1471 2104 1524 per
2133 1467 2374 1513 nostram
2408 1463 2608 1516 auctori
2657 1463 2974 1530 generaliter
3002 1473 3209 1520 maneat
3248 1464 3432 1519 incon-

1857 1548 2066 1600 vulsum
2119 1557 2172 1602 et
2223 1552 2472 1621 quicquid
2522 1553 2714 1609 exinde
2777 1555 2936 1609 ﬁscus
2993 1567 3172 1611 noster
3230 1564 3432 1624 poterat

1857 1649 2108 1693 exactarc
2143 1640 2193 1692 in
2227 1641 2578 1697 luminaribus
2609 1645 2776 1713 ipsius
2800 1646 2978 1698 domui
3011 1645 3316 1714 Leodegarii
3345 1647 3432 1703 vel

1855 1741 2052 1786 sancta:
2086 1723 2262 1787 Mariae
2283 1776 2299 1800 ,
2333 1749 2428 1802 pro
2477 1736 2762 1790 stabilitate
2807 1736 2951 1804 regni
3001 1737 3165 1790 nostri
3195 1737 3430 1805 proliciat

173 1823 260 1900 est
285 1823 634 1900 coristrticlus
667 1847 718 1900 in
743 1847 944 1902 honore
965 1823 1134 1903 sancti
1177 1849 1486 1918 Leodegarii
1515 1861 1568 1905 et
1587 1854 1750 1908 sancti

1859 1825 1913 1879 in
1942 1837 2276 1895 perpetuum,
2314 1837 2368 1882 et
2399 1841 2453 1880 ιιι
2483 1828 2598 1882 haec
2630 1831 2921 1887 auctoritas
2950 1839 3053 1882 tam
3084 1831 3430 1896 praesentibus

169 1936 322 1990 Petri
347 1936 574 2008 apostoli
603 1937 685 1991 vel
709 1947 910 1992 sancta
961 1937 1158 2004 Mariae,
1205 1955 1297 1994 seu
1327 1953 1746 2011 ceterorumque,

169 2028 258 2080 ubi
295 2029 414 2096 ipse
437 2041 556 2080 cum
587 2035 757 2082 turma
785 2027 1012 2094 plurima
1054 2028 1436 2083 monachorum
1480 2032 1754 2088 deservire

165 2117 436 2180 noscitur,
459 2117 758 2172 clementiae
789 2118 936 2186 regni
977 2121 1142 2172 nostri
1192 2121 1480 2191 suggessit,
1520 2137 1586 2177 eo
1611 2123 1749 2192 quod

163 2218 550 2262 antecessores
572 2209 738 2262 nostri
763 2211 1026 2276 quondam
1062 2226 1156 2278 per
1183 2227 1368 2266 eorum
1410 2217 1751 2272 auctoritates

163 2300 394 2354 illorum
419 2301 662 2352 manibus
686 2301 1002 2370 subscriptis
1023 2301 1092 2356 de
1113 2303 1261 2355 villas
1291 2303 1460 2370 ipsius
1488 2317 1752 2362 monaste-

158 2389 230 2442 rii
263 2387 354 2441 sui
387 2387 526 2454 quod
553 2388 617 2440 ad
652 2403 888 2457 prmsens
917 2393 1241 2458 possidebat,
1275 2401 1382 2446 tam
1417 2410 1482 2448 ex
1511 2401 1748 2451 muneri-

161 2477 264 2529 bus
299 2477 599 2544 principum
628 2493 720 2530 seu
745 2478 1021 2545 Ebroardi,
1053 2483 1138 2550 qui
1169 2483 1338 2550 ipsum
1364 2489 1748 2544 monasterium

153 2570 210 2621 in
237 2581 345 2621 sua
372 2569 664 2622 :elimosina
693 2571 950 2634 fundavit,
981 2587 1138 2640 quam
1181 2590 1244 2628 ex
1285 2577 1527 2647 largitate
1558 2595 1750 2650 pagen-

151 2661 334 2725 sinm,
367 2660 449 2715 vel
474 2661 599 2728 quid
627 2662 680 2716 in
717 2674 868 2717 antea
911 2680 936 2717 a
969 2665 1082 2720 Deo
1108 2668 1414 2724 timentibus
1445 2671 1748 2728 hominibus

149 2752 370 2804 ibidem
401 2751 700 2822 delegatum
749 2753 910 2809 fuerit
967 2759 1167 2826 integra
1198 2763 1504 2817 aamunitate
1534 2778 1752 2819 conces-

151 2843 395 2906 sissent,
427 2845 683 2898 ntnullus
719 2845 878 2914 judex
935 2849 1179 2915 publ.cus
1228 2850 1281 2905 in
1336 2853 1472 2906 villis
1529 2854 1612 2908 vel
1663 2871 1749 2911 res

141 2937 335 3005 ipsius
369 2940 678 2992 monasterii
727 2940 806 2992 sui
841 2955 939 2995 nec
968 2943 1032 2995 ad
1085 2959 1273 2998 causas
1302 2947 1616 3015 audiendas,
1651 2965 1750 3005 nec

141 3030 312 3084 [reda
350 3032 636 3099 exigenda,
659 3047 760 3088 nec
781 3017 1086 3089 mansiones
1111 3044 1202 3090 aut
1223 3047 1430 3104 paratas
1460 3039 1744 3110 faciendas,

1857 1929 2020 1984 quam
2067 1927 2120 1971 et
2173 1913 2364 1971 futuris
2412 1918 2738 1986 temporibus
2780 1920 2946 1985 possit
2999 1927 3242 1973 constare
3273 1933 3429 1974 manu

1855 2017 2036 2062 nostra
2065 2010 2248 2063 subter
2285 2011 2654 2065 roboravimus
2701 2021 2752 2064 et
2782 2011 2941 2065 anulo
2975 2021 3155 2064 nostro
3201 2011 3430 2081 sigillare

1850 2097 2128 2167 jussimus.

1927 2189 2148 2260 Signum
2173 2190 2348 2246 Caroli
2369 2192 2736 2262 gloriosissimi
2767 2192 2926 2262 regis.

1925 2281 2208 2335 Lutherius
2237 2283 2520 2351 recognovi
2552 2293 2606 2338 et
2635 2284 2955 2352 subscripsi.

1927 2369 2058 2425 Data
2093 2371 2210 2426 ldus
2231 2371 2469 2427 Januarii
2500 2389 2638 2427 anno
2667 2384 2853 2440 quarto
2882 2374 3028 2443 regni
3058 2373 3247 2428 nostri.
3274 2373 3427 2429 Blan-

1851 2459 1999 2514 eiaco
2021 2460 2224 2528 palacio
2257 2461 2466 2530 publico
2489 2461 2540 2517 in
2573 2463 2667 2520 Dei
2690 2465 2906 2520 nomine
2937 2465 3185 2518 feliciter.

2570 2590 2704 2648 XIII.

1849 2697 2090 2773 Diploma
2136 2699 2310 2756 Caroli
2351 2703 2528 2773 magni
2569 2719 2858 2756 concessum
2891 2703 3131 2757 Heddam'
3186 2705 3422 2769 episcopo

1924 2771 2298 2842 Argergiiiettsi,
2323 2771 2724 2842 quoiEcc/esiw
2765 2777 3116 2842 Argentinemi
3169 2783 3331 2828 totum
3371 2778 3424 2827 in

1919 2839 2052 2975 1';ng
2073 2838 2390 2893 Bruscltiana
2437 2841 2722 2894 districtum
2773 2838 2921 2896 τεὴ-ω
2963 2847 3230 2912 conﬁrmat
3261 2849 3419 2915 (anno

2085 3020 2180 3083 (Ex
2206 3020 2508 3082 Grandidier,
2531 3021 2746 3073 Histoire
2765 3023 2828 3073 de
2854 3024 3184 3086 Strasbourg.)

143 3135 254 3174 nec
282 3121 637 3190 ﬁdeiussores
670 3125 960 3178 tollendum
1010 3141 1105 3181 nec
1147 3127 1387 3183 homines
1423 3131 1585 3192 ipsius
1635 3147 1748 3185 nto-
1779 3165 1824 3228 ο
1930 3131 1953 3159 ο
1979 3121 2196 3178 Carolus
2225 3123 2390 3192 gratia
2421 3125 2513 3180 Dei
2541 3142 2632 3180 rex
2666 3125 3010 3193 Francorum,
3055 3130 3135 3182 vir
3177 3129 3418 3185 inluster.

135 3212 392 3267 nasterii
432 3215 498 3267 de
539 3215 864 3282 quibuslibet
917 3218 1092 3272 causis
1147 3220 1592 3290 distringendum,
1647 3240 1746 3279 nec

133 3305 302 3358 nulla
335 3304 676 3359 redibutione
696 3309 1096 3374 requirendum,
1127 3310 1319 3365 ibidem
1346 3313 1625 3383 ingredere
1642 3332 1747 3371 non

129 3396 386 3454 debeat,
405 3394 546 3446 unde
568 3405 622 3448 et
653 3396 823 3464 ipsam
852 3401 1266 3468 prmceptiouem
1287 3401 1396 3470 jam
1421 3402 1580 3456 dictis
1601 3415 1748 3460 ante-

125 3483 478 3540 cessoribus
510 3485 710 3538 nostris
739 3501 834 3541 seu
867 3497 920 3542 et
941 3490 1400 3547 conﬁrmationem
1433 3505 1554 3549 ante
1579 3495 1748 3550 dictus

119 3577 282 3632 abba
341 3575 657 3631 llaribcrtus
711 3587 888 3632 rector
939 3579 1006 3634 de
1047 3581 1162 3649 ipso
1211 3585 1542 3638 monasterio
1598 3585 1749 3640 nobis

118 3667 398 3724 ostendit
418 3668 482 3720 ad
515 3671 831 3738 relegendas
849 3680 903 3724 et
931 3671 1082 3739 ipsud
1122 3673 1434 3727 beneﬁcium
1460 3676 1598 3728 circa
1619 3691 1749 3732 eun-

111 3759 260 3814 dem
287 3758 388 3812 vel
405 3771 749 3814 memoratam
773 3760 1049 3816 ecclesiam
1069 3763 1230 3832 ipsius
1249 3778 1416 3834 usque
1437 3780 1576 3820 nunc
1587 3765 1745 3822 adse—

113 3853 200 3906 rit
231 3863 385 3903 esse
415 3861 787 3904 conservatum
832 3851 926 3905 sed
981 3865 1076 3918 pro
1133 3853 1470 3908 adﬁrmantis
1516 3857 1746 3910 studium

109 3943 312 4011 petiit
339 3939 720 3994 celsitudinem
752 3952 1011 4010 nostram,
1042 3951 1101 3996 ut
1133 3941 1234 3996 hoc
1274 3946 1448 3998 denuo
1471 3945 1610 3999 circa
1635 3945 1750 4014 ipso

111 4031 494 4086 monasterio
514 4031 596 4085 vel
621 4031 767 4100 ipsos
786 4032 1078 4088 monachos
1107 4044 1288 4088 nostra
1313 4034 1536 4090 deberet
1559 4047 1746 4091 aucto-

103 4123 278 4176 ritas
343 4121 672 4188 generaliter
721 4121 1068 4188 conﬁrmare,
1109 4125 1258 4192 cujus
1313 4125 1619 4192 petitionem
1651 4141 1747 4194 pro

103 4213 469 4268 reverentia
502 4211 667 4277 ipsius
713 4213 812 4265 loci
859 4223 918 4266 ut
972 4229 1272 4268 mercamur
1325 4217 1389 4267 ad
1444 4217 1743 4271 mercedem

99 4309 373 4363 sociare
396 4305 708 4372 plenissima
753 4304 1026 4358 voluntate
1066 4303 1159 4357 visi
1195 4305 1390 4358 luimus
1421 4306 1738 4374 prestitisse,

99 4407 206 4474 vel
255 4405 326 4456 in
359 4400 608 4454 omnibus
638 4400 989 4454 conﬁrmasse
1019 4401 1344 4467 cognoscite.
1369 4400 1746 4470 Praecipientes

1855 3209 1984 3264 illud
2015 3212 2168 3266 nobis
2194 3212 2260 3266 ad
2296 3213 2637 3268 stabilitatem
2697 3215 2846 3284 regni
2895 3221 3051 3281 notri,
3105 3219 3284 3286 procul
3323 3219 3422 3274 du-

1849 3299 1992 3355 bium
2024 3301 2076 3356 in
2107 3300 2195 3357 Dei
2227 3305 2442 3359 nomine
2465 3306 2734 3359 credimus
2760 3307 3046 3375 pertinere,
3070 3311 3114 3362 si
3141 3310 3423 3377 petitiones

1847 3393 2188 3448 sacerdotum
2219 3403 2308 3447 aut
2335 3394 2707 3461 ecclesiarum,
2736 3411 2840 3466 que
2880 3399 3075 3452 nostris
3097 3397 3294 3454 fuerint
3317 3415 3417 3454 au-

1849 3481 2000 3536 ribus
2023 3483 2252 3551 prolate,
2285 3482 2617 3551 perducimus
2667 3485 2734 3538 ad
2773 3486 3040 3542 enectum.
3085 3488 3418 3558 Quapropter

1849 3585 2033 3628 notum
2078 3577 2153 3629 sit
2191 3575 2437 3631 omnibus
2471 3576 2712 3632 lidelibus
2761 3581 2960 3636 nostris
3006 3583 3336 3649 prescntibus
3363 3592 3417 3638 et

1851 3664 2074 3729 futuris,
2128 3666 2249 3732 quia
2303 3667 2383 3720 vir
2431 3669 2754 3723 venerabilis
2795 3669 2946 3726 Eddo
2987 3671 3418 3743 Strazburgensis

1849 3752 2074 3807 ecclesie
2126 3754 2436 3822 episc0pus,
2485 3771 2590 3826 que
2635 3768 2716 3812 est
2767 3769 3066 3814 constructa
3113 3761 3164 3816 in
3215 3762 3422 3818 honore

1851 3856 2032 3900 sancte
2065 3844 2158 3900 Dei
2183 3849 2452 3915 genitricis
2483 3863 2798 3919 semperque
2825 3851 3042 3921 virginis
3085 3851 3268 3916 blarie,
3307 3855 3420 3908 cle-

1855 3937 2122 3989 menciam
2151 3938 2300 4006 regni
2331 3939 2495 3992 nostri
2523 3940 2858 4007 supplicavit,
2889 3941 3115 4010 qualiter
3153 3943 3420 4011 quondam

1849 4025 2094 4080 locellum
2129 4039 2519 4097 nuncupantem
2535 4027 2562 4066 d
2593 4027 2746 4084 Stilla
2769 4045 2928 4098 quem
2947 4045 2977 4083 ε
3005 4031 3161 4099 longo
3185 4041 3424 4098 tempore

1851 4132 1948 4187 per
1975 4116 2413 4175 conﬁrmationes
2437 4134 2622 4188 regum
2653 4121 2884 4189 predicta
2911 4121 3144 4190 possidet
3169 4122 3422 4189 ecclesia,

1847 4227 1900 4269 et
1928 4225 2164 4270 rectores
2195 4217 2358 4284 ipsius
2377 4215 2604 4271 ecclesie
2655 4215 2949 4284 predictum
2979 4215 3150 4269 locum
3183 4232 3275 4283 per
3307 4217 3421 4271 loca

1846 4305 2207 4370 denominata,
2257 4307 2308 4360 id
2357 4317 2458 4370 est,
2509 4321 2605 4376 per
2654 4307 2796 4376 regia
2829 4318 2852 4346 ο
2881 4318 3068 4374 strata,
3117 4323 3220 4377 que
3253 4307 3422 4376 pergit

1846 4413 2006 4466 super
2029 4399 2276 4466 rivolum,
2294 4399 2382 4466 qui
2413 4399 2606 4452 dicitur
2633 4399 2651 4437 ί
2686 4399 2863 4462 Stilla,
2892 4413 3052 4467 Super
3073 4415 3193 4452 casa
3215 4402 3239 4438 ⁸
3259 4399 3423 4452 liuiu-

87 4511 262 4568 ergo
299 4491 591 4562 iubemus,
645 4501 701 4545 ut
747 4490 928 4544 nullus
970 4486 1136 4559 judcx
1178 4491 1416 4560 publicus
1461 4492 1512 4545 in
1544 4507 1630 4547 res
1659 4493 1738 4548 vel
1769 4509 1818 4562 ι)
1847 4491 2031 4556 maldi,
2063 4489 2254 4546 deinde
2286 4490 2372 4544 tibi
2403 4489 2596 4544 dicitur
2629 4490 2658 4530 ιι
2689 4477 3130 4559 Paphinisuaida,
3181 4491 3302 4546 inde
3335 4499 3420 4545 to-

173 4687 208 4714 a
249 4669 523 4734 Diploma
557 4666 655 4719 hoc
680 4665 990 4721 Carolinum
1049 4666 1368 4732 impressum
1413 4674 1498 4720 est
1528 4665 1581 4720 in
1611 4666 1743 4721 Mar-

73 4757 240 4800 tene
299 4739 602 4793 Thesauro
653 4739 924 4800 auecdnt.,
971 4745 1100 4788 tom.
1137 4738 1176 4798 I,
1211 4751 1330 4804 pag.
1363 4736 1450 4800 lt);
1487 4737 1736 4802 Eccard.,

71 4816 274 4882 Orig.
329 4808 551 4882 llahsb.
587 4810 790 4882 Augstin,
820 4805 1096 4882 pag.__l-l9,
1127 4814 1206 4882 _et
1235 4807 1288 4859 in
1339 4805 1738 4882 Ltmig_._Spicil.

65 4875 346 4942 ecct'es.
411 4878 612 4932 contio.
643 4875 684 4942 l,
715 4891 832 4946 pag.
863 4875 997 4940 955;
1047 4875 1138 4929 sed
1196 4891 1260 4930 ex
1314 4877 1573 4946 exemplis
1619 4893 1742 4932 θυι.-

63 4965 338 5021 ruptas.
1137 5016 1150 5026 .

161 5026 202 5064 h
234 5018 461 5097 Μὶξὶο.
491 5015 712 5098 Videtur
752 5017 872 5098 haec
906 5017 1318 5098 vosposna-in.
1349 5015 1578 5095 ablativo
1617 5031 1742 5098 casu

57 5110 130 5150 ρι
173 5087 548 5163 signiﬁcare
575 5089 710 5140 idem
735 5087 872 5163 quod
894 5087 1196 5163 domini-um,
1217 5087 1448 5163 legitima
1469 5089 1738 5163 possessio.

59 5155 289 5220 Raro'
313 5161 452 5212 haec
482 5172 576 5208 vos
601 5159 850 5214 (tet'lll‘l'll,
881 5166 932 5208 et
971 5155 1185 5224 quidem
1236 5155 1288 5207 in
1340 5156 1538 5210 chartis
1567 5158 1738 5224 Pipini

53 5249 134 5294 ει
179 5228 428 5289 car-oti
455 5227 622 5294 Magni
657 5237 878 5280 tantum.
903 5225 1035 5280 Vide
1053 5224 1240 5294 Caugii
1267 5224 1505 5278 Glossar.
1539 5227 1738 5280 noviss.

49 5311 238 5364 edit.
253 5345 274 5365 ,
321 5312 473 5350 Voce
505 5295 728 5351 Milium.

153 5389 188 5416 c
227 5373 572 5427 Testantur
626 5368 860 5434 plerique
907 5373 1172 5430 auctores,
1224 5367 1360 5418 viam
1405 5375 1740 5420 manstrautc

47 5444 474 5508 Mabillone,
505 5437 573 5489 de
617 5435 696 5490 Re
746 5437 1047 5503 diplomat.,
1076 5449 1192 5508 pag.
1227 5435 1310 5498 75,
1343 5434 1593 5508 Carolina
1627 5437 1738 5488 Ma-

49 5503 295 5592 gnum
349 5519 556 5588 nomen
580 5521 732 5560 suum
763 5513 1068 5592 constanter
1093 5503 1333 5592 signasse
1353 5503 1739 5592 litteraganf

45 5576 376 5660 [Equam
416 5576 713 5660 imperator
765 5576 951 5660 luisset
999 5587 1314 5638 coronatus;
1374 5576 1576 5660 addunt
1615 5591 1742 5632 vero

35 5645 262 5716 i’tliim
343 5645 431 5701 ad
475 5647 755 5715 imperium
807 5655 1049 5716 evectum
1104 5661 1316 5714 semper
1345 5659 1404 5698 se
1431 5651 1739 5716 nominasse

41 5715 448 5787 Karolum,
479 5719 730 5770 nrulando
752 5717 792 5771 C
823 5717 878 5770 in
1015 5715 1266 5787 Plurimis
1307 5717 1419 5768 lucc
1447 5715 1740 5787 discutiunt

35 5785 428 5861 auctores
477 5787 660 5844 Gallici
706 5801 856 5844 novae
903 5785 1280 5857 Diplomaticw,
1341 5793 1469 5840 tom.
1511 5786 1570 5855 ll,
1613 5802 1730 5859 pag.

1840 4665 2102 4732 218-222,
2127 4667 2211 4748 qui
2230 4666 2710 4748 _hancsententiam
2757 4681 2862 4721 non
2893 4665 3022 4720 satis
3047 4667 3253 4722 veritati
3287 4683 3408 4725 esse

1841 4752 2130 4792 colisonam
2153 4737 2406 4804 judicant.

1913 4807 1938 4845 ά
1973 4807 2138 4861 Hodie
2160 4805 2306 4861 vicus
2330 4806 2477 4873 Still,
2510 4806 2562 4860 in
2587 4806 2724 4861 valle
2773 4807 3035 4860 Bruscana
3075 4816 3128 4860 et
3155 4807 3411 4862 Ballivatu

1843 4876 2286 4932 Schirmeckiano
2313 4878 2466 4941 situs,
2501 4877 2677 4931 adhuc
2709 4876 2978 4945 pertinens
3007 4877 3070 4928 ad
3104 4877 3410 4946 episcOpum

1843 4949 2304 5015 Argentinensem.

1918 5013 1941 5056 ἑ
1964 5016 2292 5096 llaacstrata
2312 5015 2460 5096 regia
2495 5015 2584 5096 illa
2603 5023 2704 5096 est,
2729 5031 2847 5096 qum
2865 5029 2958 5096 per
2978 5014 3164 5096 vallem
3194 5013 3416 5096 [irasca-

1843 5102 1964 5149 nam
1989 5088 2217 5169 ducite:
2235 5083 2430 5169 Alsatia
2446 5087 2496 5139 in
2522 5083 2771 5166 Galliam,
2791 5084 2948 5169 hodie
2965 5083 3140 5137 adhuc
3152 5086 3412 5146 existens,

1843 5167 1896 5213 et
1922 5157 2236 5224 quibusdam
2266 5157 2332 5209 ab
2359 5157 2480 5209 hinc
2509 5158 2664 5208 arinis
2689 5161 2956 5208 renovata.

1921 5227 1941 5265 ί
1971 5227 2137 5281 Hodie
2169 5227 2368 5278 rivulus
2396 5225 2539 5288 Still,
2564 5223 2718 5293 cujus
2753 5221 2928 5276 fontes
2958 5231 3084 5276 sunt
3109 5223 3159 5276 in
3189 5223 3280 5277 illa
3309 5223 3414 5278 Vo-

1842 5297 1952 5374 sagi
1983 5307 2276 5374 partequae
2333 5293 2678 5374 Wellersthal
2737 5301 2985 5374 vocatur,
3015 5294 3224 5374 duabus
3250 5295 3414 5348 leucis

1840 5362 2056 5422 ab'arce
2110 5367 2575 5419 Ochsemteinensi
2607 5381 2622 5417 :
2655 5365 2794 5416 unde
2835 5362 3112 5416 descendit
3159 5365 3224 5416 ad
3283 5379 3418 5419 cou-

1843 5438 2038 5518 vallem
2072 5433 2598 5517 _Schirmeckianam,
2647 5443 2702 5488 et
2745 5433 2904 5503 paulo
2939 5443 3056 5502 post
3083 5447 3142 5488 se
3169 5435 3420 5489 Bruscnae

2176 5575 2328 5653 vicus
2359 5571 2585 5653 Ui'mat,_
2607 5570 2893 5653 semileuca
2937 5571 3418 5653 Hgslacodistans,

1842 5648 1907 5703 ad
1936 5647 2164 5728 S_tratam
2193 5646 2392 5715 regiam
2422 5652 2477 5698 et
2522 5644 2588 5697 ad
2633 5643 2941 5711 episcopum
2971 5643 3416 5711 Argeutiuenseut

1844 5728 2138 5790 pertinens.
2661 5787 2670 5794 .

1913 5789 1939 5829 ιι
1969 5789 2140 5843 Locus
2171 5787 2320 5842 vallis
2351 5786 2634 5858 Bruscanm
2661 5791 2888 5856 ignotus.
