4034 6182
591 327 690 380 9‘27

1437 321 1496 374 Β.
1535 317 1782 373 CAROLI
1823 315 2036 371 MAGNI
2078 312 2233 368 OPP.
2276 311 2453 368 PARS
2493 311 2534 369 Ι.
2573 311 2817 368 SECTIO
2855 310 2920 365 ll.

3717 312 3822 369 928

588 454 699 498 mm
729 449 958 495 montem
986 438 1072 508 qui
1105 447 1318 492 νοωιητ
1364 449 1388 476 a
1430 434 1818 501 Arlegishcrgo,
1873 445 2038 494 usque
2066 426 2151 478 ubi
2185 428 2225 482 Α
2259 425 2472 478 mendat
2497 425 2742 479 omnibus
2769 423 3034 494 jndicihus
3063 433 3203 478 terre
3229 423 3393 488 illius,
3413 433 3472 478 ut
3495 426 3566 479 illi
3599 441 3824 496 queram

590 533 790 586 rivolus
812 531 996 598 surgit,
1013 529 1098 595 qui
1124 529 1314 580 dicitur
1330 525 1358 563 ιι
1379 523 1556 588 liasla,
1573 522 1763 575 deinde
1793 522 1877 572 tibi
1899 531 1919 556 ο
1942 518 2144 571 Wichia

531 613 533 618 ’
589 622 782 689 Surgit,
810 634 977 687 usque
999 634 1102 686 quo
1132 617 1223 671 ind
1251 616 1445 669 Brusca
1473 613 1782 680 ingreditur,
1812 611 1933 664 inde
1960 612 2150 664 iterum

588 725 682 775 per
713 711 862 776 longa
909 708 1100 761 Brusca
1131 706 1439 775 usquedum
1480 703 1632 757 Stilla
1677 702 1818 754 intus
1866 699 2156 769 ingreditur

591 798 656 849 ad
704 805 904 865 partem
963 797 1198 862 predicte
1247 794 1474 848 ecclesie
1503 790 1897 857 adquesierunt.
1957 789 2155 844 Idcirco

595 887 760 953 petiit,
800 895 855 938 ut
905 885 1004 939 hoc
1031 901 1126 952 per
1173 892 1406 937 nostram
1449 883 1816 936 auctoritatem
1844 881 2018 935 denuo
2059 896 2156 949 pro

593 979 666 1030 rei
693 977 944 1030 ﬁrmitate
971 977 1110 1031 circa
1144 978 1308 1046 ipsam
1337 976 1620 1030 ecclesiam
1663 975 1850 1029 iterato
1883 975 1982 1028 hoc
2020 989 2152 1027 con-

589 1068 780 1119 cedere
803 1077 855 1119 et
877 1067 1197 1120 conﬁrmare
1219 1055 1532 1119 deberemu's
1562 1083 1576 1118 :
1601 1064 1754 1134 cujus
1779 1063 2017 1130 petitioni
2036 1078 2157 1131 gra-

589 1156 718 1207 tanti
748 1154 924 1208 animo
952 1155 1249 1223 prestitis‘se
1281 1163 1334 1208 et
1355 1154 1719 1216 conﬁrmasse,
1749 1161 1801 1206 et
1830 1153 1880 1205 in
1911 1153 2156 1204 omnibus

590 1246 920 1298 concessisse
952 1244 1275 1312 cognoscite.
1331 1243 1664 1312 Quapropter
1694 1243 1828 1296 hanc
1858 1244 2154 1312 preceptio-

590 1348 710 1386 nam
743 1344 976 1387 nostram
1005 1335 1340 1389 conscribere
1363 1335 1642 1404 jussiinus,
1687 1343 1742 1387 ut
1769 1348 1831 1389 ea
1861 1335 2036 1387 omnia
2064 1349 2156 1388 su-

591 1425 768 1490 perius
796 1427 1062 1477 nominata
1087 1439 1204 1478 cum
1231 1425 1471 1478 terminis
1503 1433 1557 1477 et
1596 1424 1812 1488 finibus,
1844 1424 1927 1478 vel
1959 1439 2156 1492 appen-

589 1513 744 1567 diciis
766 1515 877 1567 suis
900 1523 1190 1567 memorata
1219 1514 1447 1568 ecclesia
1470 1512 1689 1582 ejusque
1715 1522 1947 1568 rectores
1967 1513 2034 1566 ab
2059 1512 2156 1566 hac

588 1603 677 1655 die
700 1603 748 1655 in
783 1613 1091 1671 perpetuum
1119 1602 1368 1668 habeant,
1388 1611 1622 1666 teneant,
1641 1615 1800 1670 atque
1819 1602 2151 1669 possideant;

589 1703 644 1745 ut
668 1692 842 1746 nullus
881 1709 946 1746 ex
970 1691 1246 1760 iudiciaria
1278 1702 1560 1761 potestate,
1593 1703 1685 1747 aut
1712 1681 1945 1760 qualibet
1973 1707 2156 1760 perso-

594 1798 681 1844 na,
713 1755 1290 1848 prefatum'Eddonem'
1329 1755 1656 1850 episcopum,
1684 1755 1915 1851 suosque
1943 1755 2156 1837 succes-
2188 1755 2230 1812 Β

590 1882 763 1936 sores,
813 1879 903 1922 aut
929 1881 1146 1938 agentes
1177 1871 1242 1924 de
1272 1885 1329 1924 se
1359 1871 1612 1940 predictis
1643 1874 1800 1927 rebus
1837 1871 2156 1942 inquietare,

599 1966 690 2012 aut
720 1968 900 2012 contra
932 1961 1148 2013 rationis
1173 1961 1414 2015 ordinem
1443 1961 1525 2015 vel
1555 1963 1868 2016 calumniam
1900 1977 2157 2030 generare

596 2063 809 2116 quoque
833 2057 1070 2118 tempore
1097 2061 1387 2120 presumat,
1437 2053 1527 2106 sed
1577 2054 1675 2106 hoc
1705 2064 1883 2108 uostre
1921 2057 2156 2109 auctori-

597 2141 720 2194 tatis
742 2143 936 2194 donum
962 2143 1082 2208 jure
1111 2143 1183 2196 ibi
1217 2155 1522 2212 permaneat
1545 2145 1870 2200 ﬁrmissimo.
1901 2147 2033 2199 Etut
2060 2147 2155 2200 hec

597 2239 775 2283 nostra
823 2235 1110 2288 auctoritas
1160 2233 1406 2287 inviolata
1463 2246 1792 2303 permaneat,
1837 2237 2157 2290 velinstris

594 2329 650 2371 et
699 2318 889 2374 futuris
945 2322 1271 2390 temporibus
1314 2324 1503 2378 melius
1547 2337 1920 2391 conservetur,
1972 2340 2158 2379 manus

592 2417 771 2461 nostre
793 2410 1266 2478 subscriptionibus
1296 2413 1477 2468 subter
1525 2415 1862 2470 decrevimus
1905 2417 2160 2474 roborare

591 2505 643 2550 et
663 2495 728 2550 de
749 2498 906 2549 anulo
937 2510 1118 2553 nostro
1147 2503 1328 2556 subter
1350 2503 1610 2570 sigillare.

667 2584 887 2655 Signum
916 2586 1086 2642 Caroli
1117 2591 1484 2659 gloriosissimi
1527 2594 1685 2662 regis.
1718 2595 1984 2650 llithcrius
2010 2611 2159 2652 reco-

592 2677 768 2746 guovi.

669 2769 794 2822 Data
819 2770 978 2825 Nonis
1009 2771 1188 2827 Marcii
1221 2784 1244 2811 ε
1272 2788 1410 2828 anno
1436 2775 1618 2843 quinto
1647 2778 1794 2848 regni
1826 2780 2012 2835 nostri.

672 2859 691 2896 ε
724 2860 908 2913 Actum
933 2860 1221 2918 Theodone
1250 2864 1393 2928 villa,
1439 2867 1634 2934 palatio
1678 2870 1912 2938 publico,
1957 2869 2011 2925 in
2060 2871 2157 2926 Dei

593 2951 803 3006 nomine
830 2951 1072 3007 feliciter.

1305 3023 1416 3078 λιν

593 3131 907 3207 Prteceptmn
937 3132 1105 3207 Caroli
1134 3132 1313 3207 Magni
1346 3137 1476 3206 regis
1514 3135 1838 3191 Francorum
1867 3143 1928 3192 de
1958 3140 2149 3207 facien-

657 3204 724 3281 da
775 3205 1089 3281 restitutione
1123 3204 1441 3281 _ablatorum
1507 3210 1732 3262 ecclesia:
1799 3204 2151 3280 Ilonaugiensi

659 3273 816 3339 (circa
844 3289 932 3326 an.
964 3273 1086 3344 775)
1121 3277 1165 3328 ε.

1077 3387 1168 3446 (Ex
1193 3387 1500 3451 Grandidler,
1520 3389 1660 3452 ibid.)

659 3486 880 3542 Carolus
927 3489 1092 3557 gratia
1153 3491 1243 3546 Dei
1288 3509 1381 3547 rex
1422 3494 1768 3560 Francorum,
1800 3497 1879 3550 vir
1909 3497 2152 3552 inluster.

595 3577 946 3631 Commendat
975 3581 1218 3633 omnibus
1247 3582 1336 3648 qui
1367 3595 1684 3650 acceperunt
1731 3587 1926 3653 aliquid
1976 3588 2043 3642 de
2067 3604 2156 3642 ec-

596 3667 755 3722 clesia
785 3668 1084 3731 Scotorum,
1117 3685 1218 3738 que
1247 3682 1328 3724 est
1359 3673 1408 3724 in
1441 3675 1605 3727 insula
1651 3676 1941 3746 llonaugia,
1974 3689 2031 3732 ut
2060 3680 2156 3733 itc-

594 3774 709 3812 rum
739 3760 924 3814 reddat
954 3774 1110 3815 omne
1137 3763 1278 3831 quod
1309 3764 1532 3831 accepit.
1561 3767 1640 3819 vel
1669 3769 1806 3834 quod
1838 3769 2011 3835 rapuit
2039 3772 2157 3824 siue

594 3849 802 3904 licentia
823 3851 1026 3906 abbatis
1052 3853 1228 3920 Beati;
1253 3863 1306 3909 et
1332 3855 1373 3910 si
1397 3857 1514 3924 quis
1531 3857 1754 3911 retineat
1774 3875 1975 3926 parum,
2000 3876 2116 3916 com
2131 3891 2154 3903 -

663 4015 710 4080 fi“
739 4002 907 4080 Hodie
954 4005 1128 4080 vicus_
1157 4005 1533 4080 Ileiligenberg,
1586 4011 1730 4064 hora:
1776 4013 2072 4080 quadrante
2127 4028 2156 4066 a

594 4070 749 4126 Stilla
787 4075 1014 4141 distans,
1065 4075 1130 4130 ad
1184 4070 1502 4147 episcopum'
1517 4070 1956 4149 Argentinensem
1991 4085 2156 4150 perti-

598 4156 747 4196 nens.

2255 530 2442 570 omnes
2485 530 2568 569 res
2613 513 2840 569 ecclesie
2888 529 3006 567 cum
3056 514 3261 568 ratione
3314 517 3604 570 secundum
3658 520 3826 586 legem

2255 604 2598 665 Francorum,
2646 605 2767 672 quia
2797 601 2824 639 ιι
2864 619 2948 658 res
2997 606 3398 672 peregrinorum
3439 609 3660 676 proprie
3706 623 3827 664 sunt

2254 697 2412 763 regis.
2446 695 2568 748 Ideo
2593 703 2958 748 restaurentur
2985 695 3164 748 omnia
3196 695 3280 748 illa
3307 697 3538 762 predicta
3563 700 3630 751 ad
3652 701 3828 754 eccle-

2254 786 2383 838 siam
2414 785 2699 838 Scotorum
2753 785 2868 838 sine
2915 783 3024 837 ullo
3055 784 3458 852 impedimento,
3507 787 3622 842 sive
3664 798 3826 858 terra,

2253 875 2364 928 sive
2393 873 2564 938 vinea,
2591 873 2706 927 sive
2735 873 2975 940 pecunia,
3026 873 3139 927 sive
3195 874 3459 938 homines,
3500 878 3617 931 sive
3641 893 3830 947 argenc

2256 975 2385 1030 tum,
2415 965 2531 1021 sive
2554 980 2757 1019 aurum.
2779 963 2836 1019 Si
2865 966 2983 1034 quis
3013 980 3196 1020 eorum
3238 966 3340 1021 hoc
3373 983 3477 1021 non
3510 969 3720 1036 fecerit,
3753 986 3832 1025 re-

2254 1067 2540 1126 cognoscat
2581 1073 2641 1112 se
2681 1059 2820 1128 regis
2871 1068 3178 1127 preceptum
3228 1075 3331 1113 non
3380 1060 3673 1127 obaudite;
3715 1063 3827 1130 quia

2257 1167 2408 1221 reges
2441 1152 2771 1205 Francorum
2795 1132 3091 1206 libertatem
3119 1151 3385 1207 dederunt
3411 1154 3661 1209 omnibus
3687 1170 3831 1220 pere-

2256 1244 2420 1314 grinis
2450 1244 2753 1307 Scotorum,
2800 1253 2857 1296 ut
2903 1243 3077 1296 nullus
3127 1243 3299 1310 rapiat
3349 1245 3544 1310 aliquid
3578 1246 3651 1300 de
3681 1245 3831 1299 rebus

2256 1347 2462 1393 eorum,
2496 1346 2593 1385 nec
2623 1332 2727 1384 ulla
2755 1334 3028 1398 generatio
3073 1343 3250 1399 preter
3304 1348 3488 1386 eorum
3531 1335 3830 1401 generatio-

2259 1438 2379 1476 nem
2415 1422 2686 1491 possideat
2714 1423 2968 1476 ecclesias
2989 1438 3196 1476 eorum.
3221 1423 3421 1478 Taliter
3449 1425 3644 1479 exinde
3675 1428 3830 1494 agite,

2257 1523 2362 1578 quo
2391 1508 2620 1578 gratiam
2654 1520 2890 1564 nostram
2916 1511 3074 1564 vultis
3104 1511 3318 1567 habere.

2979 1597 3093 1653 XV.

2267 1689 2281 1727 ί
2312 1687 2551 1758 Diploma
2576 1688 2947 1758 CaroliﬁMagni
2966 1704 3064 1757 quo
3084 1689 3273 1751 statuit,
3302 1690 3626 1758 prmteralia,
3650 1698 3706 1741 ut
3728 1689 3833 1741 nal-

2329 1757 2404 1810 ne
2430 1760 2703 1811 simoniace
2733 1757 3011 1811 Ecclesium
3042 1759 3452 1827 Argentinensem
3500 1761 3833 1829 ingrediatur,

2330 1839 2373 1879 ct
2403 1837 2653 1893 prwcepla
2701 1831 2856 1880 tradit
2885 1829 2948 1880 de
2968 1829 3209 1882 electione
3245 1829 3488 1896 episcOpi,
3541 1839 3591 1880 et
3614 1830 3680 1882 de
3713 1831 3834 1882 divi-

2328 1897 2470 1950 sione
2496 1899 2751 1952 redituum
2781 1898 2891 1968 (an.
2923 1897 3050 1958 774,
3079 1898 3160 1950 die
3181 1899 3325 1950 tertia
3349 1898 3590 1966 Aprilis).

2740 1987 2832 2048 (Ex
2858 1985 3166 2047 Grandidier,
3193 1987 3332 2049 ibid.)

2327 2064 2547 2119 Carolus
2575 2067 2741 2135 gratia
2799 2066 2889 2121 Dei
2939 2082 3031 2120 rex
3079 2066 3428 2128 Francorum,
3481 2067 3565 2120 vir
3593 2067 3831 2122 inluster.

2255 2153 2386 2208 Ctnn
2421 2156 2709 2226 principem
2739 2170 2800 2210 ac
2823 2156 3151 2209 defensorem
3183 2157 3541 2211 Ecclesiarum
3577 2172 3678 2210 nos
3720 2157 3835 2212 fecit

2260 2245 2533 2310 Dominus,
2585 2262 2650 2297 ne
2676 2246 2854 2315 gracie
2879 2244 2994 2313 ejus
3024 2245 3296 2298 videamur
3321 2260 3438 2298 esse
3475 2247 3696 2312 ingrati,
3725 2260 3830 2299 ser-

2258 2335 2448 2388 vicium
2475 2334 2590 2403 ejus
2615 2347 2976 2406 augmentare,
3009 2336 3143 2388 bene
3172 2344 3226 2388 et
3265 2345 3569 2402 Opportune
3598 2335 3831 2389 instituta

2258 2424 2599 2489 conﬁrmare,
2624 2424 2952 2478 emendanda
2978 2423 3286 2487 reformare,
3337 2433 3390 2477 et
3420 2425 3610 2478 sedata
3636 2426 3834 2494 ubique

2258 2517 2546 2584 discordia,
2582 2531 2786 2583 pacem,
2819 2515 3154 2570 concordiam
3185 2528 3237 2570 et
3267 2516 3709 2584 tranquillitatem
3742 2532 3833 2569 nos

2259 2616 2469 2678 Oportet
2497 2616 2816 2662 restaurare.
2875 2607 3074 2662 Idcirco
3102 2616 3282 2660 notum
3311 2608 3381 2660 sit
3417 2608 3669 2661 omnibus
3705 2607 3832 2661 ﬁde-

2263 2696 2399 2749 libus
2427 2697 2622 2750 nostris
2654 2697 2986 2764 presentibus
3027 2697 3228 2750 scilicet
3257 2707 3309 2750 et
3342 2697 3553 2762 futuris,
3609 2696 3835 2763 qualiter

2261 2789 2383 2843 Etto
2410 2789 2723 2843 venerabilis
2752 2797 2936 2844 sancte
2974 2789 3376 2857 Argentinensis
3435 2789 3678 2843 Ecclesia
3722 2791 3834 2855 epi-

2258 2893 2470 2946 scopus,
2519 2895 2694 2932 secum
2720 2879 2987 2933 adducens
3015 2876 3335 2948 apostolicos
3381 2879 3572 2934 virosi
3619 2879 3836 2934 Lullum

2261 2970 2625 3038 Moguntinum
2673 2970 3134 3039 metropolitanum
3179 2979 3234 3023 et
3277 2969 3538 3024 Joannem
3571 2971 3840 3024 Constan-

2184 3088 2229 3150 Ο
2261 3061 2480 3113 tiensem
2513 3060 2840 3126 episcopum,
2890 3075 3067 3115 coram
3099 3061 3281 3114 multis
3311 3061 3688 3116 celsitudinem
3742 3078 3836 3115 no-

2255 3158 2418 3202 stram
2449 3149 2598 3212 adiit,
2647 3149 2892 3204 ﬂebiliter
2928 3155 3263 3218 conquerens
3307 3165 3527 3204 suorum
3574 3152 3836 3221 quosdam

2251 3248 2645 3294 antecessorum
2690 3242 3060 3310 episcoporum
3090 3242 3291 3295 scilicet
3319 3256 3440 3294 cum
3470 3240 3581 3295 suis
3609 3243 3835 3310 quibus-

2253 3329 2371 3383 dam
2404 3330 2703 3397 canonicis,
2747 3331 3027 3398 prepositis
3053 3331 3313 3395 videlicet,
3345 3332 3589 3395 decanis,
3612 3332 3842 3387 edituis.

2256 3421 2566 3474 camerariis
2595 3459 2610 3484 ,
2660 3421 2968 3474 cantoribus
3003 3429 3056 3473 et
3091 3419 3425 3474 scholasticis
3473 3421 3837 3475 ecclesiastica

2255 3519 2515 3578 potestate
2564 3521 2764 3563 tantum
2794 3510 2959 3576 abuti,
2995 3519 3051 3563 tit
3075 3525 3193 3563 cum
3233 3509 3489 3564 deberent
3536 3511 3841 3564 simoniace

2260 3604 2458 3657 heresis
2503 3603 2614 3656 veri
2663 3603 3041 3669 exstirpatores
3070 3615 3208 3665 esse,
3267 3601 3634 3669 imprudenter
3657 3601 3838 3656 enecti

2257 3692 2628 3760 siutinjuriosi
2677 3691 3005 3744 defensores.
3063 3689 3190 3744 Nam
3241 3690 3294 3744 in
3343 3689 3566 3744 dacioue
3596 3693 3836 3757 prebeno

2257 3784 2442 3836 darum
2494 3785 2592 3835 sub
2637 3781 2930 3836 oblaciouis
2963 3782 3175 3835 nomine
3222 3781 3370 3848 quasi
3419 3796 3515 3849 pro
3559 3781 3839 3835 communi

2259 3874 2480 3928 utilitate
2535 3873 2793 3927 inﬁnitam
2837 3873 3109 3939 pecuniam
3163 3871 3474 3941 exigebant,
3538 3887 3703 3939 quam
3735 3886 3842 3924 non

2258 4040 2348 4090 no,
2377 4024 2600 4079 Carolus
2625 4024 2841 4094 Magnus
2870 4025 3129 4079 Neustrlre
3184 4033 3238 4076 et
3283 4020 3600 4094 Burgundiae
3652 4021 3843 4089 regnis

2257 4089 2586 4149 Austrasiam
2605 4089 2898 4163 conjunxit,
2917 4105 2964 4148 et
2991 4095 3128 4147 inter
3151 4107 3342 4145 annum
3362 4089 3493 4163 774,
3515 4105 3647 4163 quo,
3670 4106 3740 4144 ex
3751 4107 3844 4158 pu-

2255 4173 2410 4234 gnata
2444 4165 2622 4233 Papia,
2654 4162 2915 4231 captoque
2959 4163 3232 4234 Desiderio
3259 4176 3408 4234 rege,
3436 4162 3658 4234 titulum
3696 4163 3844 4234 regis

668 4212 694 4251 ιι
720 4212 884 4286 llodie
915 4214 1058 4268 rivus
1090 4214 1269 4280 ﬂaret,
1296 4217 1446 4286 cujus
1469 4219 1639 4273 fontes
1664 4234 1767 4274 non
1785 4221 1964 4284 procul
1990 4237 2018 4274 a
2044 4223 2159 4277 fon-

597 4282 735 4336 tibus
761 4284 926 4336 stillae
947 4282 1374 4351 conspiciuntur,
1392 4289 1528 4343 inter
1544 4291 1740 4342 rivulos
1772 4282 1894 4343 Still
1914 4301 1971 4345 et
2007 4292 2154 4344 Wich

597 4353 818 4426 medius,
877 4356 962 4420 qui
1024 4370 1184 4422 prope
1238 4357 1577 4426 Collegiatam
1642 4360 2051 4415 llaselacensem
2099 4363 2152 4415 in

598 4422 846 4474 liruscam
871 4437 930 4476 se
955 4434 1261 4490 ιπωοιριιτη.

597 4557 630 4568 η
667 4490 880 4571 ﬁlled-ie
925 4498 1121 4571 r.vt_i_|us
1161 4494 1307 4571 Wielt
1340 4509 1504 4571 prope
1552 4499 1726 4552 vicum
1758 4499 2148 4568 cognominem,

597 4559 780 4636 iisdem
813 4561 862 4636 i_u
895 4563 1128 4623 partibus
1160 4577 1221 4616 ac
1247 4559 1634 4632 llasela'orttts,
1663 4571 1715 4622 in
1747 4559 1994 4623 Bt'tiscam
2018 4559 2149 4636 quo;

594 4643 696 4696 que
727 4627 966 4696 illabens.

666 4697 702 4778 d_
725 4695 936 4779 Flttvius
969 4701 1198 4779 Brusclte
1233 4701 1286 4779 io
1308 4704 1584 4779 altissimis
1605 4717 1661 4762 et
1695 4705 2023 4779 confragosis
2050 4708 2155 4762 Vo-

593 4770 704 4833 gesi
730 4769 1034 4845 verticibus,
1062 4770 1210 4845 juxta
1242 4776 1414 4845 vicum
1456 4777 1566 4829 Sell
1619 4769 1926 4845 erumpens,
1961 4781 2153 4844 perluit

598 4848 758 4916 totam
817 4840 1002 4916 vallem
1057 4841 1565 4916 §eliirtneckiauaun
1613 4862 1731 4909 qua:
1777 4840 1811 4900 ᾖ
1860 4840 1921 4901 se
1953 4840 2149 4916 cogno-

596 4907 822 4959 minatur
855 4906 1222 4988 _Breusclttltal.
1277 4911 1401 4966 llazc
1442 4917 1606 4988 vallis
1633 4906 1734 4969 sex
1785 4919 1950 4971 leucis
1991 4906 2144 4988 longa

598 4989 705 5058 tota
737 4979 960 5058 petinet
989 4985 1052 5032 att
1083 4981 1391 5058 episcopum
1425 4987 1884 5058 Argentiueosem,
1913 4997 1965 5041 et
1989 4979 2145 5041 Διεξ-

593 5049 724 5128 tiam
765 5049 936 5118 jungit
988 5067 1106 5103 cum
1169 5049 1467 5120 principatu
1504 5049 1780 5110 'Salmensi
1845 5049 1899 5111 et
1956 5059 2149 5113 Lotha-

595 5133 779 5185 ringia.

671 5187 941 5265 {Carolus
971 5189 1469 5265 alagnussuccessit‘
1510 5195 1560 5247 in
1597 5212 1814 5265 regnum
1846 5198 2030 5252 Galliae
2058 5213 2151 5264 pa-

597 5260 661 5338 tri
693 5257 1148 5338 Plplll-Ond‘tgflllliilll
1175 5261 1245 5315 “2’s
1286 5265 1614 5338 Septembris
1643 5257 1766 5328 768,
1799 5271 1847 5320 in
1881 5270 2008 5322 urbe
2035 5257 2150 5321 No-

593 5330 849 5398 vio‘meusi
872 5330 903 5383 9
929 5330 1172 5384 Octobris
1201 5330 1438 5398 sequenti
1468 5351 1557 5388 rex
1583 5340 1932 5390 renuntiatus.

2257 4229 2730 4302 Langobardorum
2749 4235 2948 4288 chartis
2978 4235 3088 4288 suis
3133 4233 3373 4284 inseruit.
3436 4229 3546 4283 Hoc
3571 4229 3693 4302 jaru
3726 4233 3845 4283 edi-

2256 4297 2446 4358 derunt
2490 4303 2782 4364 Mabillon.,
2838 4304 3027 4356 Annal.
3061 4302 3383 4356 Benedictin.
3439 4297 3682 4362 ωηιξη,
3719 4314 3844 4368 pag.

2259 4372 2384 4437 699,
2437 4384 2491 4427 et
2544 4384 2662 4440 post
2713 4389 2832 4427 eum
2895 4375 3182 4436 Eccardus,
3241 4371 3444 4437 Urigin.
3500 4369 3853 4438 llabshurgo-

2184 4425 2233 4483 Ι)
2259 4425 2559 4510 insania;
2581 4425 2695 4512 pag.
2722 4425 2852 4498 ius.

2330 4533 2523 4587 h[nter
2567 4534 2929 4600 antiquissima
2988 4547 3171 4599 regum
3236 4529 3475 4600 Francia!
3523 4527 3648 4600 jura
3694 4530 3847 4600 apud

2261 4605 2470 4658 Alsatas
2490 4597 2750 4667 exercita,
2786 4603 2876 4672 jns
2907 4597 3119 4670 quoque
3147 4599 3394 4672 albinagii
3437 4597 3714 4668 (autsine)
3765 4600 3849 4650 hic

2262 4675 2565 4745 innotescit.
2589 4669 2802 4745 ΔΝοιιιιειὶ
2833 4669 3045 4739 quidem
3069 4672 3279 4745 charta!
3302 4669 3566 4745 ignorant,
3589 4681 3725 4745 rpm
3749 4684 3849 4745 au-

2261 4755 2366 4796 tem
2392 4743 2556 4809 ipsam
2585 4742 2689 4810 jam
2711 4737 2898 4794 octavo
2914 4743 3117 4810 sarculo
3163 4737 3343 4792 fuisse
3365 4737 3560 4790 nostris
3613 4737 3684 4789 in
3740 4739 3857 4790 oris

2261 4814 2526 4882 cognitam
2561 4813 2748 4879 probat
2777 4812 2876 4864 hoc
2897 4809 3072 4863 Caroli
3103 4819 3447 4877 praeceptum.

2332 4904 2346 4943 ί
2385 4903 2528 4956 llanc
2557 4904 2814 4961 chartam,
2846 4901 2937 4954 Sed
2966 4914 3233 4966 corrupte,
3264 4899 3543 4952 ediderunt
3572 4896 3860 4958 Schilter,

2257 4973 2308 5026 in
2336 4975 2474 5025 notis
2506 4978 2569 5024 ad
2595 4973 2893 5024 Chronicoii
2922 4970 3304 5034 Kmniishovii,
3339 4984 3456 5037 pag.
3483 4966 3610 5028 495,
3651 4969 3862 5032 Lnuig,

2261 5041 2914 5098 Iieit-hs.Arcltiv,contio.
2973 5058 3008 5105 t,
3054 5039 3194 5092 forti.
3244 5039 3295 5101 5,
3329 5054 3445 5106 pag.
3475 5037 3600 5106 ‘27:},
3673 5050 3734 5090 et
3787 5039 3862 5090 La

2262 5110 2452 5175 Guille,
2487 5111 2717 5164 Histoire
2745 5110 3019 5172 d'Alsace,
3053 5109 3278 5162 Primi-es
3303 5104 3339 5172 ,⁷
3368 5104 3484 5174 pag.
3523 5104 3606 5159 18.
3702 5107 3861 5159 Illam

2257 5183 2610 5249 descripserat
2640 5181 3046 5250 Ktcnigshovius
3076 5195 3139 5232 ex
3169 5179 3496 5250 nubentico,
3545 5176 3640 5250 qui
3701 5186 3860 5238 tunc...

2258 5263 2311 5304 et
2334 5254 2504 5304 adhuc
2534 5261 2770 5316 tempore
2804 5248 3223 5317 thpheliugii,
3258 5251 3308 5300 in
3341 5248 3604 5299 tabulario
3633 5250 3859 5300 summi

2252 5323 2467 5387 capituli
2517 5322 2918 5389 Argentincnsis
2963 5320 3227 5383 exStabat,
3262 5317 3420 5372 hodie
3465 5331 3578 5369 non
3606 5318 3866 5386 amplius

670 5395 687 5434 ί
726 5397 918 5474 [tegent
949 5395 1492 5474 Karolutnﬂhiemasse
1522 5409 1571 5459 in
1621 5406 1739 5461 villa
1789 5423 1908 5474 quin
1952 5407 2149 5460 dicitur

2258 5403 2543 5458 superstes.

599 5465 916 5545 Theodtmis,
948 5471 1013 5522 ad
1043 5487 1132 5522 an.
1166 5473 1266 5526 773
1296 5483 1556 5545 teSIantur
1603 5465 1830 5545 Annales
1861 5477 2144 5542 Metenses,
2324 5478 2336 5527 ἱ
2383 5479 2454 5532 De
2469 5479 2617 5532 Lullo
2639 5479 2944 5545 Moguntino
2965 5476 3361 5544 archiepiscopo
3379 5473 3868 5545 legeSerrari.

594 5537 1104 5617 aphtliiouquetum,
1149 5551 1276 5595 tom.
1311 5543 1372 5606 V,
1410 5561 1526 5614 pag.
1558 5543 1681 5600 5-H.
1780 5607 1786 5613 κ
2133 5537 2143 5542 ⁷
2255 5549 2382 5602 Rer.
2417 5550 2672 5617 MogunL.
2708 5537 2798 5601 mi-
2831 5563 2902 5610 Ινς
2926 5563 3046 5617 1138-
3067 5537 3198 5610 δθλν
3223 5537 3351 5600 edi"
3384 5559 3398 5597 ¹
3427 5537 3528 5617 Ie}
3554 5537 3869 5617 93323.";

671 5609 695 5646 ³
723 5609 829 5662 lloc
860 5621 1177 5678 praeceptum
1202 5625 1280 5666 est
1307 5607 1424 5668 sine
1451 5607 1536 5668 die
1560 5607 1808 5670 etauuo‘:
1844 5617 2145 5683 ponendum

2251 5619 2378 5672 i-dit.
2400 5634 2458 5678 tt.
2483 5613 2538 5672 ei
2558 5619 2625 5671 de
2646 5619 2851 5682 Joanne
2871 5613 3036 5687 ep'isé.
3061 5617 3454 5673 Constantieusi
3477 5614 3618 5668 Call.
3649 5613 3872 5668 christ.

596 5691 724 5732 vero
751 5691 830 5734 est
851 5683 986 5735 inter
1017 5696 1213 5735 annum
1245 5685 1368 5748 ΤΗ,
1401 5700 1526 5752 quo,
1569 5695 1778 5740 montuu
1805 5687 2147 5742 Caroloman-

2253 5700 2384 5744 tum.
2421 5687 2481 5748 ν.
2513 5705 2632 5755 pag.
2664 5690 2788 5745 895.
