4034 6182
233 293 332 348 9:29

519 290 748 346 CODEX
787 288 1312 344 DII‘LOMATICUS.
1353 315 1422 326 --
1463 283 1874 340 PRIVILEGIA.
1917 315 1986 325 —
2023 286 2063 340 l.
2106 283 2354 341 PIlIVIL.
2397 284 2530 340 PER
2571 284 2844 340 GALLle
2886 286 3174 344 PARTES.

3377 289 3486 347 930

235 419 386 478 prout
415 421 547 474 opus
571 416 686 460 erat
735 405 1004 468 fratribus,
1053 403 1145 456 sed
1191 402 1484 458 secundum
1517 416 1801 470 paucorum
1831 399 1882 460 Δ
1907 413 2176 454 cessurum
2197 401 2444 454 acunctis
2465 398 2862 464 posessionibus
2893 399 3112 456 fratrum
3137 411 3482 473 sequestrari,

237 498 590 566 predictorum
611 497 958 558 voluntatem,
1013 494 1112 548 sibi
1147 503 1346 548 tantum
1371 495 1706 562 providentes
1725 501 1804 548 in-

238 598 318 641 ter
342 602 400 640 se
432 586 658 638 latenter
685 583 1018 638 dividebant.
1067 595 1090 622 θ
1140 584 1246 638 Sed
1291 597 1410 638 cum
1454 599 1613 636 omne
1640 598 1806 652 genus

234 675 459 730 simonie
509 673 576 726 ab
621 672 852 728 Adriano
895 687 1026 742 papa
1075 673 1290 740 suisque
1345 673 1808 741 prodecessoribus

234 763 599 828 dampnatum,
643 774 706 813 ac
733 760 1051 815 omnimodis
1079 771 1406 830 amputatum
1443 765 1806 830 cognovimus,

235 851 434 920 placuit
464 861 640 904 nostre
663 860 716 906 et
736 853 1029 906 astancium
1060 853 1412 920 providentia,
1446 855 1636 920 prefati
1661 855 1807 908 litto-

237 945 321 998 uis
347 943 578 1012 episcopi
603 946 870 1012 querelam
901 943 977 996 sic
1028 943 1268 998 modeste
1295 953 1350 998 et
1379 944 1580 998 utiliter
1607 952 1810 1010 tempe—

227 1049 380 1106 rare,
398 1049 462 1086 ne
475 1033 727 1087 utilitates
741 1031 978 1088 Ecciesie
995 1046 1210 1100 prorsus
1225 1031 1496 1086 videamur
1510 1032 1806 1100 destruere,

235 1125 322 1178 vel
355 1124 580 1178 decretis
604 1123 815 1176 Patrum
845 1133 1046 1178 temere
1075 1123 1364 1178 contraire.
1423 1123 1628 1189 Rogato
1653 1123 1810 1192 igitur

235 1225 462 1272 iratrum
498 1214 736 1282 ejusdem
763 1214 1017 1282 episcopii
1065 1223 1116 1266 et
1143 1212 1368 1267 consilio
1397 1213 1681 1267 multorum
1718 1227 1812 1279 pa-

235 1320 357 1360 cem
381 1313 436 1360 et
455 1303 792 1358 concordiam
823 1301 1178 1370 diiigentium,
1209 1316 1270 1358 ac
1298 1302 1517 1370 provido
1546 1316 1812 1356 consensu

231 1377 627 1466 episc0porum,
685 1394 818 1448 Lulii
877 1393 1128 1448 videlicet
1157 1393 1468 1462 Moguntini,
1525 1393 1729 1448 Ettonis
1758 1401 1812 1446 et

236 1487 480 1552 Joannis,
531 1484 814 1538 statuimus
839 1493 893 1536 et
925 1483 1088 1552 regali
1117 1491 1296 1536 nostra
1325 1483 1638 1536 auctoritate
1681 1495 1812 1534 con-

238 1576 590 1640 ﬁrmavimus,
621 1581 881 1641 quatenus
905 1571 1280 1640 ingredientes,
1329 1571 1372 1626 si
1400 1571 1544 1641 digni
1569 1570 1811 1638 judicen-

237 1679 324 1722 tur
353 1666 598 1732 scientia,
626 1664 862 1720 moribus
890 1671 946 1718 et
975 1677 1190 1734 genere,
1233 1677 1300 1716 ne
1339 1672 1630 1730 appareant
1660 1660 1810 1718 vacui

1911 498 1962 544 et
1995 503 2096 542 non
2127 491 2179 543 in
2213 487 2578 542 mansionibus
2625 489 2710 544 vel
2759 491 3248 556 pernoctationibus
3277 495 3482 562 uspiam

1905 580 1972 634 ab
1999 581 2076 634 eis
2107 579 2406 648 inquietari,
2435 580 2526 634 sed
2553 579 2668 634 sine
2697 581 2840 634 omni
2863 582 3034 636 futura
3066 585 3487 642 contradictione

1909 667 1960 720 in
1990 669 2238 736 prepositi
2290 679 2342 722 et
2373 669 2592 722 fratrum
2637 669 2984 737 dispositione
3041 687 3129 726 res
3176 674 3488 732 clanstraies

1907 753 2246 810 inconvulsas
2275 773 2512 812 manere.
2587 758 2642 812 Si
2670 761 2787 826 quis
2817 769 2993 814 autem
3021 761 3324 830 episcopos,
3357 765 3485 832 dux,

1905 843 2091 910 iudex,
2123 857 2332 914 potens,
2379 849 2458 902 vel
2499 850 2786 916 impotens,
2817 851 3066 918 spiritalis
3095 854 3176 907 vel
3201 855 3484 918 secularis,

1911 937 2010 989 hoc
2037 947 2218 992 nostre
2239 939 2602 1006 dispositionis
2651 951 2706 994 et
2754 944 3176 998 confirmationis
3213 947 3486 1000 decretum

1910 1038 2116 1082 mutare
2141 1037 2196 1084 et
2225 1028 2424 1083 violare
2453 1032 2833 1097 prosumpserit
2857 1043 2910 1086 et
2940 1037 3218 1088 memorati
3251 1036 3488 1105 episc0pi

1912 1117 2276 1182 possessiones
2300 1119 2557 1186 minuere,
2587 1130 2676 1174 aut
2701 1123 2834 1176 ullas
2848 1123 3143 1189 violentias,
3173 1127 3253 1181 vel
3280 1137 3490 1194 pertur-

1911 1205 2156 1260 bationes
2185 1223 2280 1276 pro
2307 1209 2389 1263 his
2417 1212 2631 1264 statutis
2657 1213 2854 1266 nostris
2879 1213 3130 1270 inchoare
3181 1219 3484 1278 tentaverit,

1911 1305 2126 1350 centum
2177 1297 2338 1352 libras
2382 1297 2498 1352 auri
2565 1301 2750 1368 optimi
2819 1303 3104 1369 persolvat,
3157 1305 3492 1362 medietatem

1917 1385 2043 1440 fisco
2097 1396 2280 1440 nostro
2309 1388 2520 1455 triginta
2545 1390 2572 1428 δ
2603 1391 3018 1446 archimandrite
3045 1393 3367 1461 Moguntina,
3417 1398 3496 1450 vi-

1913 1473 2046 1542 ginti
2077 1474 2454 1545 Argentinensi
2484 1478 2740 1534 Ecclesie.
2812 1479 2880 1534 Et
2913 1491 2968 1534 ιιι
3004 1483 3102 1538 hec
3125 1493 3308 1540 nostra
3333 1487 3496 1538 ﬁrmi-

1918 1563 2038 1615 tatis
2052 1565 2338 1618 auetoritas
2359 1566 2549 1622 melius
2561 1567 2892 1634 observetur,
2912 1586 3070 1626 manu
3087 1575 3296 1642 propria
3313 1577 3494 1630 subter

1919 1650 2267 1716 ﬁrmavimus,
2325 1654 2472 1708 etde
2517 1657 2712 1709 annulo
2764 1667 2945 1710 nostro
3001 1659 3196 1728 signari
3223 1661 3496 1729 iussimus.

237 1761 292 1814 in
325 1767 616 1828 conspectu
653 1755 882 1820 Domini,
914 1753 984 1810 de
1013 1753 1207 1818 aiiode,
1237 1765 1490 1822 quantum
1520 1752 1631 1808 Deo
1654 1751 1816 1820 inspi-
1852 1735 1890 1792 Β
1921 1739 2142 1828 Signum
2178 1743 2353 1796 Caroli
2387 1743 2758 1810 gloriosissitni
2782 1746 2936 1812 regis.
2989 1745 3259 1802 Gilbertos
3287 1751 3496 1804 cancel-

241 1860 404 1902 rante
443 1845 725 1906 voluerint,
755 1845 909 1898 matri
941 1843 1186 1904 Ecclesie
1207 1843 1398 1898 devote
1429 1841 1684 1906 tribuant,
1735 1842 1817 1894 vel

237 1941 282 1994 si
315 1939 420 1994 hoc
457 1936 702 2000 defuerit,
755 1945 956 2004 septem
987 1934 1148 1990 libras
1179 1933 1318 1988 illius
1348 1941 1560 1986 monete
1589 1931 1642 1986 in
1685 1932 1820 1986 cari-

239 2041 409 2084 tatem
436 2038 487 2082 et
508 2039 788 2081 commune
818 2023 1036 2078 fratrum
1068 2023 1404 2076 commodutn
1430 2022 1723 2076 voluntarie
1743 2023 1822 2074 of-

241 2120 441 2180 ferant,
501 2126 558 2170 ut
611 2116 732 2170 inde
765 2114 928 2170 nostri
976 2114 1282 2168 memoriam
1317 2120 1554 2180 agentes,
1596 2113 1823 2166 alacrius

241 2207 612 2262 consolentur.
663 2206 958 2274 Episcopus
987 2218 1112 2258 vero
1140 2213 1194 2258 et
1219 2205 1540 2272 prepositus,
1571 2219 1638 2258 ne
1667 2204 1823 2274 hujus

241 2297 486 2352 caritatis
535 2297 795 2350 immunes
845 2295 1168 2361 habeantur,
1211 2309 1330 2346 cum
1378 2295 1486 2348 sint
1525 2295 1724 2348 domini
1771 2303 1826 2356 et

241 2387 510 2456 magistri,
559 2386 728 2439 tribus
759 2385 942 2439 unceis
990 2385 1104 2438 auri
1146 2383 1432 2438 donentur.
1499 2383 1826 2452 Precipimus

243 2491 480 2546 quoque,
514 2491 580 2530 ne
607 2474 858 2530 defuncto
915 2475 1090 2544 priore
1130 2474 1342 2528 aliunde
1371 2477 1612 2540 veniens,
1641 2477 1736 2530 sed
1760 2476 1828 2538 de

243 2565 418 2632 ipsius
442 2565 671 2619 Ecciesie
687 2565 910 2634 gremio,
937 2567 977 2616 si
999 2564 1258 2632 reperitur
1279 2566 1500 2620 idoneus
1520 2567 1826 2636 episcopus,

245 2657 514 2725 eligatur;
567 2657 660 2709 sed
690 2655 732 2708 si
758 2655 936 2708 nullus
959 2654 1028 2708 ibi
1058 2653 1268 2724 dignus,
1299 2656 1436 2726 quod
1459 2657 1682 2711 minime
1712 2672 1830 2714 cre-

245 2748 454 2812 dimns.
513 2746 838 2811 inveniatur,
877 2759 1000 2800 tunc
1049 2748 1268 2816 primum
1301 2750 1434 2802 alter
1481 2750 1694 2802 aliunde
1745 2766 1828 2804 as-

247 2851 514 2902 sumatur,
550 2839 620 2891 ita
653 2849 826 2892 tamen
851 2851 916 2891 ne
959 2837 1194 2892 Ilomana
1221 2837 1492 2906 maiestas,
1525 2840 1608 2892 vel
1640 2840 1830 2908 regalis

249 2930 430 2982 homi'r
457 2927 778 2984 offendatur.
849 2929 1016 2996 Quem
1047 2931 1204 2984 talem
1236 2944 1356 2983 esse
1385 2945 1689 2996 censemus,
1740 2931 1830 3000 qui

1925 1827 2090 1882 larius
2119 1831 2184 1882 ad
2223 1833 2389 1884 vicem
2445 1831 2666 1884 iiitherii
2709 1835 3015 1902 recognovit
3061 1847 3114 1888 et
3169 1838 3498 1902 subscripsit.

1927 1933 1948 1960 ο
1985 1923 2168 1975 Datum
2201 1925 2252 1975 in
2278 1932 2464 1977 sancto
2490 1923 2577 1977 die
2605 1924 2824 1990 Pascite,
2881 1927 3042 1978 tercio
3089 1942 3256 1980 nonas
3279 1929 3496 1998 Aprilis,

1923 2008 1950 2047 ἀ
1974 2027 2111 2064 anno
2157 2013 2423 2066 Dominiee
2457 2013 2836 2066 incarnationis
2861 2012 2964 2065 774
2985 2054 3000 2078 ,
3063 2015 3350 2070 indictione
3373 2017 3504 2072 dno-

1925 2099 2150 2162 decirna,
2169 2115 2306 2154 anno
2325 2113 2474 2156 sexto
2492 2111 2742 2171 regnante
2763 2103 2958 2156 domno
2974 2113 3156 2158 nostro
3172 2107 3358 2162 Ca‘rttlo
3377 2107 3466 2174 gio
3480 2137 3494 2146 -

1927 2191 2217 2244 riosissimo
2267 2207 2408 2260 rege,
2453 2193 2566 2259 ipso
2615 2206 2746 2260 papa
2791 2191 3023 2246 Adriano
3053 2195 3268 2248 sedente
3295 2198 3344 2248 itt
3373 2198 3502 2252 sede

1927 2295 2042 2337 sua.
2089 2284 2273 2335 Actum
2308 2281 2494 2346 Rome,
2527 2284 2576 2334 in
2607 2283 2698 2335 Dei
2731 2281 2946 2336 nomine
2975 2282 3216 2338 feliciter.
3252 2287 3442 2338 Amen.

2653 2395 2790 2450 XVI.

2653 2395 2790 2452 XVI.

1932 2487 2250 2556 Praeceptum
2295 2487 2468 2542 Caroli
2507 2486 2693 2558 Μαριιὶ
2731 2503 2824 2555 pra
2867 2483 3172 2542 monasterio
3217 2483 3503 2544 A-nt'solensi

2541 2577 2704 2644 (anno
2741 2577 2888 2646 774).

2244 2683 2337 2747 (Ex
2369 2684 2428 2734 D.
2451 2685 2696 2746 Bouquet.
2719 2685 2926 2735 Recneii
2943 2685 3034 2736 des
3052 2685 3204 2750 Hist.)

2003 2768 2226 2824 Karoius
2251 2767 2415 2832 gratia
2433 2768 2524 2824 Dei
2547 2783 2638 2820 rex
2663 2767 3012 2830 Francorum,
3029 2771 3110 2823 vir
3133 2771 3376 2837 inlttster,
3397 2789 3514 2827 Oll-

1933 2857 2092 2912 ttibus
2123 2855 2365 2910 ﬁdelibus
2388 2856 2581 2908 nostris
2603 2865 2710 2908 tant
2741 2857 3088 2923 prtesentihus
3107 2875 3262 2926 quam
3289 2871 3344 2914 et
3371 2863 3514 2917 ιιιιυ-

1936 2949 2030 3002 ris.
2089 2947 2143 3000 Si
2171 2946 2272 3000 hoc
2291 2945 2430 3014 quod
2459 2953 2694 2998 rectores
2725 2945 2976 3000 Ecclesia
2999 2961 3092 3014 pro
3121 2952 3514 3016 opportunitate

251 3022 451 3072 habeat
479 3021 583 3072 vite
614 3019 880 3082 meritum,
933 3019 1192 3086 sapientie
1232 3020 1554 3086 doctrinam,
1606 3027 1826 3076 castita-

251 3121 363 3130 ι--.-
422 3109 759 3130 --L_!-n---_.-
842 3123 943 3130 η--
978 3110 1039 3130 .-2.
1075 3109 1402 3130 n--_L--I-_----
1478 3125 1575 3130 -.-_
1615 3111 1682 3130 Β--
1702 3127 1753 3130 -ρ
1780 3129 1786 3130 κ

1938 3037 2322 3094 venerabilium
2349 3035 2584 3090 iocorum
2610 3037 2746 3090 inter
2770 3051 2830 3092 se
2863 3047 3280 3103 commutantur,
3311 3041 3510 3095 nostris

251 3121 389 3172 tem,
421 3109 784 3172 sobrietatem,
842 3123 946 3162 non
977 3110 1044 3162 sit
1075 3109 1427 3174 turbulentus,
1476 3125 1580 3164 non
1615 3111 1827 3166 iracun-

249 3199 383 3264 dus,
409 3207 462 3252 et
503 3209 696 3266 quanto
724 3199 888 3268 magis
918 3207 1228 3263 extraneos,
1256 3207 1400 3252 tanto
1427 3201 1622 3252 melius
1651 3215 1831 3254 mora-

253 3299 370 3356 tus,
403 3287 649 3356 providus
675 3296 728 3340 et
748 3287 1130 3352 consideratus,
1156 3301 1251 3341 nec
1283 3290 1494 3341 Patrum
1519 3289 1832 3346 traditiones

251 3380 606 3442 destruendo,
654 3378 808 3432 alicui
845 3379 933 3432 fiat
962 3377 1193 3432 offensus
1222 3379 1303 3432 vel
1337 3381 1609 3434 molestus.
1672 3382 1832 3436 Volu-

253 3482 384 3520 mus
415 3475 679 3536 pretereat
706 3481 790 3520 res
815 3467 1075 3536 presentis
1100 3469 1338 3536 episcopi
1371 3483 1689 3540 suorumque
1715 3487 1834 3526 suc-

331 3634 364 3662 u
391 3619 444 3673 in
467 3619 690 3688 epistola
713 3621 780 3674 δι
807 3619 1022 3675 Adriani
1050 3635 1198 3690 papa
1225 3621 1290 3676 ad
1317 3623 1566 3677 domuum
1589 3625 1836 3680 Caroiurn

254 3705 448 3760 regem
478 3689 700 3764 directa,
720 3691 879 3764 apud
902 3689 1252 3764 Bouquetutn,
1303 3705 1408 3748 tom
1441 3693 1504 3758 V,
1553 3709 1674 3764 pag.
1706 3693 1837 3762 579,

257 3759 508 3832 quaeest
535 3760 603 3814 85
629 3762 680 3832 in
710 3759 957 3832 Carolina
987 3762 1202 3828 Codice,
1235 3767 1346 3816 haec
1377 3759 1650 3832 leguntur":
1694 3783 1712 3815 t
1734 3759 1839 3822 Nos

257 3829 508 3884 omnium
548 3830 892 3883 ecclesiarum
923 3835 1238 3895 pastoralem
1267 3829 1447 3886 curaui
1478 3835 1730 3888 habentes
1760 3836 1842 3888 di-

257 3901 394 3954 vina
415 3899 706 3966 praedicare
730 3909 986 3966 praecepta
1013 3915 1116 3952 non
1147 3901 1370 3954 sinimus
1399 3903 1464 3955 de
1487 3905 1843 3959 Consecratio-

257 3970 372 4042 ιιίε⁸
391 3967 538 4042 vitio,
563 3969 702 4042 quod
735 3971 786 4022 in
817 3969 1052 4042 partibus
1092 3969 1255 4024 Italiae
1291 3978 1348 4024 et
1372 3971 1578 4028 Tusciae
1607 3987 1702 4042 per
1729 3974 1844 4028 bat-

259 4037 780 4108 resinsimoniacam
810 4037 886 4100 Iit,
919 4049 1022 4108 etc.
1053 4056 1073 4089 ι
1107 4075 1124 4108 ,

337 4107 368 4179 ξ’
405 4105 842 4160 Archimandritae
871 4107 998 4162 olim
1042 4105 1176 4176 apud
1205 4108 1419 4164 Graecos
1444 4110 1848 4179 appellabantur

261 4177 495 4232 abbates
517 4179 818 4248 generales,
846 4192 939 4231 seu
963 4179 1228 4245 principes
1259 4177 1659 4246 monachorum,
1707 4181 1849 4248 quod

263 4261 468 4302 nomen
499 4246 620 4300 dein
650 4248 1062 4315 archiepiscopis
1085 4249 1182 4301 fuit
1209 4251 1676 4304 communicatum.
1727 4246 1848 4303 ‘Da-

263 4317 527 4394 gobfrtus
564 4315 844 4394 episcopus
875 4318 1238 4394 Dituricensis,
1282 4319 1341 4394 in
1373 4321 1556 4394 charta
1586 4321 1714 4394 anni
1743 4319 1850 4394 9;}0

1935 3128 2164 3184 oraculis
2187 3126 2592 3186 conﬁrmamus,
2649 3125 2846 3194 regiam
2889 3129 3332 3184 consuetudinem
3357 3146 3516 3186 eser-

1933 3229 2138 3282 cemus,
2181 3227 2234 3270 et
2265 3215 2318 3269 id
2349 3216 2400 3270 in
2431 3216 2762 3282 postmodum
2813 3215 2934 3284 jure
2965 3216 3268 3273 ﬁrmissimo
3299 3237 3514 3276 mansu-

1937 3321 2054 3362 rum
2077 3319 2198 3362 esse
2217 3305 2502 3360 credimus.
2558 3305 2717 3372 igitur
2741 3316 2924 3360 notum
2949 3307 3018 3361 sit
3049 3309 3286 3363 omnium
3311 3322 3517 3366 vestro-

1938 3412 2056 3450 rum
2083 3395 2452 3466 magnitudini,
2483 3396 2708 3464 qualiter
2743 3398 2838 3450 viri
2887 3399 3216 3454 venerabiles
3247 3401 3512 3457 Meroidus

1939 3483 2290 3540 Cenomannis
2321 3484 2466 3540 urbis
2511 3485 2813 3554 episcopus,
2869 3496 3028 3556 atque
3061 3488 3400 3558 itabigaudus
3445 3507 3511 3546 ex

1941 3638 2190 3694 refutavit
2231 3639 2549 3692 Schatenns.
2604 3635 2786 3690 IEram
2811 3637 3184 3706 Dionysianam
3235 3656 3373 3694 anno
3404 3639 3513 3695 555

1942 3709 2288 3776 compositam
2331 3723 2434 3760 non
2465 3707 2642 3760 statim
2675 3709 2724 3760 in
2763 3709 2961 3761 chartis
3003 3709 3283 3762 admissam
3333 3711 3512 3777 luisse,

1941 3780 2034 3834 sed
2059 3781 2214 3846 longo
2253 3787 2371 3845 post
2399 3789 2635 3844 tempore
2659 3777 3010 3846 introductam
3042 3793 3222 3832 verum
3253 3792 3364 3834 est:
3420 3785 3515 3834 sed

1942 3863 2062 3904 cum
2095 3845 2394 3916 priciigatur
2442 3845 3064 3917 conciliis_Gertn:}_nico,
3119 3849 3420 3917 Leptinensi
3460 3862 3516 3906 et

1944 3913 2313 3972 Suessionensi
2345 3931 2599 3968 annorum
2627 3914 2729 3966 745
2747 3925 2800 3967 et
2829 3913 2952 3984 744.
2981 3929 3076 3968 cur
3099 3913 3208 3968 non
3235 3921 3400 3984 p_0iuil
3419 3917 3520 3972 Ca-

1947 3988 2091 4041 rolus
2121 4001 2238 4038 eam
2261 3987 2311 4038 in
2327 3985 2615 4051 diplomate
2631 3997 2769 4035 anno
2792 3983 2896 4036 774
2912 3983 3184 4041 adhibere.
3213 3983 3354 4047 Illam
3379 4003 3520 4043 anno

1947 4057 2054 4110 783
2082 4054 2323 4108 adhibuit
2349 4056 2404 4106 in
2435 4054 2739 4122 authentico
2767 4053 3058 4120 diplomate
3089 4069 3184 4122 pro
3213 4057 3434 4116 Metensi
3457 4061 3515 4110 S.

1949 4128 2208 4192 Arnulphi
2231 4125 2497 4184 ctenobio,
2513 4123 2651 4188 apud
2671 4121 2935 4184 Meuriss.,
2963 4122 3010 4176 ll
3020 4121 3190 4178 istoin:
3211 4127 3296 4178 des
3313 4127 3522 4192 éuéques

1949 4197 2012 4248 de
2039 4191 2194 4258 Meis,
2230 4208 2348 4261 pag.
2377 4193 2497 4264 i_79_,_
2531 4203 2585 4264 et
2613 4191 2958 4264 iioutptetunt,
2987 4201 3117 4264 tutu.
3153 4193 3214 4260 ν,
3245 4210 3364 4264 pag.
3395 4191 3522 4250 7-i8.

1950 4265 2099 4330 Quod
2123 4269 2280 4316 etiam
2309 4267 2374 4332 de
2395 4261 2682 4314 indictione
2704 4263 3008 4315 dicendum.
3058 4262 3172 4316 Non
3198 4261 3354 4332 igitur
3385 4265 3518 4318 falsa

1953 4335 2055 4388 dici
2089 4341 2260 4400 potest
2284 4331 2464 4386 charta
2494 4346 2612 4398 qua:
2643 4345 2828 4384 novem
2855 4339 2979 4386 ante
3003 4345 3172 4385 annos
3204 4331 3388 4386 iisdem
3415 4336 3526 4388 for-

265 4385 704 4471 Se_Btturicensis
727 4386 1452 4471 ecclesia:archimandritatn
1472 4390 1736 4471 inscribit:
1794 4389 1846 4446 in
1878 4401 1933 4462 ι)
1956 4385 2110 4456 ﬁniti;
2143 4385 2356 4471 sitnsa.
2413 4385 2622 4471 Rev-era
2643 4402 2820 4458 omnia
2852 4385 2967 4454 fere
2996 4385 3282 4468 diplomata
3309 4385 3522 4471 quaead

267 4455 544 4530 tabulario
574 4455 814 4530 ecclesiae
843 4455 1683 4530 Gr-atiortopolitana:_Amhlardus
1709 4459 1850 4530 Lug-

265 4525 540 4612 dunensis
567 4524 988 4612 architnandri‘ta
1021 4527 1238 4612 dicitur.
1299 4526 1416 4612 Alia
1449 4529 1570 4582 vide
1586 4524 1852 4612 hex-cmp'la

267 4607 400 4663 qua
419 4594 545 4646 citat
567 4594 798 4662 Cangius
819 4595 868 4646 in
897 4595 1184 4660 Glossario,
1225 4605 1332 4650 tom
1361 4597 1402 4660 i,
1435 4611 1552 4665 pag.
1583 4597 1696 4652 657.
1770 4594 1779 4596 “

345 4659 634 4738 _¢_Caroius
681 4675 804 4716 tunc
849 4663 1029 4720 Roma:
1061 4665 1426 4738 i’as_cha_cum
1460 4667 1692 4738 Adriano
1721 4681 1853 4738 papa

269 4730 596 4793 celebravit,
625 4741 682 4784 ut
713 4739 971 4786 testantur
1001 4734 1231 4787 Annales
1260 4733 1584 4788 Francorum
1623 4730 1858 4790 Fuideit-

269 4815 392 4874 ses,
437 4801 576 4866 apud
621 4800 970 4874 Bouqu_cturn,
1002 4812 1132 4857 tom.
1163 4803 1226 4870 V,
1277 4817 1397 4874 pag.
1428 4803 1550 4858 528.
1625 4807 1856 4860 Annales

273 4871 572 4936 bletenses,
617 4871 756 4938 apud
787 4871 1084 4937 Ducitesne,
1128 4881 1260 4926 tom.
1293 4871 1369 4937 ii;
1404 4884 1458 4930 et
1496 4875 1606 4928 alii.
1651 4874 1854 4929 ibidem

273 4952 496 5006 quoque
518 4938 773 4993 solemnis
798 4953 1006 5007 peracta
1036 4951 1118 4996 est
1137 4943 1373 5008 donatio,
1423 4959 1578 5012 quam
1609 4943 1736 5000 fecit
1752 4945 1855 5000 Ca-

275 5009 435 5060 rolus
466 5007 714 5061 Ecclesia:
739 5007 1007 5068 Romanae,
1043 5019 1097 5064 ut
1127 5019 1306 5065 narrat
1329 5012 1634 5067 Anastasius
1663 5015 1714 5067 in
1739 5013 1854 5068 Vita

275 5051 368 5130 In
375 5051 714 5150 hirti—fons;
730 5051 1240 5147 éb'dii'iiiia’qo'étiiitii
1250 5051 1638 5150 "titiﬁl'"v',".i§{.
1657 5051 1784 5138 Iet'.

357 5144 398 5218 ‘_'_
417 5146 542 5218 iiatc
569 5144 702 5200 inter
721 5144 932 5203 chartas
949 5144 1210 5218 Alsaticas
1235 5151 1398 5217 prima
1433 5144 1535 5204 est
1551 5144 1670 5218 qua:
1704 5153 1861 5207 habet

280 5213 711 5288 indictionemet
739 5231 933 5274 annum
981 5213 1384 5274 incarnationis.
1412 5287 1419 5288 ί
1467 5213 1862 5288 Papebrocltius

279 5292 340 5355 et
375 5283 464 5355 alii
499 5286 580 5339 vel
627 5285 780 5354 falsa,
821 5289 902 5342 vel
953 5289 1264 5355 interpolata
1311 5283 1636 5342 arbitrantur
1684 5291 1859 5348 omnia

281 5352 580 5423 diplomata
597 5371 714 5423 quae
744 5352 867 5412 ante
891 5352 1214 5412 annum-800
1240 5373 1398 5410 teram
1428 5357 1784 5412 Christianam
1808 5369 1862 5414 et

283 5420 635 5496 indictionem
652 5427 1020 5494 praeseferuot.
1054 5445 1072 5478 ι
1097 5427 1205 5482 Hac
1226 5437 1402 5492 aetate,
1426 5428 1594 5495 inquit
1612 5427 1862 5496 Eckhart,

283 5489 746 5570 gotntnentar.:de
768 5499 926 5550 rebus
941 5496 1178 5570 Francia:
1189 5489 1482 5570 orientalis,
1501 5489 1640 5570 tom.
1657 5496 1722 5570 il,
1746 5489 1864 5570 pag:

285 5557 392 5638 ξὲβ.
412 5565 728 5638 gertasedet
747 5567 1033 5638 sententia,
1055 5581 1249 5638 annum
1277 5557 1658 5638 incarnationis
1683 5557 1734 5622 in
1747 5557 1870 5638 ’νυ-’ὁ-

290 5628 386 5682 bis
407 5627 576 5688 Caroli
602 5635 800 5690 chartis
831 5649 932 5690 non
975 5627 1216 5693 inveniri.
1257 5655 1276 5688 ι
1342 5636 1486 5704 Quos
1531 5651 1718 5694 omnes
1755 5627 1866 5706 jam

1957 4487 2044 4527 res
2073 4470 2514 4542 monasteriorum
2547 4469 2974 4542 privatarumque
3026 4469 3366 4542 personarum
3399 4488 3523 4542 per-

1959 4542 2144 4604 tinent,
2175 4541 2224 4592 in
2249 4538 2478 4608 secunda
2501 4552 2680 4608 regunt
2711 4538 3086 4605 stirpc‘carent
3106 4541 3256 4594 annis
3280 4538 3528 4598 incarna-

1957 4612 2116 4664 tionis
2152 4619 2204 4662 et
2229 4607 2580 4662 indictionis.’
2618 4609 2719 4661 Sed
2766 4609 2979 4664 adnotat
3011 4610 3302 4672 Mabiilon.,
3349 4612 3417 4666 de
3446 4611 3527 4668 Re

1959 4679 2324 4746 diplomatica,
2357 4693 2474 4745 pag.
2511 4677 2628 4742 189,
2662 4680 2916 4732 nonnulla
2943 4694 3062 4747 qua:
3093 4683 3354 4735 solemnia
3381 4685 3527 4737 fuere

1957 4758 2012 4805 et
2027 4749 2313 4820 Ecclesium
2333 4747 2412 4820 vel
2435 4763 2649 4820 regnum
2672 4749 3005 4820 spectabant,
3033 4764 3152 4804 cum
3168 4754 3321 4806 annis
3346 4767 3528 4820 regum

1958 4821 2236 4886 adiunctos
2269 4817 2464 4870 trahere
2493 4817 2871 4886 incarnationis
2893 4833 3080 4873 annos.
3141 4820 3282 4874 Idem
3311 4817 3530 4873 adnotat
3625 4829 3632 4834 ‘

1962 4884 2248 4950 Besseiius,
2279 4887 2524 4940 Chronit-i
2548 4884 2898 4955 Gotwicens.,
2951 4899 3078 4942 tom.
3113 4889 3154 4955 i,
3189 4891 3282 4941 lib.
3315 4903 3372 4952 ll,
3406 4903 3528 4956 pag.

1963 4959 2087 5022 155,
2133 4957 2290 5022 idque
2347 4957 2487 5009 clare
2533 4959 2810 5010 enuntiarit
2853 4969 3096 5010 auctores
3147 4957 3330 5010 Gallici
3376 4973 3526 5010 novae

1968 5028 2356 5093 Diplomaticat,
2403 5033 2534 5078 tom.
2568 5025 2655 5090 Vi,
2699 5039 2816 5093 pag.
2850 5023 2973 5076 442.
3010 5043 3028 5076 t
3058 5025 3155 5078 Le:
3195 5025 3442 5093 diplomas
3470 5027 3534 5078 de

1967 5097 2358 5164 f.‘harlesmagne
2375 5093 2515 5148 dates
2535 5097 2598 5146 de
2625 5095 2904 5148 i‘indt‘cu’on
2925 5105 2971 5146 et
2994 5095 3083 5147 des
3104 5098 3286 5148 années
3312 5095 3372 5147 de
3401 5095 3532 5148 l’ln-

1966 5163 2420 5231 εανηαιὲοηίαυαηι
2441 5175 2485 5216 et
2509 5164 2683 5231 depuis
2705 5163 2834 5232 qu'il
2856 5166 2934 5232 [ut
2955 5177 3236 5231 empereur,
3258 5179 3320 5216 ne
3334 5165 3535 5220 doivent

1965 5237 2106 5306 point
2127 5235 2232 5287 étre
2259 5235 2462 5306 reicies,
2485 5233 2529 5306 si
2549 5233 2808 5306 d’aiilettrs
2833 5235 2899 5284 iis
2921 5248 2982 5284 ne
3003 5243 3115 5284 sont
3145 5249 3235 5302 pas
3257 5234 3532 5299 reprehen-

1969 5301 2170 5360 siblesn
2241 5302 2502 5370 Quidquid
2533 5303 2603 5354 sit
2631 5301 2698 5356 de
2729 5303 2825 5354 hac
2848 5301 3232 5363 controversnt,
3287 5317 3403 5370 quat
3429 5315 3534 5358 stat

1973 5390 2070 5444 pro
2099 5389 2238 5427 anno
2263 5371 2655 5444 incarnationis,
2683 5371 2852 5444 nulla
2890 5371 3186 5444 remanebit
3227 5371 3534 5441 difficultas,

1973 5439 2017 5496 si
2047 5444 2252 5496 dicatur
2295 5453 2453 5495 trram
2501 5439 2854 5492 Christianam
2908 5450 2962 5492 et
3010 5440 3347 5494 indictionem
3377 5439 3532 5498 manu

1976 5513 2269 5581 posteriore
2292 5513 2342 5582 in
2367 5513 2674 5582 apographo
2689 5507 3138 5582 fuisseinsertam,
3169 5524 3289 5564 cum
3319 5513 3534 5582 reliqua:

1979 5577 2094 5636 alite
2125 5581 2360 5635 formula:
2390 5577 2615 5646 diploma
2638 5577 3060 5648 Carlovingicum
3087 5579 3361 5635 tienotcnt.
