4034 6182
528 227 622 283 951

1413 221 1470 276 Β.
1499 220 1746 277 CAROLI
1793 220 2002 276 MAGNI
2043 221 2193 277 OPP.
2239 222 2415 280 PARS
2454 223 2498 281 1.
2539 221 2785 281 SECTIO
2823 221 2885 277 ll.

3685 223 3813 279 9'59.

528 345 742 403 Anisola
793 339 1115 397 monasterio
1161 337 1326 392 abbas
1371 337 1438 391 ad
1469 348 1703 392 nostram
1763 349 2101 393 accesserunt
2132 345 2176 398 Α
2208 340 2306 394 hoc
2337 342 2488 395 nobis
2518 341 2582 395 ad
2625 339 2890 396 mercedis
2917 345 3261 408 augmentum
3311 341 3392 395 vel
3445 339 3809 396 stabilitatem

527 434 886 505 praesentiam,
917 438 1216 486 asserentes
1240 442 1299 483 se
1329 442 1422 496 pro
1451 429 1871 496 opportunitate,
1912 431 2104 484 amba-

525 542 645 582 rum
675 524 897 594 partium
930 537 1015 576 res
1039 519 1288 574 Ecclesiae
1319 521 1455 572 inter
1484 533 1542 573 se
1562 521 1934 585 concamiare;
1967 519 2106 574 unde

526 626 581 671 et
615 617 754 683 ipsas
777 609 1220 668 commutationes
1254 611 1512 663 bonorum
1546 611 1818 664 hominum
1853 610 2104 663 manibus

527 713 804 764 roboratas
829 708 881 760 in
913 704 1157 774 praesenti
1203 703 1551 758 ostenderunt
1604 703 1882 770 legendas:
1933 701 2021 755 ubi
2054 710 2108 754 et

527 798 871 870 cognovimus
897 797 1130 867 qualiter
1180 795 1330 850 dedit
1364 805 1419 848 et
1469 804 1795 847 memoratus
1826 792 2107 860 episcopus

527 891 595 944 de
625 891 828 943 ratione
857 888 912 942 8.
941 885 1180 940 Gervasii
1213 883 1518 951 ltabigando
1548 881 1726 935 abbati
1771 881 1837 935 ad
1889 894 2020 948 opus
2047 881 2104 933 S.

524 982 755 1046 Carileﬁ,
796 979 918 1034 villa
967 978 1054 1033 illa
1103 991 1221 1045 qua:
1271 985 1490 1030 vocatur
1523 974 1845 1031 Sabonarias
1884 973 1937 1027 in
1969 988 2104 1042 pago

523 1070 938 1134 Cenomannico,
975 1070 1027 1123 in
1058 1067 1272 1124 condita
1307 1067 1652 1130 Labrocinse,
1681 1079 1836 1132 quem
1878 1063 2106 1116 domnus

523 1163 791 1220 Senardus
820 1175 917 1215 suo
939 1173 1103 1228 opere
1127 1173 1158 1212 a
1189 1173 1330 1211 novo
1358 1156 1677 1218 construxit,
1708 1163 1764 1208 et
1790 1153 1988 1206 ibidem
2021 1166 2108 1205 re-

523 1253 770 1322 quiescit,
803 1266 923 1306 cum
953 1248 1200 1304 omnibus
1231 1247 1389 1302 rebus
1415 1245 1481 1298 ad
1512 1259 1570 1298 se
1594 1241 1977 1323 pertinentibus
2023 1240 2106 1292 vel

525 1343 928 1414 aspicientibus:
963 1342 1012 1396 id
1031 1348 1146 1408 test,
1175 1340 1421 1393 omnibus
1439 1336 1614 1399 terris,
1648 1333 1911 1397 domibus,
1940 1331 2107 1385 aediﬁ-

523 1439 639 1502 ciis,
689 1435 993 1500 accolabus,
1025 1430 1322 1500 mancipiis,
1369 1429 1498 1494 litis,
1547 1425 1773 1490 libertis,
1822 1431 1878 1477 et
1905 1420 2108 1476 beneﬁ-

521 1531 603 1585 cia
631 1529 1004 1599 ingenuorum,
1035 1523 1201 1579 vineis
1228 1531 1281 1576 et
1303 1521 1474 1587 silvis,
1505 1519 1729 1587 campis,
1761 1514 1924 1583 pratis
1951 1557 1963 1581 ,
2011 1526 2104 1581 pa-

524 1623 690 1684 scuis,
717 1623 869 1690 aquis
898 1631 1226 1687 aquarumve
1257 1614 1587 1679 decursibus,
1619 1610 1896 1666 mobilibus
1922 1616 1977 1664 et
2004 1609 2105 1660 im-

2209 433 2356 499 regni
2385 431 2551 486 nostri
2579 433 2848 500 pertinere
2868 429 3210 484 conﬁdimus.
3243 429 3576 499 Qttapmpter
3606 442 3810 485 notum

2208 523 2278 577 sit
2304 523 2542 576 omnium
2577 522 2812 576 ﬁdelium
2845 528 3152 575 nostrorum
3180 520 3814 591 magnitudini,qualiter

2209 627 2305 667 nos
2334 622 2387 666 et
2409 612 2641 680 conjunx
2683 622 2860 664 nostra
2892 610 3178 678 Hildegard
3212 611 3392 679 regina
3443 611 3512 668 ob
3551 627 3813 665 amorem

2209 703 2328 769 Dei,
2360 713 2412 757 et
2450 711 2645 757 nostra:
2669 716 2950 755 commune
2988 701 3249 755 mercedis
3298 713 3660 771 augmentum,
3699 703 3810 756 doc

2211 808 2400 846 namus
2428 793 2490 845 ad
2516 801 2912 846 sacrosanctam
2948 792 3230 846 ecclesiam
3258 792 3546 846 beatissimi
3573 793 3809 847 confes-

2210 885 2348 937 soris
2377 883 2433 937 8.
2471 883 2680 936 Martini
2712 893 2766 937 et
2796 884 3001 950 patroni
3033 883 3202 936 nostri
3229 882 3512 936 Turoniczn
3558 884 3812 938 civitatis

2212 982 2600 1033 constructam,
2635 971 2721 1024 ubi
2757 973 2868 1037 ipse
2898 972 3165 1040 pretiosus
3196 972 3420 1025 dotnnus
3442 988 3671 1040 corpore
3718 989 3811 1028 re-

2213 1063 2465 1130 quiescit,
2497 1071 2550 1113 et
2581 1059 2661 1114 vir
2681 1062 3003 1116 venerabilis
3029 1061 3319 1116 Guliardus
3379 1064 3512 1116 abba
3565 1079 3813 1132 praesse

2211 1149 2450 1214 videtur,
2490 1150 2852 1217 donatumque
2882 1151 2932 1203 in
2966 1161 3274 1219 perpetuum
3304 1152 3370 1205 atl
3398 1154 3641 1207 eumdem
3673 1168 3812 1205 san-

2211 1249 2355 1294 ctum
2389 1240 2586 1305 locum,
2619 1239 2702 1293 vel
2724 1239 2964 1309 ejusdem
3001 1241 3395 1309 congregationi
3419 1257 3575 1297 causa
3619 1244 3811 1298 vesti-

2212 1341 2518 1384 mentorum
2543 1343 2662 1383 esse
2685 1330 2979 1384 volumus:
3033 1331 3132 1385 hoc
3172 1341 3277 1397 est,
3325 1333 3490 1387 insula
3535 1349 3659 1388 cum
3705 1349 3809 1388 ca-

2213 1419 2374 1473 stello
2396 1419 2799 1484 Sermionense,
2822 1435 2939 1489 quas
2960 1431 3041 1474 est
3071 1421 3166 1474 sita
3198 1421 3251 1475 itt
3282 1423 3397 1478 lacu
3428 1424 3728 1491 Minciade,
3758 1436 3813 1480 et

2212 1517 2419 1562 curtem
2453 1511 2759 1577 piscariam,
2791 1524 2852 1565 ac
2889 1510 3109 1565 Lionam
3137 1525 3257 1565 cum
3305 1513 3548 1569 omnibus
3601 1516 3811 1572 ﬁnibus

2214 1606 2268 1652 et
2294 1597 2412 1667 ejus
2441 1598 2709 1664 terminis,
2741 1600 2880 1662 sicut
2907 1601 2959 1653 itt
2991 1600 3203 1668 publico
3231 1610 3286 1656 et
3315 1603 3378 1656 ad
3428 1605 3678 1671 palatium
3731 1609 3812 1659 vi-

522 1688 830 1774 mobilibus,
864 1707 1146 1771 farinariis,
1179 1705 1358 1776 gregis
1375 1718 1494 1758 cum
1512 1701 1835 1771 pastoribus,
1861 1699 2038 1752 omnia
2061 1705 2114 1750 et
2147 1688 2190 1748 Β
2217 1703 2336 1744 sum
2378 1699 2462 1744 est
2492 1691 2842 1758 pertinuisse,
2891 1700 2948 1746 et
2994 1691 3205 1748 inantea
3252 1695 3384 1748 itttra
3434 1696 3560 1750 ﬁsco
3618 1709 3812 1753 nostro

522 1819 590 1861 ex
618 1802 886 1862 omnibus.
916 1815 1041 1854 cum
1072 1798 1217 1853 omni
1248 1797 1578 1866 supelleCtile
1609 1793 1857 1865 quicquid
1883 1791 1986 1846 dici
2017 1799 2108 1844 aut

523 1893 789 1948 nominari
822 1900 1017 1960 potest.
1075 1889 1332 1945 Similiter
1379 1889 1492 1942 haec
1516 1895 1701 1940 contra
1722 1885 1786 1958 jn
1815 1897 2107 1952 cotnpenso

520 1985 667 2040 dedit
689 1983 798 2054 jam
829 1984 966 2037 fatus
989 1981 1329 2049 ltabi’gaudus
1360 1978 1428 2032 de
1451 1979 1656 2032 ratione
1691 1976 1860 2031 sancti
1891 1972 2105 2030 Carileﬁ

521 2073 762 2132 Meroldo
786 2073 1040 2143 episcOpo
1067 2071 1132 2126 ad
1171 2084 1307 2138 Opus
1336 2069 1396 2125 8.
1431 2069 1695 2133 Gervasii,
1723 2068 1845 2120 villa
1877 2079 1999 2136 qua:
2020 2081 2108 2119 vo-

520 2179 672 2224 catur
698 2166 1108 2222 (Iurte-Bosane
1155 2174 1210 2219 et
1261 2161 1829 2218 Monte-Ebretramno
1881 2159 1931 2213 itt
1973 2173 2108 2229 pago

519 2257 944 2324 Cenomannico,
993 2257 1045 2310 in
1077 2254 1291 2309 condita
1329 2254 1645 2317 Siliacense,
1690 2265 1814 2305 cum
1859 2249 2108 2304 omnibus

519 2349 840 2419 appenditiis
865 2350 996 2413 suis,
1011 2363 1131 2402 cum
1155 2347 1338 2410 terris,
1365 2344 1637 2411 domibus,
1669 2342 1928 2408 aediﬁciis,
1958 2356 2110 2396 man-

518 2441 696 2509 cipiis,
722 2439 852 2506 litis,
883 2438 1110 2504 libertis,
1135 2446 1190 2491 et
1218 2434 1473 2500 beneﬁcia
1507 2436 1882 2504 ingenuorum,
1914 2431 2103 2494 vineis,

519 2531 688 2592 silvis,
729 2529 957 2597 campis,
1005 2526 1188 2595 pratis,
1252 2527 1482 2594 pascuis,
1533 2527 1685 2594 aquis
1743 2537 2108 2594 aquarumque

517 2619 854 2684 decursibus,
921 2617 1207 2672 mobilibus
1271 2626 1327 2671 et
1388 2614 1772 2678 immobilibus,
1840 2611 2107 2682 peculium

519 2710 801 2779 utriusque
829 2722 989 2763 sexus
1018 2717 1123 2760 tam
1151 2705 1349 2775 majora
1380 2719 1541 2775 quam
1577 2702 1802 2768 minora,
1847 2701 2022 2756 omnia
2054 2710 2109 2756 et

519 2816 586 2857 ex
616 2801 864 2855 omnibus
889 2798 1139 2869 quicquid
1171 2798 1274 2852 dici
1298 2805 1354 2853 et
1381 2796 1642 2851 nominari
1677 2803 1851 2864 potest
1874 2795 1939 2848 ad
1973 2794 2108 2848 intc-

522 2907 696 2964 grum.
747 2890 851 2946 Sed
885 2905 980 2960 pro
1004 2890 1210 2959 integra
1261 2888 1510 2942 ﬁrmitate
1541 2887 1806 2956 petierunt.
1837 2885 1947 2956 jam
1978 2883 2105 2938 dicti

521 2982 617 3036 viri
647 2980 947 3037 celsitudini
989 2991 1207 3044 nostrae,
1241 2991 1297 3033 ut
1340 2980 1440 3033 hoc
1469 2988 1825 3045 pernostram
1863 2975 2110 3030 auctori-

524 3082 684 3128 tatem
705 3072 1030 3127 conﬁrmate
1057 3071 1398 3125 deberemus.
1450 3069 1686 3137 Quorum
1717 3067 1956 3136 petitioni
1987 3080 2109 3135 gra-
2139 3038 2184 3099 ο

529 3162 658 3214 tanti
683 3161 862 3215 animo
887 3160 957 3213 ita
986 3160 1296 3229 praestitisse
1318 3158 1398 3214 vel
1414 3161 1760 3212 conﬁrmas-se
1780 3158 2109 3227 cognoscite.

522 3249 905 3317 Pracipientes
935 3264 1064 3319 ergo
1104 3248 1356 3319 jubemus
1399 3257 1457 3302 ut
1507 3247 1755 3318 quicquid
1790 3261 1911 3315 pars
1942 3246 2109 3301 altera

521 3341 745 3397 contulit
771 3341 926 3411 parti,
950 3350 1042 3394 aut
1065 3351 1249 3395 contra
1281 3342 1330 3394 itt
1356 3340 1854 3409 recompensatione
1883 3337 2108 3407 recepit,

522 3434 592 3488 ah
637 3432 740 3487 hoc
785 3434 876 3487 die
922 3447 1017 3501 per
1067 3432 1205 3487 hanc
1242 3433 1616 3486 auctoritatem
1669 3433 1938 3499 inspectas
1967 3429 2109 3497 ipsas

523 3529 990 3590 commutationes,
1043 3526 1182 3581 sicut
1233 3542 1329 3594 per
1377 3541 1469 3579 eas
1496 3525 1817 3591 declaratur,
1851 3523 2102 3584 habendi.

526 3618 764 3680 tenendi,
795 3615 1179 3678 commutandi,
1210 3617 1291 3669 vel
1321 3614 1570 3683 quicquid
1594 3614 1792 3669 exinde
1823 3614 2110 3682 unusquis-

523 3721 628 3774 que
656 3706 796 3774 quod
819 3723 846 3758 a
879 3721 1003 3775 pare
1030 3721 1128 3759 suo
1165 3706 1392 3773 accepit,
1435 3708 1498 3757 ad
1531 3705 1824 3774 perfectum
1865 3707 2107 3773 ejusdem

526 3800 778 3855 Ecclesia:
833 3813 1086 3854 exercere
1119 3798 1362 3861 voluerit,
1407 3797 1632 3852 liberam
1663 3808 1714 3850 et
1744 3796 2105 3853 ﬁrmissimam

525 3893 578 3946 in
605 3891 852 3946 omnibus
903 3889 1133 3944 habeant
1165 3900 1503 3957 petestatem,
1552 3899 1606 3942 et
1656 3904 1827 3956 neque
1873 3888 1942 3942 ab
1977 3889 2108 3956 ipsis

525 3980 788 4049 praedictis
835 3979 985 4046 viris,
1046 3994 1218 4047 neque
1266 3994 1297 4032 a
1327 3977 1727 4034 successoribus
1758 3977 1967 4031 illorum
2001 3978 2108 4030 ullo

524 4088 772 4143 umquam
791 4083 1028 4141 tempore
1045 4072 1171 4140 ipsae
1185 4072 1627 4125 commutationes
1643 4070 1927 4123 violentur.
1957 4067 2108 4123 Unde

521 4164 655 4218 duas
683 4163 1132 4218 commutationes
1159 4176 1264 4215 uno
1295 4170 1478 4216 tenore
1505 4160 1832 4230 conscriptas
1861 4162 1970 4212 lieri
1990 4160 2107 4227 jus-

523 4256 713 4321 simus,
742 4269 875 4324 quas
902 4268 1061 4307 manu
1090 4254 1300 4322 propria
1331 4253 1676 4317 ﬁrmavimus,
1728 4261 1783 4306 et
1821 4251 1890 4305 de
1946 4251 2107 4303 anulo

525 4353 709 4399 nostro
736 4343 969 4412 sigillare
985 4342 1264 4412 jussimus.

597 4434 817 4504 Signum
843 4433 1020 4488 Karoli
1043 4431 1412 4502 gloriosissimi
1444 4432 1604 4502 regis.

600 4525 840 4578 ldberius
865 4527 1174 4595 recognovi.

598 4614 790 4668 Datum
810 4630 861 4668 ιι
888 4615 1001 4669 Cal.
1026 4617 1218 4684 Martii,
1241 4631 1382 4670 anno
1422 4633 1471 4670 vt
1516 4618 1664 4688 regni
1723 4619 1915 4684 nostri,
1949 4619 2105 4688 Papia

525 4706 739 4762 civitate
771 4706 998 4774 publice.

1228 4773 1392 4829 XVII.

528 4868 846 4938 Prtereptuut
877 4865 1050 4922 Caroli
1077 4864 1259 4937 Magni
1273 4868 1421 4938 regis
1455 4866 1771 4921 Francorum
1803 4886 1892 4935 pro
1939 4871 2108 4924 sancti

694 4937 909 4992 Martini
937 4935 1236 4992 monasterio
1269 4935 1550 4991 Turonensi
1593 4941 1750 5008 (anno
1789 4939 1938 5010 774).

1009 5047 1102 5111 (Ex
1125 5048 1184 5097 D.
1211 5048 1452 5111 Bouquet,
1479 5049 1619 5112 ibid.)

597 5153 820 5209 Carolus
849 5153 1018 5224 gratia
1041 5151 1132 5208 Dei
1164 5168 1260 5206 rex
1286 5151 1615 5206 Francorum
1665 5165 1718 5209 et
1744 5167 1768 5194 ιι
1799 5154 2107 5224 Langobar-

529 5245 823 5310 dorum,ac
855 5243 1110 5315 patricius
1141 5245 1523 5300 ltomanorum.
1543 5245 1598 5301 Si
1627 5247 1767 5300 enim
1798 5263 1863 5300 ex
1890 5247 1972 5301 his
1993 5263 2110 5316 qua:

531 5336 709 5391 divina
741 5335 907 5403 pietas
939 5334 1093 5388 nobis
1121 5333 1399 5390 afﬂuenter
1442 5337 1646 5403 tribuit,
1680 5351 1776 5406 pro
1797 5339 2112 5408 opportuni-

535 5437 644 5485 tate
670 5443 947 5483 servorum
995 5427 1089 5482 Dei
1129 5428 1258 5483 locis
1297 5427 1690 5484 venerabilibus
1744 5431 2109 5501 concedimus,

2209 1777 2498 1846 exciderit,
2525 1787 2634 1834 tam
2667 1781 2802 1835 infra
2833 1779 2949 1850 ipso
2991 1781 3225 1837 termino
3253 1822 3269 1849 ,
3325 1799 3481 1852 quam
3529 1796 3586 1839 et
3639 1786 3810 1841 afuris

2211 1867 2410 1924 ibidem
2439 1870 2493 1924 in
2515 1874 2782 1939 integrum
2814 1874 3153 1940 pertinentia,
3188 1874 3239 1928 id
3289 1884 3372 1929 est
3411 1878 3608 1942 curtis,
3633 1879 3810 1933 eccle-

2207 1961 2321 2027 silc,
2345 1962 2505 2031 villis,
2539 1967 2763 2029 mansis,
2795 1967 3096 2030 mancipiis,
3141 1969 3417 2021 massariis
3441 2009 3457 2034 ,
3510 1971 3805 2038 adiﬁciis,

2207 2054 2399 2120 vineis,
2443 2055 2674 2119 olivetis,
2717 2056 2942 2124 campis,
2965 2055 3138 2120 silvis,
3170 2058 3357 2126 pratis,
3389 2062 3623 2128 pascuis,
3651 2065 3809 2128 aquis

2175 2145 2535 2210 'aquarumve
2591 2144 2939 2210 decursibus,
2972 2145 3260 2201 mobilibus
3312 2157 3367 2202 et
3415 2151 3807 2216 imi-nobilibus,

2209 2234 2390 2286 onia
2417 2241 2470 2286 et
2498 2249 2564 2287 ex
2593 2235 2860 2301 omnibus,
2884 2237 3047 2294 etiam
3078 2245 3133 2292 et
3154 2239 3534 2292 monasteriolo
3583 2241 3678 2293 illo
3720 2243 3806 2294 in-

2209 2323 2288 2378 ira
2319 2325 2436 2393 ipso
2464 2335 2662 2392 castro,
2686 2341 2841 2394 quem
2875 2330 3014 2382 Ausa
3065 2343 3204 2382 novo
3248 2343 3412 2398 opere
3461 2335 3805 2398 construxit,

2211 2413 2354 2483 quod
2386 2423 2471 2469 est
2493 2415 2544 2468 in
2570 2414 2774 2471 honore
2804 2417 2974 2472 sancti
3005 2418 3319 2482 Salvatoris,
3344 2435 3469 2475 cum
3499 2425 3648 2478 omni
3690 2427 3808 2493 ejus

2209 2511 2498 2566 soliditate.
2530 2513 2800 2568 Donamus
2822 2517 2980 2569 etiam
3011 2516 3076 2569 ad
3135 2515 3412 2585 praefatum
3469 2518 3644 2573 locum
3695 2523 3810 2573 val-

2213 2601 2320 2658 lem
2346 2604 2488 2657 illam
2505 2619 2624 2672 qute
2645 2615 2864 2660 vocatur
2878 2607 3283 2671 Cant0ttia,cum
3307 2609 3443 2662 sallo
3461 2624 3515 2664 et
3551 2612 3811 2675 caudino,

2211 2698 2299 2753 vel
2343 2713 2512 2768 usque
2557 2698 2889 2768 Judalanias,
2929 2717 3050 2756 cum
3097 2703 3369 2757 montibus
3409 2714 3464 2757 et
3513 2701 3726 2771 alpibus
3782 2719 3812 2756 a

2216 2787 2324 2843 ﬁne
2349 2788 2664 2857 Treantina,
2697 2790 2787 2859 qui
2815 2799 3037 2846 vocatur
3065 2790 3322 2857 Tltonale,
3355 2806 3524 2860 usque
3556 2793 3612 2846 in
3644 2795 3812 2847 ﬁnem

2213 2879 2564 2945 Brixiacinse,
2593 2896 2686 2936 seu
2715 2885 2766 2936 in
2802 2882 2918 2950 giro
2972 2883 3330 2952 Bergamasei,
3355 2884 3613 2954 quicquid
3668 2885 3811 2940 infra

2215 2973 2363 3042 ipsos
2386 2972 2540 3038 ﬁnes,
2558 2973 2641 3027 vel
2664 2975 2729 3027 ab
2757 2974 2870 3041 ipsa
2892 2975 3030 3028 valle
3047 2985 3099 3028 et
3129 2975 3288 3044 longo
3313 2985 3551 3044 tempore
3570 2985 3628 3030 et
3645 2977 3814 3030 modo

2214 3068 2462 3135 aspicere
2492 3067 2573 3122 vel
2605 3069 2873 3136 pertinere
2902 3069 3133 3133 videtur,
3157 3069 3296 3122 sicut
3322 3070 3374 3122 in
3407 3069 3617 3137 publico
3657 3081 3712 3124 et
3742 3073 3810 3124 ad

2214 3157 2466 3225 palatium
2493 3157 2602 3210 visa
2628 3167 2712 3212 est
2757 3156 3074 3221 reddidisse,
3097 3166 3189 3212 aut
3235 3159 3442 3212 inantea
3489 3158 3627 3212 intra
3679 3159 3812 3214 ﬁsco

2213 3258 2400 3300 nostro
2429 3245 2707 3301 ceciderit.
2731 3244 2899 3300 Simili
2927 3246 3086 3300 modo
3114 3260 3233 3300 cum
3287 3247 3626 3316 integritate,
3666 3251 3810 3305 sicut

2212 3336 2281 3392 de
2314 3337 2546 3391 termino
2600 3335 2964 3390 Sertnionensi
3006 3335 3440 3403 conscripsimus,
3475 3337 3546 3390 ita
3602 3347 3658 3390 et
3705 3337 3808 3392 ista

2210 3428 2391 3482 omnia
2420 3427 2757 3482 tradidimus.
2783 3426 3003 3494 Insuper
3030 3425 3366 3493 adjungimus
3407 3426 3474 3480 ad
3522 3426 3806 3494 praefatam

2211 3528 2453 3574 sanctum
2481 3519 2652 3572 locum
2702 3517 3071 3572 sinodocltium
3117 3517 3264 3571 illum
3316 3519 3452 3571 inter
3495 3517 3698 3577 Padum
3752 3529 3809 3571 et

2211 3609 2457 3664 Ticinum
2490 3610 2628 3677 quod
2661 3610 2711 3662 in
2743 3609 2945 3663 honore
2970 3607 3026 3662 S.
3051 3608 3228 3681 alarias
3247 3617 3611 3662 constructum
3638 3625 3807 3677 prope

2217 3699 2436 3769 Papiam
2465 3699 2736 3753 civitatem
2770 3699 2820 3752 in
2851 3699 3022 3752 locum
3048 3696 3280 3763 Wahan,
3311 3712 3432 3753 cum
3465 3699 3592 3752 villa
3642 3700 3805 3754 Sola-

2214 3795 2316 3860 rio,
2348 3794 2432 3850 vel
2457 3795 2706 3848 omnibus
2728 3793 3054 3861 appendiciis
3097 3807 3304 3858 eorum,
3348 3803 3405 3848 et
3450 3795 3653 3849 casella
3698 3811 3806 3848 una

2212 3886 2350 3942 intra
2395 3885 2708 3951 Papiam,jd
2743 3894 2826 3940 est
2846 3900 2950 3939 una
2980 3899 3101 3940 cum
3134 3886 3310 3950 terris,
3335 3885 3607 3951 domibus,
3631 3890 3807 3940 eccle-

2208 3978 2322 4042 siis,
2355 3977 2615 4043 aadiﬁciis,
2667 3976 2969 4042 accolabus,
3027 3977 3328 4043 mancipiis,
3379 3979 3688 4043 massariis,
3719 3980 3804 4031 vi-

2207 4071 2346 4137 neis,
2381 4070 2553 4138 silvis,
2579 4070 2804 4139 campis,
2834 4067 3018 4134 pratis,
3049 4070 3283 4136 pascuis,
3299 4070 3448 4136 aquis
3474 4083 3802 4137 aquarumre

2207 4161 2541 4226 decursibus,
2574 4159 2880 4221 mobilibus,
2909 4169 2965 4213 et
3007 4159 3386 4222 immobilibus,
3413 4161 3591 4212 omnia
3641 4171 3693 4214 et
3730 4175 3798 4213 ex

2206 4253 2476 4306 omnibus.
2511 4252 2634 4306 Haec
2663 4266 2789 4306 vero
2840 4251 3018 4304 omnia
3064 4254 3309 4318 superitts
3355 4255 3627 4304 nominata
3679 4268 3799 4304 cum

2137 4375 2182 4433 υ
2210 4342 2454 4399 terminis
2483 4353 2537 4398 et
2565 4344 2760 4398 ﬁnibus
2790 4343 2872 4398 vel
2891 4342 3219 4411 appetttliciis
3242 4343 3354 4397 suis
3381 4358 3410 4395 a
3432 4342 3522 4396 die
3545 4345 3798 4409 praesenti

2212 4435 2266 4489 in
2298 4445 2610 4502 perpetuum
2644 4432 2708 4487 ad
2739 4432 3014 4501 praefatam
3041 4432 3312 4486 basilicam
3347 4433 3404 4487 S.
3454 4433 3684 4497 Martini,
3716 4433 3800 4486 vei

2212 4523 2329 4593 ejus
2365 4533 2602 4578 rectores
2655 4524 3034 4589 concessimus,
3063 4537 3127 4577 ac
3173 4523 3476 4591 plenissima
3532 4524 3802 4577 voluntate

2215 4613 2557 4668 indulsimus.
2590 4612 2879 4681 Propterea
2922 4597 3057 4667 hanc
3099 4615 3508 4686 praeceptionem
3565 4616 3797 4668 auctori-

2218 4706 2340 4759 tatis
2371 4714 2568 4760 nostrae
2596 4704 2936 4760 conscribere
2961 4705 3250 4772 jusstmus,
3277 4715 3335 4758 ut
3371 4720 3433 4760 ea
3473 4722 3594 4773 quae
3641 4722 3798 4774 supra

2218 4795 2360 4850 dicta
2408 4804 2535 4850 sunt
2576 4809 2698 4864 pars
2731 4807 3041 4849 memorata
3072 4797 3308 4850 basilica:
3338 4798 3396 4849 8.
3427 4796 3638 4850 Martini
3661 4797 3799 4866 ejus-

2217 4902 2321 4957 que
2350 4890 2575 4942 rectoris
2606 4887 2673 4940 ab
2699 4888 2797 4940 hac
2829 4887 2914 4940 die
2947 4887 3199 4952 habeant,
3224 4897 3440 4941 teneant
3469 4898 3628 4956 atque
3671 4903 3798 4956 pos-

2217 4977 2447 5042 sideant,
2479 4987 2534 5032 et
2564 4977 2630 5031 ad
2657 4974 2829 5046 ipsam
2857 4991 3039 5032 casam
3075 4977 3166 5030 Dei
3196 4993 3291 5045 pro
3320 4978 3583 5032 mercedis
3605 4988 3799 5037 nostra:

2217 5069 2560 5140 eleemosyna
2591 5069 2643 5121 in
2675 5069 2980 5136 augtnentis
3015 5069 3280 5137 proﬁciat,
3315 5079 3372 5122 ut
3401 5072 3576 5124 nullus
3606 5085 3671 5124 ex
3712 5073 3801 5138 ju-

2217 5162 2436 5216 diciaria
2484 5168 2750 5230 potestate
2800 5169 2892 5213 aut
2947 5160 3182 5229 qualibet
3234 5175 3458 5226 persona
3507 5173 3797 5216 memorato

2218 5251 2474 5307 Gulfardo
2503 5251 2680 5304 abbati
2725 5235 2940 5318 suiSqtte
2987 5250 3413 5315 successoribus,
3445 5261 3537 5303 attt
3581 5257 3797 5317 agentes

2216 5345 2288 5402 de
2312 5361 2372 5404 se
2398 5345 2668 5414 prtedictis
2687 5346 2848 5402 rebus
2881 5346 3200 5416 inquietare,
3231 5354 3323 5399 aut
3355 5353 3545 5399 contra
3577 5346 3796 5400 rationis

2219 5435 2462 5491 ordinem
2493 5436 2574 5490 vel
2623 5437 2940 5494 calumniam
2988 5451 3248 5506 generare
3295 5450 3509 5506 quoquo
3558 5445 3796 5504 tempore

611 5584 926 5659 {Observat
962 5582 1293 5659 Mabillonitts
1324 5583 1610 5659 secundam
1653 5582 1879 5642 litteram
1924 5587 2154 5643 nominis
2196 5585 2649 5659 Langobardorum
2693 5583 2843 5658 pera
2880 5593 3187 5644 constanter
3235 5584 3410 5642 cﬁerri
3456 5585 3511 5641 in
3551 5593 3790 5654 autogra-

542 5649 687 5721 phis,
717 5667 821 5706 non
849 5668 942 5722 per
971 5668 1023 5720 ο,
1051 5661 1108 5707 ιιι
1132 5655 1326 5722 passim
1347 5654 1400 5709 in
1423 5653 1600 5710 editis.
