4034 6182
245 295 340 352 933

523 289 753 346 CODEX
794 288 1314 346 DIPLOMATICUS.
1356 318 1424 331 —
1468 287 1890 346 PRIVILEGIA.
1923 316 1993 328 —
2037 287 2075 342 Ι.
2118 285 2368 343 PRIVII...
2411 285 2542 342 PER
2581 284 2860 343 GALLI!!!)
2905 288 3192 347 PARTES.

3385 294 3494 351 935

244 393 522 479 prtestltnat
554 425 566 458 :
601 405 692 462 sed
725 405 823 458 hoc
851 415 1045 458 nostrae
1073 405 1408 460 auctoritatis
1455 403 1652 460 donum
1677 404 1796 473 jure
1827 439 1835 461 ε

1932 401 2045 455 enit
2081 401 2146 454 ad
2191 416 2435 469 campum
2479 399 2837 466 Dominicum,
2867 402 3061 458 deinde
3115 404 3180 459 ad
3229 420 3479 477 campum

241 499 306 555 ibi
331 507 638 567 permaneat
661 494 988 548 ﬁrmissimo.
1011 496 1072 549 Et
1103 505 1158 549 ut
1186 497 1298 549 haec
1321 505 1498 550 nostra
1523 497 1812 550 auctoritas

1917 489 2244 558 Wilgeverti,
2285 491 2477 545 deinde
2509 491 2574 544 atl
2627 491 2908 547 Sarnetum
2959 509 3128 564 usque
3188 496 3255 550 ad
3304 499 3496 555 cellam

243 590 444 646 ﬁrmior
469 587 742 652 habeatur,
769 588 847 640 vel
889 587 1089 640 nostris
1143 597 1196 642 et
1244 587 1434 642 futuris
1482 589 1814 656 temporibus
1915 585 2106 636 sancti'
2139 583 2420 651 Germani,
2469 594 2521 638 et
2563 585 2758 639 deinde
2789 601 2884 655 per
2913 587 3057 642 illam
3106 598 3323 644 stratam
3375 607 3494 660 qua:

241 679 424 734 melius
450 687 818 741 conservetur,
843 691 1004 730 manu
1035 677 1243 744 propria
1275 677 1458 731 subter
1479 691 1596 732 eam
1628 675 1814 732 decre-

241 772 410 824 vimus
437 769 710 824 roborare.

309 860 532 928 Signum
559 857 734 912 Caroli
761 855 1130 926 gloriosissimi
1162 856 1321 924 regis.

313 949 546 1003 Iliterius
566 949 874 1015 recognovi.

315 1039 446 1092 Data
475 1052 584 1092 xvn
629 1037 894 1092 Calendas
943 1037 1188 1108 Augusti,
1241 1052 1381 1092 anno
1439 1053 1492 1092 vt
1539 1046 1592 1091 et
1651 1038 1838 1116 primo

245 1126 606 1198 reguinostri.
639 1129 832 1183 Actum
873 1127 1032 1198 Papia
1087 1127 1304 1184 civitate
1354 1127 1410 1183 in
1463 1127 1558 1184 Dei
1605 1129 1822 1182 nomine

246 1220 488 1276 leliciter.
532 1222 724 1274 Arnen.

946 1308 1130 1364 XVIII.

343 1415 524 1471 Caroli
549 1416 730 1488 Magni
757 1417 938 1472 charta
965 1435 1055 1487 pro
1076 1421 1382 1490 monasterio
1417 1419 1730 1490 Dionysiano

873 1491 1034 1557 (anno
1057 1489 1206 1558 πά).

732 1597 826 1658 (Ex
851 1599 913 1648 D.
936 1597 1175 1660 Bouquet,
1202 1599 1364 1661 ibid).

319 1705 552 1759 Karolus
577 1703 750 1774 gratia
783 1703 884 1758 Dei
909 1717 1000 1758 rex
1026 1702 1350 1758 Francorum
1379 1683 1431 1756 et
1461 1701 1828 1771 Langobardo-

250 1810 370 1849 rum
402 1809 463 1849 ac
491 1794 740 1863 patricius
790 1793 1172 1862 Romanorum,
1208 1794 1288 1848 vir
1333 1793 1574 1848 inluster.
1605 1793 1669 1846 Et
1705 1793 1826 1860 quia

249 1895 508 1939 monente
527 1885 818 1954 Scriptura,
853 1886 923 1938 ita
953 1894 1162 1953 oportet
1207 1899 1648 1954 unumquemque
1701 1898 1830 1936 con-

243 1985 457 2032 stanter
497 1974 818 2046 praaparari,
848 1982 1108 2044 quatenus
1161 1975 1386 2028 veniens
1439 1977 1490 2027 in
1539 1981 1827 2039 conspectu

244 2067 469 2136 superni
510 2063 734 2128 .ludicis,
765 2064 908 2117 illam
940 2073 1207 2118 mereatur
1235 2064 1441 2117 Domini
1472 2065 1614 2134 piam
1645 2077 1827 2116 vocem

241 2159 468 2212 audire:
509 2157 713 2222 Venite,
739 2155 988 2210 benedicti
1010 2153 1182 2209 Patris
1212 2155 1328 2220 mei,
1353 2157 1593 2225 percipite
1619 2169 1830 2224 regnum

244 2252 388 2320 quod
403 2251 540 2305 vobis
559 2260 792 2318 paratum
821 2253 897 2304 est
915 2249 978 2302 ab
1007 2249 1204 2318 origine
1232 2247 1411 2300 mundi
1464 2245 1676 2315 (Matth.
1697 2262 1826 2310 xxv,

244 2342 340 2413 54)
365 2360 382 2408 ;
442 2340 581 2396 unde
608 2355 796 2396 omnes
816 2339 946 2410 justi
974 2351 1129 2395 erunt
1155 2339 1689 2409 gavisi.Quapropter
1710 2353 1826 2404 nos,

245 2441 308 2486 ut
349 2429 662 2497 credimus,
704 2430 990 2484 salubriter
1039 2430 1443 2484 considerantes
1490 2429 1716 2496 qualiter
1763 2442 1830 2480 cx

247 2524 492 2578 terrenis
516 2522 675 2576 rebus
705 2520 898 2590 quibus
928 2534 1160 2589 superna
1189 2521 1354 2587 gratia
1398 2519 1552 2572 nobis
1602 2517 1829 2570 al'lluen-

249 2625 335 2668 ter
369 2615 424 2666 in
457 2612 559 2666 hoc
581 2611 779 2665 sarculo
807 2611 1000 2679 largire
1029 2611 1237 2679 dignata
1271 2617 1374 2674 est,
1407 2609 1584 2662 saltim
1627 2607 1677 2660 iu
1707 2621 1832 2659 san-

242 2713 368 2758 ctos
404 2703 496 2756 Dei
523 2701 608 2756 Vel
639 2701 690 2754 in
739 2701 1058 2768 pauperibus
1096 2699 1294 2753 Christi
1349 2713 1413 2752 ex
1461 2701 1561 2752 hoc
1603 2697 1832 2752 tribuere

246 2792 678 2858 deb'eremus,ut
707 2790 1124 2844 misericordiam
1175 2789 1426 2843 Altissimi
1478 2788 1694 2856 adipisci
1745 2803 1834 2840 va-

247 2884 497 2946 leamus;
529 2881 727 2936 idcirco
773 2881 1009 2936 cedimus
1040 2896 1134 2949 pro
1174 2879 1366 2934 animae
1411 2889 1605 2935 nostrae
1653 2895 1835 2933 reme-

244 2975 430 3039 dium,
461 2973 543 3028 vel
575 2987 670 3042 pro
689 2974 929 3041 genitore
960 2981 1143 3026 nostro
1165 2973 1428 3041 quondam
1457 2973 1608 3025 bona:
1635 2986 1836 3024 memo-

244 3067 348 3120 ria:
383 3065 630 3133 Pippino,
652 3064 717 3118 ad
741 3065 1123 3118 monasterium
1152 3066 1331 3116 domui
1365 3063 1599 3132 Dionysii
1633 3071 1834 3132 marty-
1863 3085 1909 3146 α

245 3158 350 3220 ris,
387 3155 478 3208 tibi
509 3155 620 3224 ipse
649 3154 920 3223 preciosus
965 3168 1084 3208 cuin
1113 3154 1276 3208 sociis
1321 3154 1434 3207 suis
1479 3168 1702 3220 corpore
1751 3168 1837 3206 re-

247 3245 514 3316 quiescit,
539 3255 594 3299 et
617 3245 706 3298 ubi
733 3243 1068 3312 supradictus
1097 3244 1326 3298 dutnnus
1349 3253 1402 3297 et
1430 3243 1637 3313 genitor
1658 3255 1838 3297 noster

249 3337 524 3390 humatus
544 3347 662 3390 esse
691 3333 992 3398 videtur,et
1017 3333 1327 3389 Folleradus
1364 3335 1497 3388 abba
1537 3349 1654 3388 esse
1688 3334 1838 3386 dino-

247 3429 467 3492 scitur;
502 3441 818 3496 cessuvnque
843 3429 908 3479 ad
940 3427 1214 3494 praafalutn
1240 3435 1484 3478 sanctum
1514 3425 1686 3479 locum
1718 3439 1838 3477 esse

249 3521 538 3583 volumus,
563 3518 667 3573 hoc
699 3527 801 3583 est,
831 3517 980 3572 villas
1027 3531 1160 3586 quas
1207 3518 1321 3584 ipse
1365 3516 1591 3570 domnus
1631 3517 1840 3584 genitor

251 3623 455 3668 noster
487 3627 580 3682 per
609 3626 797 3666 manus
812 3621 1022 3664 nostras
1039 3611 1101 3664 ad
1128 3610 1295 3677 ipsam
1317 3625 1491 3663 casam
1519 3609 1609 3663 Dei
1639 3610 1836 3662 dudmn

243 3706 604 3772 delegaverat
637 3742 652 3766 ,
704 3711 1066 3771 nuttcupautes
1117 3699 1418 3766 Faverolas,
1462 3717 1580 3770 qua:
1631 3701 1840 3769 poniu.r

245 3795 308 3846 in
351 3806 494 3861 pago
545 3791 914 3856 Madriacinse,
969 3801 1020 3844 et
1077 3790 1311 3844 Noronte
1373 3791 1424 3842 in
1473 3791 1588 3857 ipso
1634 3789 1838 3842 Carno-

247 3887 376 3938 tino
431 3895 548 3936 cum
605 3880 751 3935 omni
791 3879 1108 3951 integritate,
1147 3879 1229 3933 vel
1281 3878 1606 3948 appendiciis
1657 3879 1837 3932 earum

239 3975 314 4029 ad
373 3975 497 4042 ipso
545 3973 888 4038 monasterio,
937 3974 1018 4028 vel
1071 3973 1345 4026 monachis
1395 3973 1586 4026 ibidem
1645 3973 1841 4041 degen-

239 4073 446 4135 tibus,
491 4084 584 4123 seu
636 4071 702 4122 ad
769 4069 1044 4122 luminaria
1095 4067 1176 4121 vel
1227 4067 1484 4134 stipendia
1550 4080 1838 4135 pauperum

241 4163 619 4228 procuranda,
644 4159 948 4222 statuimus,
977 4160 1112 4213 sicut
1158 4173 1188 4211 a
1237 4171 1392 4212 V3530
1436 4167 1618 4210 nostro
1663 4156 1842 4212 Aude-

231 4254 410 4320 gario
441 4265 702 4318 possessa:
731 4249 974 4312 fuerunt;
1007 4251 1223 4316 insuper
1264 4257 1318 4302 et
1366 4263 1486 4300 eum
1529 4245 1725 4300 foreSIe
1773 4245 1840 4300 ad

235 4357 343 4395 eas
389 4341 688 4408 pertinente
715 4353 838 4408 qua:
863 4348 1082 4392 vocatur
1136 4339 1416 4406 Equalina,
1444 4353 1564 4391 cum
1609 4336 1838 4392 foresta-

1919 672 2090 741 pergit
2117 673 2181 724 ad
2213 686 2364 726 vetus
2414 675 2797 727 monasterium
2841 684 3025 729 contra
3077 691 3264 744 pagum
3316 677 3494 732 Staiu-

1924 764 2127 830 pinsem
2185 775 2427 830 pervenit
2471 765 2662 816 lemma
2713 767 2777 816 ad
2821 763 3165 828 Boshacium,
3191 765 3384 820 deinde
3431 769 3498 822 ad

1923 853 2504 917 b‘rumenterilis,inde
2555 855 2621 908 ad
2669 853 3021 910 Warauceras
3066 869 3248 912 contra
3307 876 3495 929 pagum

1920 941 2302 996 Carnotensem
2345 944 2586 1010 pervenit
2641 947 2830 999 lemma
2877 947 2944 1000 ad
2993 947 3250 1015 Putiolos,
3275 951 3396 1005 inde
3426 952 3500 1005 ad

1922 1031 2222 1098 Pucilittos,
2245 1033 2442 1088 deinde
2465 1037 2530 1087 ad
2557 1034 2982 1100 llillini-villare,
2999 1037 3120 1091 inde
3149 1040 3214 1091 ad
3239 1037 3370 1093 Wad
3389 1041 3504 1094 isti-

1921 1124 2099 1178 villam
2129 1125 2192 1179 ad
2223 1125 2312 1179 illo
2344 1126 2566 1190 Pirario,
2593 1127 2786 1181 deinde
2815 1127 2880 1180 ad
2913 1127 3002 1181 illa
3035 1128 3210 1184 Frona
3241 1144 3356 1200 quae
3407 1131 3503 1185 fuit

1921 1215 2286 1283 Stephanone,
2319 1217 2439 1270 inde
2475 1217 2542 1270 ad
2592 1217 2947 1282 Calmontem,
2981 1218 3172 1273 deinde
3217 1233 3312 1288 per
3359 1219 3506 1275 Illam

1925 1317 2146 1360 stratam
2177 1321 2295 1376 quas
2325 1307 2496 1376 pergit
2539 1309 2610 1359 ad
2655 1307 3040 1373 llelmoretum,
3076 1309 3200 1362 inde
3247 1311 3310 1364 ad
3367 1311 3506 1365 Lon-

1925 1399 2258 1468 gum-lucum
2287 1409 2340 1453 et
2367 1399 2752 1454 Senone~valle
2798 1413 2960 1468 super
3005 1401 3334 1470 Nivigellam.
3381 1404 3510 1460 llatc

1927 1490 2104 1542 omnia
2133 1489 2379 1556 superius
2403 1491 2542 1545 dicta
2565 1505 2685 1545 cum
2715 1491 2866 1546 omni
2895 1492 3203 1562 integritate
3233 1508 3288 1548 et
3312 1495 3500 1548 solidi~

1931 1585 2038 1631 tate
2057 1593 2174 1642 sua,
2203 1579 2340 1633 sicut
2368 1595 2534 1649 usque
2566 1595 2706 1635 nunc
2738 1596 2766 1634 a
2818 1585 2944 1637 liscu
2967 1593 3150 1637 nostro
3179 1599 3510 1654 cognoscuno

1932 1677 2016 1722 tur
2039 1685 2161 1724 esse
2191 1685 2458 1739 possessa,
2492 1688 2612 1726 cum
2642 1675 2916 1743 utriusque
2962 1689 3122 1730 sexus
3168 1675 3506 1742 feraminum,

1861 1746 2235 1827 Bcervorum,
2297 1761 2706 1830 Capreolorum,
2754 1779 2822 1818 ex
2867 1779 3092 1833 quorum
3143 1767 3300 1820 coriis
3348 1765 3510 1820 libros

1933 1851 2099 1919 ipsius
2132 1853 2270 1905 acri
2305 1852 2406 1905 loci
2435 1855 2828 1922 cooperiendos
2859 1857 3186 1910 ordinamus.
3247 1857 3354 1912 Nec
3404 1875 3508 1912 non

1931 1942 2091 2012 etiam
2117 1957 2182 1995 ex
2229 1945 2531 2010 supradicta
2577 1947 2862 2000 venatione
2909 1949 3239 2002 inlirmorum
3290 1949 3510 2004 fratrum

1930 2046 2152 2100 c0rpnra
2185 2035 2247 2086 ad
2273 2045 2481 2103 tempus
2511 2038 2806 2104 reparanda
2858 2048 2913 2091 et
2969 2039 3266 2093 roboranda
3317 2044 3510 2096 consti-

1937 2123 2156 2176 tuimus.
2189 2125 2348 2191 Igitur
2381 2124 2658 2196 pradictas
2686 2127 2838 2181 villas
2864 2127 3150 2184 Faberolas
3196 2142 3248 2184 et
3299 2131 3509 2188 Naron-

1935 2223 2038 2267 tem
2071 2225 2122 2268 et
2155 2229 2273 2268 cum
2301 2215 2496 2271 l'oreste
2525 2218 2805 2286 Equalina,
2835 2221 2914 2274 vel
2943 2237 3002 2274 ea
3034 2239 3151 2287 qua:
3179 2237 3335 2291 supra
3369 2223 3506 2279 dixi-

1932 2321 2071 2374 mus,
2116 2309 2180 2360 ad
2235 2309 2402 2376 ipsum
2429 2321 2670 2366 sanctum
2703 2313 2877 2368 locum
2900 2317 3137 2370 cedimus
3167 2331 3323 2388 atque
3345 2319 3504 2374 dona-

1936 2417 2086 2463 mus,
2118 2416 2238 2454 cum
2289 2403 2482 2468 terris,
2534 2406 2819 2472 domibus,
2871 2408 3149 2476 (adiﬁciis,
3203 2411 3510 2480 accolabus,
3607 2467 3612 2472 .

1935 2491 2237 2558 mancipiis,
2254 2493 2443 2561 vineis,
2469 2495 2636 2557 silvis,
2653 2497 2878 2566 campis,
2896 2502 3080 2567 pratis,
3105 2503 3336 2570 pascuis,
3359 2505 3514 2571 aquis

1933 2595 2266 2648 aquarumve
2313 2583 2660 2653 decursibus,
2693 2588 2978 2642 mobilibus
3033 2597 3088 2642 et
3137 2591 3514 2661 immobilibus,

1937 2671 2206 2727 farinariis
2235 2689 2396 2741 super
2419 2675 2586 2742 ipsam
2639 2677 3057 2733 dominationem
3097 2681 3514 2738 cons‘stentibus

1935 2762 2048 2816 sive
2078 2763 2250 2816 lat-ere
2281 2762 2606 2828 volentibus;
2650 2765 2893 2821 similiter
2919 2776 2974 2822 et
3003 2773 3255 2824 mercatis
3307 2770 3359 2824 in
3411 2774 3514 2824 eis-

1941 2851 2062 2904 dem
2095 2851 2231 2903 villis
2259 2851 2667 2918 conﬂuentibus,
2709 2853 2821 2908 sive
2848 2857 3116 2910 mercandi
3172 2860 3339 2926 gratia
3383 2874 3512 2912 con-

1937 2942 2314 2997 venientibus:
2347 2940 2420 2994 ita
2461 2951 2518 2996 ut
2572 2943 2746 2998 nullus
2800 2959 3002 3011 cernes,
3055 2961 3152 3002 nec
3202 2951 3510 3018 Vicecomis,

1941 3049 2040 3090 nec
2091 3032 2348 3096 vicarius,
2377 3047 2475 3088 nec
2524 3039 2896 3102 centenarias,
2955 3053 3053 3093 nec
3105 3039 3243 3092 ullus
3299 3050 3513 3095 exactor

1937 3127 2230 3197 judiciat‘iaa
2247 3127 2550 3195 potestatis,
2576 3139 2666 3183 aut
2688 3130 2974 3198 teloneum,
2987 3141 3076 3186 aut
3095 3133 3238 3186 [reda
3257 3133 3514 3203 exigenda

1940 3232 2031 3272 aut
2062 3219 2322 3273 leramina
2352 3221 2468 3275 sine
2495 3219 2706 3298 licentia
2747 3223 2952 3277 abbatis
3001 3223 3275 3288 capienda,
3301 3233 3392 3278 aut
3440 3225 3514 3278 la-

1941 3324 2106 3380 queos
2134 3311 2355 3365 tendere
2381 3311 2462 3365 vel
2491 3311 2724 3380 pedicas,
2756 3323 2846 3366 aut
2890 3313 3048 3366 ullam
3074 3316 3513 3368 consuetudini-tn

1943 3401 2212 3468 imponere
2247 3411 2338 3456 aut
2367 3403 2726 3470 superaddere
2751 3405 2969 3470 audeat;
2999 3407 3090 3459 sed
3123 3414 3327 3459 remulo
3355 3409 3515 3460 tetius

1941 3493 2328 3564 inquietudinis
2357 3496 2761 3566 impedimento,
2803 3507 2858 3552 et
2909 3501 3295 3554 contrariorum
3345 3501 3516 3555 homi-

1941 3603 2064 3641 num
2097 3603 2226 3641 ausu
2257 3589 2372 3642 sive
2397 3605 2461 3642 ex
2506 3591 2632 3658 ipsis
2657 3590 2792 3645 villis
2815 3594 3276 3656 tnercatis,omnia
3305 3607 3368 3647 ex
3401 3608 3517 3646 om-

1943 3679 2120 3742 nibus,
2146 3681 2282 3734 sient
2310 3681 2510 3734 dictunt
2542 3689 2643 3746 est,
2677 3683 2982 3750 supradicto
3016 3693 3198 3738 sancto
3249 3685 3366 3740 loco
3417 3686 3519 3740 sub

1941 3769 2084 3824 οηιηὶ
2129 3771 2430 3841 integritate
2474 3784 2526 3826 et
2586 3775 2914 3836 emunitate,
2965 3775 3217 3844 quicquid
3265 3779 3512 3845 praesenti

1943 3868 2182 3927 tempore
2207 3873 2390 3916 nostra
2420 3862 2614 3916 ibidem
2643 3863 2852 3916 videtur
2879 3877 2996 3917 esse
3021 3866 3288 3930 possessio
3312 3866 3393 3918 vel
3420 3865 3516 3919 do-

1939 3951 2181 4014 minatio,
2209 3965 2328 4019 pars
2357 3951 2594 4019 przedicti
2635 3951 2940 4005 monasterii
2997 3953 3218 4028 ejusque
3275 3963 3515 4009 rectores

1942 4049 2136 4094 nostris
2161 4053 2210 4094 et
2241 4041 2430 4095 futuris
2461 4044 2792 4111 temporibus
2825 4043 3075 4109 habeant,
3109 4053 3327 4099 teneant
3355 4055 3512 4114 atque

1944 4131 2268 4198 possideant.
2307 4133 2368 4186 Et
2393 4141 2451 4186 ut
2495 4133 2572 4187 eis
2623 4135 2808 4188 melius
2849 4133 3078 4192 delectet
3119 4150 3213 4204 pro
3262 4136 3418 4190 nobis
3462 4148 3515 4191 et

1941 4222 2139 4275 domno
2168 4224 2408 4292 genitore
2437 4235 2618 4277 nosuo
2651 4224 2854 4278 Domini
2887 4226 3307 4280 misericordiam
3341 4238 3513 4282 atten-

1947 4313 2050 4366 tius
2071 4313 2376 4380 implorare,
2399 4312 2532 4368 hanc
2559 4314 2894 4369 autoritatem
2928 4330 3086 4369 manu
3115 4327 3300 4370 nostra
3328 4317 3512 4371 subter

237 4431 348 4485 riis
385 4402 446 4485 et
472 4428 632 4484 certis
659 4402 850 4484 ﬁnibus
877 4430 928 4484 in
960 4443 1075 4484 eam
1104 4402 1416 4498 designatis,
1442 4429 1678 4483 videlicet
1703 4443 1835 4482 con-

1948 4402 2296 4469 lirniavimus,
2326 4405 2471 4460 etde
2516 4407 2674 4460 anulo
2716 4417 2899 4462 nostro
2937 4409 3124 4462 subter
3157 4409 3377 4478 sigillari
3405 4411 3516 4481 jus-

233 4533 324 4575 tra
365 4535 566 4592 pagum
607 4519 1023 4574 Madriaceosem
1081 4519 1320 4586 pervenit
1360 4529 1386 4557 ι
1435 4517 1627 4571 lemma
1671 4533 1837 4587 usque

227 4614 310 4668 ad
349 4611 804 4676 Petram-ﬁctam,
832 4611 1022 4665 deinde
1043 4611 1109 4664 ad
1141 4608 1390 4664 Molarias
1428 4622 1592 4676 super
1618 4607 1837 4662 Victria-

225 4721 402 4769 cum,
430 4703 625 4758 deinde
647 4702 711 4756 ad
742 4699 1321 4769 Montem-Presbyteri,
1344 4699 1538 4753 deinde
1584 4697 1648 4752 ad
1698 4697 1838 4752 Con-

227 4796 446 4848 datum
473 4807 641 4861 usque
671 4792 735 4846 ad
790 4791 1078 4846 Cnculosa.
1120 4789 1360 4846 Secunda
1417 4790 1606 4843 lrmma
1652 4798 1838 4843 contra

225 4897 458 4954 pagunt
498 4881 893 4936 Pinciacensem
949 4883 1189 4950 pervenit
1233 4881 1297 4935 ad
1341 4879 1739 4943 Condonarias,
1773 4879 1839 4932 ad

235 4975 483 5028 Vennas
513 4986 680 5041 usque
706 4973 1090 5036 Aureo-Vallo,
1120 4974 1312 5029 deinde
1343 4973 1604 5027 Levicias.
1659 4969 1836 5026 Tertia

221 5067 456 5122 lemma
480 5074 660 5117 contra
686 5077 874 5133 pagum
906 5063 1224 5119 Parisiacum
1245 5065 1310 5118 de
1336 5063 1657 5119 Ullarciacas
1719 5076 1842 5131 per-

314 5249 348 5276 ιι
388 5233 582 5287 Leuwa
625 5233 762 5305 legit,
801 5235 1076 5302 Dnbletus,
1125 5252 1281 5305 quam
1333 5249 1517 5290 vocem
1565 5237 1838 5290 terminum

221 5309 642 5375 interpretatur
667 5303 1024 5360 Mabillonius.
1071 5303 1394 5375 Legeudmn,
1428 5305 1660 5370 Lemnia,
1685 5305 1734 5360 id
1757 5315 1840 5360 est

218 5378 422 5444 silva.
459 5373 586 5429 Vide
607 5374 863 5444 Cangium
893 5378 958 5430 ad
987 5377 1126 5431 hanc
1151 5373 1378 5430 'vocetn.

311 5447 348 5486 ιι
384 5443 510 5498 Jam
540 5459 632 5515 rex
665 5443 1127 5515 Langobardorum
1157 5458 1274 5502 erat
1313 5446 1538 5501 Carolus
1595 5445 1834 5514 Magnus,

223 5527 290 5572 ut
321 5514 632 5586 fert__ltujtts
652 5514 852 5570 charta:
873 5517 1089 5582 titulus;
1125 5518 1245 5571 hinc
1271 5532 1440 5571 annus
1463 5515 1664 5584 primus
1690 5518 1836 5586 regni

221 5591 308 5645 de
343 5583 530 5642 Italiae
557 5599 720 5656 regno
749 5587 1094 5656 accipiendus
1117 5597 1218 5643 est.
1259 5583 1584 5652 ltuinartius,
1633 5587 1722 5658 qui
1751 5583 1836 5642 tie-

1936 4493 2124 4552 simus.
2261 4527 2267 4534 -
2587 4549 2592 4554 .

2009 4585 2222 4654 Signum
2259 4585 2434 4641 Caroli
2466 4588 2835 4657 gloriosissimi
2869 4590 3029 4661 regis.

2007 4697 2314 4769 Wighaldus
2345 4701 2409 4755 ad
2446 4703 2613 4758 vicem
2672 4703 2892 4760 Hitherii
2943 4707 3231 4776 recognovi
3283 4715 3338 4762 et
3379 4710 3512 4762 sub-

1938 4793 2144 4860 scripsi.
3067 4822 3072 4826 -

2010 4883 2136 4937 Data
2165 4885 2215 4937 in
2243 4899 2428 4941 mense
2460 4885 2755 4953 Decembri,
2789 4887 2817 4928 ι)
2844 4903 2986 4943 anno
3012 4889 3183 4958 primo
3223 4888 3372 4958 regni
3417 4902 3515 4940 no-

1942 4975 2060 5029 stri.
2092 4977 2282 5030 Actum
2317 4975 2693 5034 Salmimciaco
2721 4980 2916 5048 palatio
2951 4979 3181 5050 publico,
3215 4978 3266 5032 in
3299 4976 3389 5032 Dei
3415 4992 3516 5030 no-

1939 5064 2080 5120 mine
2108 5065 2352 5122 feliciter.
2383 5071 2575 5124 Amen.

1939 5241 2163 5294 cunilam
2204 5241 2457 5293 librorum
2481 5241 2544 5296 de
2570 5241 2648 5296 Re
2676 5239 3012 5310 diplomatica
3043 5241 3327 5297 editionem
3358 5257 3511 5297 cura-

1940 5310 2034 5382 vit,
2069 5314 2167 5364 hoc
2195 5312 2431 5382 diploma
2472 5314 2798 5382 descriptum
2855 5312 2981 5365 dicit
3031 5327 3094 5366 ex
3159 5315 3506 5382 autographa,

1939 5378 2054 5445 ipse
2109 5391 2278 5434 tamen
2312 5378 2679 5446 Mabillonins,
2713 5381 2804 5436 lib.
2869 5397 2994 5435 μιν
3041 5383 3232 5436 Annal.
3281 5378 3506 5445 Betietl.,

1941 5465 2086 5502 num.
2116 5450 2208 5515 52,
2235 5451 2283 5502 in
2315 5450 2428 5517 ejus
2483 5451 2785 5522 diplomatis
2825 5453 3050 5508 sinceris
3096 5453 3353 5522 exemplis
3405 5452 3510 5522 legi

1942 5528 2188 5587 testatur,
2221 5535 2352 5573 (anno
2378 5523 2592 5590 septimo
2615 5533 2661 5575 et
2693 5521 2876 5590 primo.
