4034 6182
413 312 515 371 θῦὓ

414 432 579 487 ullum
628 439 652 467 ιι
704 436 982 479 occursum
1022 459 1036 483 ,

417 522 447 562 δ
469 516 874 575 reddibitionem
897 510 1135 576 accipere
1165 505 1248 559 vel
1271 509 1518 557 exat-tare
1543 496 1758 558 audeat,
1779 501 1867 546 aut
1892 491 1991 544 bo-

416 611 649 667 minibus
679 606 766 672 qui
811 600 999 656 eadem
1040 594 1385 651 mercimonia
1435 589 1713 660 prevident
1743 622 1760 648 ,
1824 581 1987 638 ullam

420 697 833 770 inquietudinem
870 701 955 744 ant
1004 687 1442 756 impedimentum
1475 683 1655 737 facere
1702 685 1993 749 prcsumat.

421 790 526 846 Sed
567 787 720 840 liceat
767 782 847 836 eis
871 780 1152 848 pcr‘banc
1182 785 1414 829 nostram
1462 770 1827 827 auctoritatem
1878 781 2001 821 cum

426 878 646 934 navibus
674 885 729 928 et
786 871 979 925 ceteris
1022 866 1282 923 vehiculis
1341 865 1542 931 absque
1598 861 1760 916 ullius
1791 869 2005 913 contra-

425 977 614 1039 rietate
659 970 741 1025 vel
801 966 1190 1033 impedimento
1239 976 1333 1031 per
1373 957 1700 1018 universum,
1733 952 1844 1007 Deo
1876 963 2003 1018 pro-

430 1064 594 1135 picio,
626 1041 843 1128 regnum
876 1062 1149 1117 nostrum,
1197 1052 1515 1117 ubicumque
1537 1045 1617 1102 eis
1646 1056 1864 1100 necesse
1893 1040 2008 1093 fue-

434 1160 525 1219 rit,
556 1154 723 1209 libere
767 1162 821 1204 et
851 1162 1041 1205 secure
1069 1150 1147 1200 ire
1182 1154 1236 1199 et
1263 1144 1458 1198 redire.
1495 1139 1558 1193 Et
1580 1139 1623 1193 si
1655 1137 1859 1205 aliquas
1891 1145 2012 1186 mo-

438 1263 522 1303 ras
546 1246 597 1299 in
628 1242 868 1313 quolibet
901 1241 1015 1293 loco
1032 1235 1281 1302 fecerint,
1310 1242 1403 1286 aut
1431 1228 1649 1285 mercati
1679 1226 1898 1286 fuerint,

437 1334 808 1396 vendiderint,
853 1329 983 1384 nihil
1023 1328 1091 1381 ab
1144 1328 1223 1381 eis
1276 1336 1495 1393 prorsus
1520 1362 1535 1386 ,
1584 1327 1639 1372 ut
1676 1317 1872 1372 dictum
1898 1321 1978 1367 est
2003 1353 2017 1375 ,

443 1425 636 1481 telonei
673 1420 941 1489 exigatur.

514 1517 581 1571 Et
592 1526 651 1569 ιιι
664 1515 760 1569 bec
776 1501 1064 1567 auctoritas
1077 1505 1277 1561 ﬁrmior
1288 1498 1660 1567 babeatur,vel
1677 1512 1772 1568 per
1790 1505 2026 1562 tempora

448 1608 640 1664 melius
680 1609 1034 1659 conservetur
1058 1640 1074 1663 ,
1128 1610 1289 1651 manu
1324 1595 1536 1663 propria
1565 1590 1755 1645 subter
1777 1600 1895 1641 eam
1931 1587 2029 1640 de-

448 1695 717 1752 crevimus
748 1695 1001 1748 roborare
1026 1728 1040 1753 ,
1074 1687 1158 1742 vel
1203 1686 1272 1739 de
1310 1683 1509 1738 annulo
1550 1689 1734 1735 nostro
1773 1677 2029 1747 iussimus

453 1785 712 1856 sigillare.
792 1824 797 1829 .
1358 1782 1365 1787 '

522 1879 744 1948 Signum
763 1872 937 1928 Caroli
970 1866 1349 1940 gloriosissimi
1369 1864 1528 1935 regis.

529 1979 553 2006 ο
589 1967 738 2020 llado
766 1964 830 2018 ad
862 1964 1030 2017 vicem
1064 1958 1283 2013 Hitherii
1313 1951 1641 2025 recognovit.

528 2056 661 2111 Data
689 2055 742 2109 in
769 2065 953 2109 mense
996 2048 1290 2112 decembri,
1321 2060 1463 2101 anno
1502 2053 1692 2100 octavo
1716 2051 1772 2098 et
1802 2040 2038 2096 secundo
2140 2015 2288 2117 ":8"?
2342 2012 2532 2067 ηυειτίο

2143 2123 2303 2178 nysn.

459 2147 614 2216 regni
641 2144 831 2201 nostri.
858 2140 1084 2197 Actumd
1111 2138 1377 2195 Scalistati
1399 2135 1543 2201 villa,
1575 2133 1773 2204 palatio
1802 2130 2037 2200 publico,

460 2241 517 2296 in
531 2238 631 2295 ‘Dei
665 2235 885 2291 nomine
912 2231 1163 2288 feliciter.
1194 2232 1386 2284 Amen.
1718 2244 1729 2251 -

1181 2335 1326 2392 XXI.

470 2439 789 2507 Prwceptum
830 2431 1000 2507 Caroli
1032 2426 1209 2507 Magni
1249 2442 1348 2507 quo
1392 2419 2042 2507 ιηφιαειιῑςήρξοηυείαηὶις

717 2507 872 2556 deum
902 2501 1074 2553 alliam
1108 2487 1424 2550 Eusarcham
1454 2493 1614 2564 (anno
1645 2491 1797 2557 775).

969 2588 1060 2650 (Ex
1082 2588 1146 2638 Ι).
1168 2588 1412 2648 Bouquet,
1441 2585 1580 2645 ibid.)

542 2677 768 2733 (.Zarolus
795 2673 959 2742 gratia
984 2671 1074 2725 Dei
1111 2684 1200 2724 rex
1235 2669 1560 2722 Francorum
1591 2674 1643 2721 et
1675 2665 2054 2735 Langobardo-

479 2783 597 2824 rum
626 2806 641 2831 ,
691 2762 940 2819 omnibus
992 2760 1233 2815 ﬁdelibus
1290 2758 1490 2812 nostris
1539 2767 1644 2811 tam
1700 2755 2055 2825 praiscntibus

487 2872 647 2931 quam
678 2854 894 2911 futuris.
928 2852 992 2907 Et
1019 2852 1140 2920 quia
1172 2857 1421 2906 monente
1450 2848 1727 2918 Scriptura
1750 2846 1824 2902 ita
1849 2855 2061 2916 oportet

480 2960 919 3019 unumquemque
946 2951 1257 3000 constanter
1308 2940 1630 3009 pmparari,
1673 2951 1937 3010 quatenus
1971 2954 2059 2994 ves

482 3043 664 3098 niente
693 3039 745 3094 in
779 3047 1069 3106 conspectu
1105 3034 1318 3102 superni
1344 3030 1548 3089 Iudicis
1596 3032 1744 3088 illam
1783 3032 2054 3095 mereatur

487 3132 693 3188 Domini
742 3131 882 3201 piam
925 3141 1110 3183 vocem
1143 3125 1367 3190 'andire,
1417 3123 1558 3181 unde
1600 3137 1795 3179 omnes
1815 3124 1944 3193 justi
1986 3139 2053 3178 cx

485 3222 641 3287 bonis
666 3220 873 3276 actibus
896 3224 1056 3274 erunt
1081 3214 1272 3284 gavisi.
1303 3214 1636 3283 Quapropter
1686 3228 1786 3270 nos
1825 3213 2058 3270 salubri-

486 3323 585 3376 ter,
615 3320 673 3364 ut
703 3309 993 3374 credimus,
1025 3305 1435 3364 considerantes
1462 3305 1691 3373 qualiter
1728 3319 1795 3360 ea
1831 3304 2059 3361 terrenis

485 3404 648 3458 rebus
672 3442 687 3467 ,
719 3401 909 3471 quibus
934 3413 1164 3469 superna
1191 3397 1359 3469 gratia
1387 3395 1540 3451 nobis
1568 3396 1850 3451 afﬂuenter
1877 3396 1930 3451 in
1960 3396 2065 3453 hoc

486 3494 683 3550 saeculo
712 3496 906 3562 largire
936 3489 1148 3560 dignata
1178 3500 1294 3553 est,
1324 3491 1511 3544 saltim
1545 3489 1701 3544 nobis
1731 3490 1785 3543 in
1815 3490 2064 3559 pauperi-

492 3588 590 3637 bus
616 3597 681 3636 ex
711 3583 812 3633 huc
839 3581 1075 3634 tribuere
1105 3578 1444 3642 deberemus,
1474 3578 1619 3632 unde
1640 3576 2062 3632 miscricordiam

492 3672 747 3728 Altissimi
796 3670 1018 3738 adipisci
1071 3668 1355 3727 valeamus.
1409 3667 1616 3722 idcirco
1663 3668 1924 3722 donamus
1970 3682 2066 3736 pro

491 3765 684 3817 aninue
716 3769 912 3815 nostra:
942 3757 1182 3814 remedio
1205 3757 1271 3813 ad
1299 3757 1580 3813 ecclesiam
1604 3758 1773 3813 sancti
1804 3757 2063 3826 Dionysii,

494 3854 586 3910 ubi
617 3855 730 3924 ipse
761 3852 1032 3922 pret-intus
1059 3852 1287 3932 domnus
1336 3865 1465 3905 cum
1503 3850 1667 3906 sociis
1710 3851 1821 3908 suis
1844 3862 2070 3923 carpare

495 3946 818 4015 quiescunt,
848 3953 903 3997 et
933 3942 1250 3998 venerabilis
1279 3943 1359 3997 vir
1385 3932 1644 3999 Fulradus
1675 3943 1809 3998 abba
1841 3959 2073 4014 prmesse

496 4037 725 4103 videtur,
754 4048 802 4091 et
835 4049 933 4089 nos
958 4032 1176 4089 Christo
1210 4035 1440 4104 propitio
1466 4048 1494 4087 a
1526 4049 1666 4089 novo
1684 4035 2072 4092 ardillcavimus

499 4141 687 4196 opere,
712 4136 766 4181 et
789 4125 953 4179 modo
987 4138 1110 4179 cum
1153 4140 1345 4194 magno
1384 4124 1581 4180 decore
1619 4125 1878 4194 iussimus
1924 4127 2080 4183 dedi-

501 4230 648 4279 care,
698 4214 1059 4282 donruumqne
1104 4214 1156 4266 in
1214 4222 1468 4283 perpetuo
1514 4214 1583 4267 ad
1621 4217 1792 4284 ipsum
1830 4224 2076 4271 sanctum

511 4308 683 4360 louun
718 4319 838 4359 esse
868 4304 1140 4369 volumus,
1180 4303 1283 4358 hoc
1330 4316 1412 4358 est
1444 4302 1594 4359 villas
1637 4286 1846 4361 nostras
1877 4307 1929 4361 in
1964 4308 2079 4362 loca

1295 290 1352 348 ιι.
1395 291 1641 348 ιῑΛιιυΙΛ
1686 286 1909 342 inerti»
1934 279 2083 337 OPP.
2129 275 2305 333 PARS
2346 273 2382 339 ι,
2428 266 2670 329 salum)
2710 266 2772 322 ll.

1087 419 1168 469 vel
1219 414 1379 467 ullum
1429 390 1648 463 censum
1690 411 1779 457 aut
1829 401 1988 454 ullam
2020 397 2066 452 Δ
2095 394 2243 459 dum,
2276 392 2361 448 vel
2388 388 2652 458 stipendia
2686 394 3000 453 pauperum.
3055 391 3162 433 tam
3205 376 3490 445 praedictas
3523 373 3685 430 villas

2096 482 2360 554 prolicere
2385 479 2616 534 debeant
2658 476 2713 528 in
2743 469 3081 542 augmentls,
3129 468 3179 522 id
3225 474 3309 522 est
3338 508 3353 531 ,
3403 478 3510 520 una
3557 477 3688 518 curn

2103 553 2287 637 terris,
2313 570 2581 633 domibus,
2612 564 2873 624 aediliciis.
2901 559 3188 615 uccolabus
3205 596 3220 621 ,
3248 554 3530 623 utancipiis
3550 591 3585 623 ι
3604 553 3692 605 vi-

2104 663 2248 726 ttcis,
2298 660 2490 732 sylvis,
2527 655 2726 724 pratis,
2758 652 2998 722 pascuis,
3032 650 3186 719 aquis
3228 659 3561 716 aquarumve
3584 644 3687 696 de-

2106 729 2371 815 cursibus,
2407 746 2696 807 lanistariis,
2726 740 3012 796 mobilibus
3036 747 3090 791 et
3117 732 3482 790 immobilibus
3502 770 3521 795 ,
3546 729 3697 784 sicut

2108 857 2267 912 supra
2297 843 2557 907 diximus,
2585 851 2710 891 cum
2733 834 2879 889 omtd
2931 830 3233 899 integritate
3281 839 3403 894 pars
3451 818 3701 891 pmdicti

2112 931 2455 995 monasterii,
2504 926 3031 998 ejttsqnerectores
3086 916 3351 982 habeant,
3389 923 3613 968 teneant
3636 923 3699 967 et

2113 1024 2448 1095 possideant,
2481 1019 2563 1073 vel
2609 1013 2860 1086 quicquid
2914 1010 3111 1065 exinde
3161 1007 3341 1063 facere
3390 1004 3700 1067 voluerint,

2117 1115 2313 1168 nostris
2363 1121 2417 1166 et
2468 1108 2657 1162 futuris
2714 1102 3049 1173 temporibus
3119 1098 3386 1153 licentiam
3435 1096 3704 1154 habeant.

1927 1218 2018 1273 νει
2118 1216 2379 1274 quatenus
2408 1202 2597 1256 melius
2626 1199 2855 1253 delectet
2883 1194 3029 1263 ipsos
3054 1204 3241 1246 servos
3275 1188 3365 1243 Dei
3396 1203 3491 1258 pro
3519 1187 3707 1249 nobis.

2124 1301 2482 1364 prosequente
2528 1288 2787 1359 progenie
2820 1294 3001 1340 nostra
3022 1325 3037 1346 ,
3066 1282 3156 1336 die
3196 1288 3460 1346 nociuque
3490 1275 3710 1330 Domini

2126 1383 2547 1441 misericordiam
2574 1379 2827 1434 attentius
2852 1376 3165 1445 deprecare.
3202 1370 3267 1426 Et
3305 1380 3359 1423 ut
3390 1369 3502 1422 haec
3524 1374 3718 1421 aucto—

2129 1479 2258 1531 ritas
2289 1473 2492 1529 lirmior
2522 1469 2806 1531 habeatur,
2839 1464 2923 1521 vel
2953 1478 3048 1535 per
3086 1470 3327 1530 tempora
3354 1458 3544 1513 melius
3575 1471 3715 1511 con-

2130 1574 2393 1629 servetur,
2430 1576 2591 1616 manu
2627 1559 2839 1626 propria
2869 1557 3059 1611 subter
3097 1567 3218 1608 eam
3245 1549 3583 1606 decrevimus
3622 1561 3719 1601 ro-

2137 1657 2364 1733 borarc,
2399 1652 2485 1706 vel
2511 1651 2577 1705 de
2602 1648 2763 1703 anulo
2795 1654 2983 1701 nostro
3005 1644 3261 1714 iussimus
3288 1639 3540 1711 sigillare.

3566 253 3679 310 9ίο

2205 1743 2426 1812 Signum
2453 1740 2628 1797 Caroli
2655 1734 3027 1808 gloriosissimi
3047 1732 3212 1803 regis.

2206 1832 2522 1902 Wigbaldns
2544 1828 2614 1884 ad
2641 1829 2810 1882 vicem
2842 1825 3071 1881 liitberii
3101 1821 3430 1891 recognovit.

2215 1926 2345 1979 Data
2374 1923 2561 1992 quinto
2590 1918 2705 1973 Kal.
2740 1912 2955 1971 Martias
2995 1926 3136 1969 anno
3172 1914 3401 1983 septimo
3439 1920 3495 1964 et
3545 1908 3730 1975 primo

2593 2014 2781 2066 Actum
2839 2008 2891 2061 in
2959 2003 3290 2059 monasterio
3346 2000 3527 2056 Sancti
3594 1998 3729 2051 [λιι-

2857 2166 3025 2223 XX“,

2052 2324 2061 2329 -
2148 2267 2397 2337 Diploma
2423 2263 2596 2320 Caroli
2627 2259 2813 2337 Ungui
2970 2256 3290 2337 inquit“:
3334 2250 3547 2307 ratioin
3604 2246 3737 2301 Dio-

2655 2324 2856 2400 nyalani
2888 2332 3045 2398 (anno
3073 2324 3226 2395 ΠΒ).

2180 2490 2189 2495 _
2462 2424 2556 2487 (Ex
2577 2424 2638 2473 D.
2660 2422 2903 2484 Bouquet,
2936 2417 3137 2467 llecucil
3161 2416 3251 2466 des
3273 2412 3423 2478 llist.)

2223 2510 2450 2566 Carolus
2481 2505 2652 2577 gratia
2686 2498 2779 2557 Dei
2816 2517 2908 2556 rex
2943 2500 3268 2556 Francorum
3318 2508 3370 2556 et
3422 2496 3737 2566 Langobar-

2154 2592 2664 2661 dornm,'omnibus
2711 2591 2954 2646 lidelibns
2998 2589 3193 2644 ucstris
3234 2599 3338 2642 tam
3384 2584 3746 2657 praesentibus

2156 2707 2313 2762 quam
2366 2687 2575 2743 futuris.
2631 2684 2932 2753 Cognoscat
2969 2679 3275 2749 magnitudo
3328 2691 3425 2732 seu
3479 2674 3747 2730 industria

2160 2790 2336 2839 vestra
2365 2794 2432 2835 eo
2456 2771 2599 2848 quod
2630 2774 2711 2828 vir
2749 2771 3012 2827 Fuiradus
3045 2770 3183 2826 abba
3219 2768 3289 2825 de
3326 2765 3657 2823 monasterio
3682 2764 3743 2819 S.

2163 2869 2402 2947 Dionysii
2430 2864 2717 2938 martyris,
2763 2861 2852 2917 ubi
2888 2860 3008 2932 ipse
3054 2860 3328 2931 preciosos
3379 2868 3609 2925 corpore
3659 2869 3752 2909 re.

2163 2944 2415 3035 quiescit,
2445 2957 2635 3017 detulit
2659 2954 2811 3011 nobis
2831 2951 3201 3015 concessionis
3221 2949 3303 3005 vel
3325 2944 3753 3005 continuationis

2081 3073 2129 3136 ο
2167 3052 2492 3111 anteriorum
2540 3060 2745 3115 regum,
2793 3054 2888 3098 sat
2935 3041 3137 3097 domno
3183 3049 3238 3095 et
3285 3036 3521 3110 genitori
3568 3043 3761 3091 nostro

2162 3142 2386 3214 Pipplno
2437 3138 2665 3194 condam
2722 3133 2881 3203 regis,
2941 3131 3173 3202 qualiter
3218 3142 3249 3183 ει
3304 3130 3462 3199 longo
3514 3134 3760 3197 tempore

2159 3232 2336 3291 omnis
2362 3224 2626 3287 tolloneos
2647 3224 2714 3281 de
2748 3218 2976 3281 viilabus
3001 3226 3314 3278 memorata:
3343 3218 3626 3282 Ecclesia,
3661 3231 3757 3270 seu

2161 3327 2229 3383 de
2254 3322 2500 3379 homines
2532 3316 2625 3389 qui
2661 3329 2828 3385 super
2860 3323 3031 3369 terras
3074 3326 3261 3368 eorum
3297 3322 3646 3367 commanere
3683 3307 3766 3360 vi-

2162 3416 2378 3480 dentur,
2410 3411 2478 3466 de
2507 3405 2841 3479 negotiantes
2872 3417 3058 3460 eorum
3101 3402 3196 3473 qui
3228 3413 3328 3470 per
3363 3400 3481 3470 ipsa
3510 3413 3637 3454 casa
3663 3397 3767 3452 Dei

2171 3516 2393 3578 sperare
2437 3507 2752 3565 noscuntur,
2780 3496 2847 3552 ad
2877 3496 2989 3566 ipsa
3017 3504 3139 3549 casa
3180 3488 3275 3546 Dei
3314 3492 3713 3548 concessissent
3744 3506 3762 3545 :

2167 3597 2265 3655 sed
2290 3610 2391 3653 nos
2422 3596 2547 3650 dum
2578 3591 2651 3647 ita
2691 3591 2744 3646 in
2792 3601 2981 3644 eorum
3018 3582 3443 3642 conﬁrmationis
3492 3582 3576 3637 vel
3627 3596 3769 3652 prae-

2169 3686 2427 3760 ceptiouis
2504 3684 2834 3740 anterion
2909 3694 3094 3752 regum
3161 3678 3463 3737 invenimus
3523 3676 3675 3746 quod
3732 3690 3771 3727 ι

2173 3782 2330 3848 longo
2373 3786 2616 3845 tempore
2652 3771 2751 3828 iuit
2778 3782 3118 3827 concessum.
3157 3769 3449 3838 Propterea
3499 3780 3599 3837 per
3626 3779 3771 3836 prae-

2173 3877 2389 3925 seutent
2421 3865 2795 3921 auctoritatem
2853 3871 3091 3917 nostram
3145 3859 3324 3915 denuo
3380 3857 3773 3914 conﬁrmamus

2177 3969 2239 4014 ut
2262 3973 2357 4029 per
2384 3970 2548 4026 regna
2577 3956 2684 4010 Deo
2713 3951 2959 4022 propicio
2996 3961 3203 4018 nostra,
3234 3948 3459 4007 Francia
3500 3960 3558 4005 et
3592 3948 3779 4013 Italia,

2180 4060 2287 4104 tam
2322 4048 2394 4103 de
2429 4047 2652 4102 navibus
2699 4043 2790 4113 qui
2823 4054 2919 4112 per
2945 4044 3191 4097 universa
3232 4040 3456 4096 ﬂumina
3488 4039 3558 4094 ad
3582 4044 3775 4094 surre-

2180 4150 2325 4196 ctutn
2373 4154 2468 4194 seu
2518 4136 2584 4193 ad
2622 4136 2951 4198 discensum,
3002 4133 3086 4189 vel
3138 4145 3315 4201 carra,
3364 4132 3539 4201 adque
3582 4144 3775 4187 eorum

2183 4245 2421 4296 strumas,
2460 4243 2667 4284 necnon
2704 4226 2773 4284 de
2820 4226 3064 4282 homines
3091 4239 3303 4291 eorum,
3342 4238 3440 4279 seu
3488 4224 3771 4294 negotiari.

2187 4334 2268 4379 tes
2298 4322 2395 4389 qui
2419 4335 2513 4392 per
2553 4321 2664 4390 ipsa
2711 4332 2835 4373 casa
2887 4330 3109 4386 sperare
3151 4316 3415 4383 videatur,
3448 4317 3779 4385 ubicumque

512 4408 878 4464 nuncupantes
931 4398 1239 4462 Luzarcba,
1271 4412 1389 4464 quae
1430 4398 1643 4466 ponintr
1671 4399 1722 4452 in
1758 4413 1892 4470 pago
1922 4401 2054 4454 Pari.

2188 4426 2574 4486 quascumque,
2612 4422 2776 4483 pagus
2806 4421 2913 4465 tam
2947 4410 2998 4464 in
3038 4408 3302 4474 civitates,
3330 4407 3584 4474 castellis,
3617 4408 3774 4468 vicis.

507 4488 685 4547 siaco,
727 4499 888 4555 super
942 4485 1101 4539 ﬂuvio
1145 4488 1232 4555 qui
1274 4498 1633 4543 vocatur......
1681 4503 1782 4543 una
1836 4506 1955 4545 cum
1997 4495 2083 4548 illa

514 4574 742 4629 ecclesia
773 4575 823 4627 in
857 4575 1059 4628 bonore
1089 4578 1259 4628 sancti
1293 4576 1499 4631 Cosmze
1546 4590 1600 4631 et
1643 4580 1919 4645 Damiani,
1953 4599 2082 4638 ncc-

519 4682 623 4718 non
654 4676 704 4717 et
735 4664 836 4717 alia
861 4667 982 4720 villa
1013 4677 1189 4719 nostra
1214 4669 1261 4720 in
1289 4668 1408 4722 loco
1438 4682 1780 4739 nuncupantc
1798 4673 2085 4740 διαϐαίνειν,

522 4770 636 4823 qua‘
671 4756 883 4823 ponitur
914 4755 965 4808 in
995 4770 1127 4824 pago
1159 4756 1404 4822 Meldico,
1438 4773 1557 4813 cum
1609 4762 1857 4817 omnibus
1911 4764 2091 4820 terrui-

517 4849 599 4902 nis
631 4845 714 4899 vel
745 4845 1076 4915 appendiciis
1101 4859 1303 4911 eurum,
1348 4861 1403 4901 ut
1433 4864 1552 4904 cum
1600 4855 1742 4907 onini
1792 4855 2095 4925 integritate

522 4937 585 4989 ad
616 4937 731 5004 ipso
763 4937 1088 4991 monasterio
1114 4939 1196 4990 vel
1230 4936 1506 4993 rnonacbis
1548 4940 1751 4997 ibidem
1788 4945 2097 5002 deservien-

478 5024 691 5093 ‘tibus,
727 5046 819 5082 seu
852 5030 901 5082 in
934 5031 1281 5084 luminaribus
1314 5033 1478 5100 ipsius
1515 5033 1767 5090 Ecclesia:
1808 5054 2097 5106 procuran-

594 5198 621 5265 τι
653 5183 781 5265 ξ-ινθ
803 5182 1031 5265 cinctio.
1062 5184 1600 5265 Ducange,_tom.__lV.
1629 5206 1744 5259 pag.
1791 5189 1941 5248 l3l5.

594 5255 622 5292 ιι
653 5255 776 5334 _lloc
806 5256 1021 5334 nomine
1049 5271 1241 5311 census
1265 5259 1345 5334 vel
1379 5255 1748 5334 reddibitrenis
1787 5264 2096 5334 designatur

526 5326 885 5404 quodcunque
917 5324 1171 5404 tributum
1212 5328 1299 5380 vel
1339 5331 1573 5404 vectigal
1597 5333 1679 5404 in
1699 5324 1934 5404 genere?
1961 5337 2099 5391 Ideni

524 5393 746 5469 tom.__l|,
923 5393 1062 5469 i823,
1096 5406 1149 5448 ct
1172 5409 1300 5450 tom.
1339 5398 1399 5463 V,
1435 5393 1552 5469 pag.
1591 5393 1807 5457 l207’et
1834 5402 1987 5458 i2l5.

597 5474 619 5500 ε
645 5463 801 5541 iluuc
855 5465 1127 5541 iiadonem
1170 5463 1545 5541 cancellarium
1603 5478 1848 5525 cucullum
1880 5490 1998 5528 esse
2043 5490 2104 5529 ac

531 5531 882 5609 “sollicitent.
913 5535 1000 5609 qui
1030 5548 1211 5600 postea
1235 5539 1514 5609 episcopus
1549 5541 1952 5609 Argentmeusi»
1981 5548 2075 5598 l'nit

531 5590 1082 5681 Dgigtasturwen'ckcr,
1131 5608 1181 5657 ιιι
1229 5590 1468 5681 collectis
1530 5590 1940 5681 Ᾰ

536 5667 847 5727 Opinionem
879 5682 1004 5722 vero
1027 5673 1141 5737 ejus
1160 5688 1263 5727 non
1305 5677 1579 5743 probaturi
1606 5667 1711 5748 iam
1739 5667 1996 5740 dix'inruu

2193 4507 2381 4577 portis,
2412 4506 2593 4574 pontis
2630 4500 2879 4572 publicis,
2930 4503 3012 4558 vel
3069 4504 3299 4571 reliquas
3343 4499 3651 4567 mercadus,
3681 4501 3779 4554 ad.

2192 4599 2456 4662 venerint,
2497 4595 2692 4650 uec'de
2738 4594 2969 4649 hominis
2999 4608 3185 4648 eorum
3237 4608 3327 4661 QII
3374 4607 3541 4660 super
3583 4607 3783 4647 eor-tn

2195 4688 2351 4744 terris
2378 4696 2721 4740 cummanere
2751 4683 3021 4747 videntur,
3063 4696 3161 4737 nec
3206 4681 3260 4737 in
3287 4696 3475 4737 eorum
3506 4679 3663 4737 villas
3694 4682 3785 4734 vet

2195 4792 2371 4849 agros,
2407 4790 2504 4831 nec
2542 4777 2608 4829 de
2645 4770 2877 4851 hominis
2912 4766 3002 4843 qui
3040 4773 3105 4828 ad
3138 4770 3281 4828 foras
3314 4772 3366 4828 in
3408 4787 3595 4827 eorum
3625 4772 3785 4827 villas

2196 4872 2260 4924 ad
2292 4867 2705 4939 negociandum,
2738 4865 2821 4920 vel
2846 4866 2969 4919 vitta
2996 4864 3416 4932 mutarandum
3438 4864 3787 4927 adveneris,

2200 4959 2399 5013 uallum
2437 4959 2751 5024 telloocu-m,
2781 4968 2955 5025 neque
2982 4955 3389 5017 exclusaticum,
3422 4964 3603 5024 neque
3624 4955 3782 5009 dect

2201 5064 2365 5137 mum,
2399 5063 2496 5104 nec
2528 5047 2946 5117 barganaticom,
2973 5061 3070 5102 nec
3107 5045 3421 5112 rodaticom,
3454 5060 3553 5100 nec
3580 5046 3788 5113 ponde-

2273 5198 2319 5284 ἀ.
2343 5198 2508 5284 Hodie
2534 5201 2786 5284 oppiduni
2835 5196 3100 5284 S'Clt’biat‘i‘l
3126 5198 3449 5284 innAlsatia;
3479 5210 3614 5284 tun'c‘
3644 5209 3787 5251 tent-

2204 5270 2350 5342 p0ris
2379 5267 2662 5342 Scit-stadii
2702 5269 3015 5342 versabatur
3046 5269 3283 5342 Carolus
3302 5269 3547 5342 Magnus.
3575 5267 3788 5333 Regna

2202 5336 2268 5397 ad
2318 5356 2516 5395 annum
2563 5340 2667 5394 775
2695 5352 2767 5393 ait
2813 5358 2824 5393 :
2875 5359 2893 5390 ι
2932 5339 3157 5393 Carolus
3203 5336 3501 5393 celebravit
3554 5340 3785 5391 natalem

2209 5412 2413 5465 Don‘tiui
2450 5410 2500 5464 in
2543 5411 2666 5463 villa
2698 5424 2815 5475 quae
2858 5410 3053 5462 dicitur
3095 5410 3363 5465 Seiiicstat
3393 5409 3451 5461 in
3497 5403 3713 5462 Elsatiu.
3758 5425 3781 5456 ι

2207 5486 2356 5549 Quod
2405 5498 2612 5549 quoque
2644 5492 2887 5535 asserunt
2913 5481 3154 5544 annales,
3185 5481 3275 5548 qui
3304 5480 3554 5549 dicuntur
3600 5476 3787 5531 Loisco

2209 5548 2354 5609 liani.
2386 5548 2522 5618 apud
2565 5551 2929 5619 Bouquetutn,
2963 5559 3091 5605 tom.
3131 5550 3191 5609 ν,
3218 5564 3337 5619 pag.
3371 5548 3461 5614 39,
3486 5558 3539 5601 et
3567 5549 3735 5601 annali
3756 5562 3788 5600 a

2210 5622 2556 5746 E‘rlzncloru‘m‘,
2588 5622 2676 5744 q‘u‘i
2732 5620 2983 5676 dicuntur
3012 5622 3200 5674 'l'iliani
3228 5662 3243 5687 ,
3292 5622 3433 5689 apud
3484 5620 3787 5682 Ducbesuc,

2211 5705 2334 5745 ιιιιιι.
2372 5705 2434 5758 Il,
2460 5708 2575 5761 pag.
2616 5705 2698 5744 Η.
