4034 6182
483 327 587 384 9l3

1181 447 1364 502 XXIV.

479 557 651 608 (forati
695 556 873 625 Magni
915 566 1237 624 prtcceptum,
1267 576 1367 627 qua
1407 562 1550 614 varia
1601 563 1898 615 monasterii
1928 561 2055 616 Dio-

548 629 748 694 nysiani
792 629 918 699 bona
971 628 1059 678 sub
1105 627 1326 696 Pippino
1375 647 1490 699 rege
1530 643 1848 699 recuperata,
1889 634 2054 686 tidem

547 697 852 748 monasterio
882 699 1150 762 confirmat
1185 708 1344 767 (anno
1375 697 1525 765 775).

814 810 905 870 (Ex
935 811 1138 872 Mabill.,
1161 812 1227 861 de
1251 813 1325 864 Re
1361 813 1712 875 diplomatiea.)

542 914 762 968 Carolus
806 917 973 982 gratia
1026 915 1120 968 Dei
1164 930 1254 971 rex
1297 915 1634 970 Francorum
1663 930 1715 971 et
1747 916 2052 987 Langobar-

469 1005 682 1069 dorum,
732 1006 982 1059 tnnnibus
1017 1005 1306 1074 episc0pis,
1339 1008 1644 1070 abbatibus,
1677 1008 1924 1071 ducibus,
1956 1023 2049 1064 co-

470 1096 706 1162 mitibus,
737 1097 1068 1164 dortreSticis,
1101 1099 1472 1166 gral’ﬁonibus,
1516 1101 1749 1164 vicariis,
1789 1110 2040 1154 centena-

469 1186 582 1253 riis,
633 1187 715 1241 vel
767 1203 957 1242 omnes
1009 1189 1202 1244 missos
1254 1198 1466 1244 nostros
1511 1190 1914 1256 discurrentes,
1963 1190 2046 1245 vel

464 1278 785 1346 quibuslibet
839 1277 1101 1346 judicaria
1159 1289 1423 1348 potestate
1477 1280 1716 1347 prazditis
1764 1298 1777 1334 :
1820 1280 2041 1336 Summa

463 1383 589 1423 cura
621 1377 676 1422 et
717 1369 1016 1424 sollicitudo
1056 1371 1216 1425 debet
1262 1384 1381 1426 esse
1431 1387 1636 1441 regum,
1683 1380 1738 1426 ut
1775 1387 1837 1426 ea
1866 1387 1984 1441 qua:
2012 1386 2040 1424 a

460 1458 826 1514 sacerdotibus
876 1477 972 1529 pro
1013 1461 1379 1530 op0rtunitate
1417 1465 1764 1518 ecclesiarum
1797 1463 1888 1517 Dei
1922 1463 2039 1516 fue-

460 1553 567 1608 rint
615 1557 900 1622 postulata,
951 1557 1180 1609 solerter
1225 1557 1536 1626 perspicere
1579 1565 1633 1610 et
1663 1571 1898 1626 congrua
1955 1555 2038 1609 vel

458 1656 722 1712 Oportuna
773 1647 851 1699 eis
906 1645 1160 1699 beneﬁcia
1213 1663 1316 1699 non
1363 1647 1650 1715 denegare,
1694 1647 1787 1701 sed
1827 1661 1887 1700 ea
1917 1659 2038 1714 quae

458 1749 555 1802 pro
587 1734 676 1788 Dei
701 1745 822 1787 sunt
854 1735 1042 1788 intuitu
1073 1735 1136 1788 ad
1165 1735 1415 1790 clientum
1440 1737 1491 1789 in
1522 1736 1611 1790 Dei
1637 1737 1852 1790 nomine
1884 1751 2033 1788 man-

1366 334 1426 389 Β.
1467 335 1712 391 CMiULl
1757 338 1966 394 MAGNI
2011 343 2158 396 Ul’l’.
2207 341 2379 398 PARS
2423 347 2460 409 Ι,
2502 346 2741 402 SECTIO
2780 347 2846 404 ll.

2091 459 2135 514 Α
2168 452 2300 518 late,
2337 456 2787 524 Ambrico-curte,
2819 460 3080 517 Ebroaldo
3108 472 3281 527 curte,
3313 465 3516 523 Gellis:
3551 471 3666 526 simi
3690 475 3732 528 i-

3637 361 3730 419 ιλιι

2163 555 2245 598 ter
2295 547 2345 598 in
2397 561 2529 615 pago
2573 548 2947 616 Camliacinse,
2982 551 3102 606 loco
3132 553 3223 622 qui
3276 555 3472 610 dicitur
3506 559 3732 614 Bodero-

2161 634 2304 698 villo,
2356 645 2411 688 et
2454 636 2619 690 Nialla
2651 655 2663 690 :
2695 641 2941 694 similiter
2969 641 3021 694 in
3055 657 3189 711 pago
3234 642 3498 700 Vilcasino
3546 648 3732 706 Bacivo

2157 725 2435 793 superiore
2462 738 2513 780 et
2542 728 2843 782 subteriore
2873 739 2924 783 et
2954 731 3183 799 Madrin,
3213 749 3372 802 quem
3404 736 3558 791 Gabb
3582 741 3732 794 t'risio

2158 829 2252 880 per
2281 816 2597 871 beneﬁcium
2623 819 2805 873 habuit
2831 840 2844 874 ;
2869 819 3119 876 similiter
3144 823 3196 877 in
3227 839 3362 894 pago
3382 827 3730 885 Madriaeinse

2159 902 2360 970 Viuias,
2392 908 2642 976 Catnapio
2681 919 2738 964 et
2763 910 3026 981 Niventis,
3077 912 3402 981 \‘dla-nova,
3448 918 3730 986 llosbacio,

2154 993 2451 1064 Sigrancio,
2507 999 2893 1058 Uerene-certe
2923 1019 2938 1055 :
2974 1002 3224 1060 similiter
3263 1007 3316 1062 in
3361 1023 3498 1080 pago
3547 1010 3730 1068 Tellau

2151 1082 2267 1138 loca
2292 1089 2737 1154 cognominantes
2760 1092 2958 1158 P.ctns,
2987 1096 3260 1163 Macerias,
3286 1097 3727 1172 Verno,l"irrera,

2150 1171 2326 1240 Porio,
2380 1176 2636 1245 Bodaloa,
2684 1181 3121 1251 Brittene—valle,
3172 1187 3454 1254 Artiltaco,
3507 1171 3727 1262 Agusta,

2147 1262 2412 1330 Bausero,
2456 1269 2810 1340 Crisonarias,
2868 1273 3147 1331 Uvariaco.
3201 1278 3464 1337 Similiter
3495 1285 3546 1338 in
3585 1301 3722 1359 pago

2149 1352 2372 1408 Vimnau
2403 1356 2517 1412 loca
2541 1365 2986 1440 cognominantes
3014 1367 3212 1435 ωλι-οε,
3238 1369 3464 1439 Halcha,
3488 1352 3724 1440 ualebis,

2143 1454 2195 1495 et
2227 1443 2491 1509 Avisinas,
2544 1447 2782 1513 llodeno,
2829 1438 3086 1520 Rodalca,
3139 1456 3411 1525 Sodicola,
3453 1438 3727 1530 rVidriaco,

2142 1533 2382 1624 llornna,
2413 1539 2601 1595 Arcas.
2623 1542 2884 1600 Similiter
2904 1546 2957 1601 in
2986 1563 3121 1617 pago
3142 1549 3411 1624 Parisiago
3433 1555 3727 1616 Tabernas.

2141 1622 2402 1680 Similiter
2457 1626 2511 1681 in
2571 1645 2704 1699 pago
2761 1634 3118 1692 Ambianinse
3167 1639 3284 1695 loca
3333 1622 3425 1713 qui
3474 1645 3728 1704 dicuntur

2139 1712 2405 1786 l’isciago,
2437 1727 2493 1772 et
2525 1720 2785 1789 Adsalto;
2837 1740 2932 1781 seu
2969 1729 3181 1785 diversa
3215 1733 3332 1787 loca
3356 1712 3458 1803 per
3483 1738 3731 1797 diversos

457 1825 654 1893 cipart'.
735 1825 896 1892 Igitur
959 1837 1246 1894 cognoscat
1305 1826 1618 1896 magnitudo
1674 1841 1768 1881 seu
1833 1827 2025 1880 utilitas

2141 1820 2325 1876 pagos,
2372 1821 2480 1864 tam
2521 1813 2747 1882 majora,
2780 1833 2935 1884 quam
2967 1830 3022 1874 et
3051 1823 3281 1890 minora,
3314 1830 3454 1893 quod
3489 1843 3584 1897 per
3609 1832 3726 1885 sin-

455 1927 654 1979 vestra,
703 1917 825 1983 quia
866 1917 1185 1971 venerabilis
1230 1915 1308 1970 vir
1356 1917 1617 1973 Fulradus
1649 1920 1782 1973 abba
1815 1935 1879 1973 ex
1922 1935 2036 1972 mo-

455 2006 688 2059 nasterio
733 2006 1016 2074 peculiaris
1081 2010 1317 2076 patronis
1373 2010 1539 2063 nostri
1593 2010 1764 2064 sancti
1814 2009 2034 2064 Diunisii

456 2098 723 2167 martyris,
779 2099 865 2150 ubi
918 2100 1030 2167 ipse
1080 2101 1352 2168 prcciosus
1402 2101 1632 2156 domnus
1683 2117 1908 2171 corpore
1951 2117 2035 2156 re-

451 2187 700 2256 quiem-it,
732 2189 1033 2242 clementia:
1082 2191 1227 2257 regni
1284 2193 1450 2245 nostri
1499 2193 1780 2261 suggessit,
1815 2201 1869 2246 et
1901 2208 2034 2260 prm-

451 2279 753 2344 reptionetn
796 2279 978 2334 domui
1007 2290 1059 2334 et
1087 2282 1344 2351 genitoris
1388 2286 1554 2337 nostri
1604 2285 1811 2352 Pippini
1863 2301 2033 2352 quon-

449 2372 572 2421 dam
618 2370 759 2438 regis
799 2370 948 2424 nobis
993 2373 1297 2426 ostendedit
1330 2375 1472 2442 relcg
1495 2374 1692 2439 'ndatn,
1724 2374 1811 2428 ubi
1845 2388 2030 2428 conte-

455 2461 686 2513 nebatur
735 2460 990 2514 insertum
1034 2462 1100 2517 de
1145 2464 1304 2516 rebus
1344 2479 1417 2517 sat
1443 2466 1510 2516 cti
1561 2464 1809 2528 Diunisii,
1852 2481 1966 2532 qua:
2003 2479 2030 2518 a

455 2552 614 2621 longo
645 2562 884 2618 tempore
915 2561 1019 2606 tam
1053 2569 1117 2607 ex
1165 2555 1522 2608 muniﬁcentia
1573 2570 1754 2623 regum
1786 2570 1942 2624 quam
1975 2565 2030 2608 et

447 2658 477 2696 a
509 2642 832 2697 Cltrisliattis
857 2643 936 2698 vel
967 2641 1116 2697 Delio
1157 2643 1422 2698 mentibus
1443 2654 1497 2697 et
1530 2645 1682 2699 bonis
1717 2645 2022 2700 hominibus

447 2735 686 2789 conlatas
718 2733 799 2788 vel
828 2733 1053 2788 donatas
1084 2733 1316 2799 fuerunt,
1359 2750 1388 2787 a
1437 2737 1613 2804 pravis
1640 2750 1733 2790 seu
1764 2736 1916 2790 malis
1940 2735 2034 2789 ho-

447 2828 681 2883 m'nibus
707 2843 801 2896 per
829 2828 1008 2896 iniqua
1055 2827 1345 2895 cupiditate
1391 2843 1483 2882 seu
1531 2829 1668 2883 malo
1714 2829 1922 2898 ingenio
1951 2830 2032 2882 vel

448 2918 720 2985 tepiditate
766 2918 1080 2970 abbatorum
1123 2932 1216 2970 seu
1257 2917 1496 2984 neglectu
1537 2917 1795 2986 jud.cium
1827 2918 1891 2971 de
1920 2918 2032 2986 ipsa

445 3023 565 3061 ensa
597 3009 893 3060 abstractas
921 3007 1002 3060 vel
1034 3005 1363 3060 dismanatns
1397 3006 1628 3061 fuerunt.
1663 3006 1813 3063 Unde
1843 3018 1897 3063 et
1927 3008 2026 3077 ipsi

447 3096 693 3150 monachi
748 3097 835 3150 vel
889 3097 986 3166 ipsi
1039 3108 1256 3168 agentes
1306 3113 1406 3151 una
1466 3113 1585 3152 cum
1641 3103 2028 3169 prteceptiones

445 3203 628 3256 regunt
661 3189 743 3241 vel
787 3188 994 3258 reliqua
1034 3199 1331 3243 strumenta
1371 3203 1636 3245 cartarutn
1669 3192 1737 3244 de
1775 3194 1915 3260 ipsas
1941 3206 2024 3245 res

445 3283 495 3334 in
531 3281 725 3349 palatio
765 3289 888 3334 ante
937 3281 1178 3349 genitore
1210 3293 1390 3335 nostro
1419 3296 1512 3336 seu
1543 3281 1658 3350 ejus
1687 3282 1906 3336 ducibus
1938 3279 2029 3349 per

447 3370 630 3443 plures
671 3370 876 3425 vicibus
907 3370 1241 3426 advenerunt
1273 3372 1325 3426 in
1357 3375 1594 3427 rationes
1627 3388 1726 3426 una
1758 3388 1877 3426 cum
1909 3371 2025 3440 plu-

443 3477 528 3514 res
559 3461 886 3525 hotniuibus,
917 3461 1004 3528 qui
1040 3465 1182 3529 ipsas
1216 3478 1300 3516 res
1334 3464 1473 3517 malo
1501 3463 1688 3517 ordine
1730 3466 2024 3527 tenebant;

443 3564 494 3604 et
526 3551 737 3619 geni'or
761 3559 945 3604 noster
971 3567 1064 3619 pro
1091 3555 1390 3606 reverentia
1419 3554 1584 3620 ipsius
1607 3557 1775 3608 sancti
1806 3555 2025 3608 Dilllliaii

447 3645 725 3712 martyris,
771 3645 854 3696 vel
908 3659 1005 3710 pro
1062 3645 1175 3710 ipso
1221 3661 1404 3698 amore
1457 3645 1571 3709 Dti,
1623 3662 1805 3699 eorum
1853 3658 2025 3702 cattas

440 3733 723 3801 diligenter
755 3733 993 3801 relegere
1023 3731 1240 3800 rogarit,
1285 3743 1339 3787 et
1369 3735 1560 3787 missos
1585 3749 1712 3789 suos
1747 3733 2024 3802 Wicltingtt

440 3834 494 3878 et
540 3823 781 3877 Ludione
812 3823 877 3875 ad
905 3837 1090 3875 eorum
1147 3822 1398 3889 petitione
1435 3839 1531 3892 per
1571 3823 1811 3880 diversos
1858 3841 2022 3896 pagos

441 3928 544 3969 una
595 3928 715 3967 cum
764 3914 878 3981 ipsa
929 3923 1223 3967 stromenta
1277 3914 1342 3967 ad
1388 3916 1487 3969 hoc
1516 3915 1889 3985 inquirendum
1938 3919 2020 3973 vel

445 4007 879 4076 investigandum
926 4007 1144 4072 direxit,
1174 4016 1231 4061 ut
1255 4007 1574 4077 ubicumque
1602 4023 1787 4063 eorum
1812 4010 2018 4078 justitia

443 4101 763 4164 invenirent,
797 4101 880 4154 vel
913 4100 1012 4169 ipsi
1047 4100 1294 4154 monachi
1324 4111 1378 4154 et
1405 4101 1503 4168 ipsi
1531 4111 1753 4172 agentes
1784 4102 2017 4172 legitima

439 4202 734 4245 stt-omenta
795 4191 1228 4259 praesentabant,
1286 4193 1369 4246 vel
1399 4207 1520 4246 casa
1571 4195 1739 4246 sancti
1789 4192 2018 4249 Diunisil

439 4284 633 4336 eximie
678 4282 868 4335 vestita
919 4283 1114 4348 fuerat,
1161 4297 1256 4337 seu
1297 4299 1324 4336 a
1356 4284 1509 4338 bonis
1550 4283 1658 4338 Deo
1703 4284 2016 4340 timentibus

441 4374 746 4427 hominibus
776 4373 971 4428 ibidem
1003 4374 1152 4428 datas
1183 4375 1263 4428 vel
1292 4377 1529 4428 conlatas
1561 4376 1790 4438 l‘uerunt,
1821 4385 1875 4430 et
1903 4377 2016 4443 ipsa

2133 1898 2254 1965 gula
2288 1899 2561 1956 nominare
2585 1919 2689 1958 non
2717 1904 2815 1959 fuit
2839 1911 3227 1980 necessarium,
3274 1916 3414 1971 unde
3442 1919 3552 1985 ipsa
3580 1934 3726 1985 casa,

2135 1985 2202 2039 ad
2253 2001 2489 2054 praesens
2533 1995 2720 2047 vestita
2752 2009 2870 2050 esse
2902 1998 3110 2054 videtur
3141 2001 3210 2056 ita
3243 2016 3298 2055 ut
3329 2008 3464 2058 sicut
3497 2012 3563 2059 an
3593 2011 3724 2078 ip~ss

2137 2078 2514 2151 inventumque
2547 2086 2629 2139 vel
2663 2089 3036 2159 investigatum
3067 2094 3200 2161 fuit,
3249 2109 3302 2152 et
3342 2099 3485 2168 ip:as
3515 2121 3598 2156 res
3624 2107 3723 2170 ipsi

2138 2172 2384 2225 monachi
2437 2176 2518 2229 \el
2562 2175 2664 2245 ipsi
2724 2192 2944 2248 agentes
2996 2185 3232 2252 partibus
3281 2192 3452 2243 sant-ti
3497 2193 3727 2251 Diun.sii

2138 2277 2486 2333 receperunt,
2533 2267 2787 2340 deinceps
2817 2274 2869 2328 in
2903 2283 3022 2343 post
3060 2280 3276 2334 modum
3307 2285 3373 2336 ad
3408 2285 3725 2343 hodiernum

2136 2353 2225 2408 die
2265 2356 2376 2422 ipso
2427 2372 2550 2414 casa
2601 2361 2694 2416 Dei
2746 2363 2827 2418 vel
2887 2367 2986 2434 ipsi
3037 2372 3314 2436 monachi,
3365 2389 3459 2428 seu
3508 2389 3726 2446 agentes

2134 2457 2318 2500 eorum
2350 2449 2464 2504 evis
2503 2458 2558 2505 et
2597 2450 2790 2507 futuris
2821 2459 3150 2526 temporibus
3182 2460 3402 2518 habiant
3433 2466 3725 2522 evindeea-

2136 2546 2218 2590 tas
2241 2548 2401 2608 atque
2422 2539 2717 2597 elidieatas.
2750 2542 2898 2599 Unde
2920 2556 2972 2600 et
2993 2547 3110 2617 ipse
3126 2551 3240 2619 jam
3262 2552 3439 2608 dictus
3460 2554 3725 2614 Fulradus

2132 2627 2268 2683 abba
2315 2645 2411 2684 seu
2442 2640 2500 2686 et
2537 2633 2638 2700 ipsi
2683 2637 2928 2692 monachi
2957 2639 3024 2694 de
3055 2640 3173 2711 ipso
3209 2651 3399 2700 sancto
3444 2649 3719 2713 ctenubio,

2134 2719 2224 2789 qui
2257 2722 2307 2773 in
2339 2720 2450 2791 ipsa
2491 2739 2613 2779 casa
2670 2725 2761 2780 Dei
2811 2741 3136 2787 conversare
3184 2734 3268 2789 vel
3317 2737 3479 2791 vitam
3525 2738 3724 2808 degere

2139 2809 2403 2879 videntur,
2434 2815 2585 2869 nobis
2613 2823 2898 2885 petierunt,
2947 2832 3004 2875 ut
3051 2825 3228 2880 denuo
3267 2828 3410 2882 circa
3450 2825 3586 2898 ipsis
3624 2846 3722 2899 pro

2138 2899 2330 2956 futuris
2374 2907 2707 2974 temporibus
2737 2912 3097 2978 praeceptione
3125 2923 3306 2968 nostra
3338 2931 3500 2971 manu
3533 2931 3719 2973 nostra

2137 2990 2340 3045 ﬁrmata
2387 2995 2582 3050 exinde
2619 2997 2698 3052 eis
2737 2999 3022 3056 adﬁrmare
3061 3002 3422 3060 deberemus:
3454 3009 3593 3075 quod
3644 3010 3716 3064 ita

2137 3094 2190 3136 et
2220 3083 2462 3152 fecimus,
2491 3095 2548 3140 ut
2574 3089 2708 3141 siCut
2735 3100 2944 3145 constat
2968 3093 3107 3160 quod
3131 3094 3280 3161 ipsas
3304 3112 3391 3152 res
3420 3098 3718 3170 perlege

2137 3183 2192 3230 et
2214 3176 2479 3244 justitiam
2512 3180 2800 3238 in.Palatio
2841 3195 2966 3238 ante
3009 3187 3254 3253 genitore
3297 3198 3481 3243 nostro
3509 3191 3717 3246 evindi-

2133 3277 2390 3320 caverunt
2418 3268 2500 3322 vel
2531 3283 2867 3338 receperunt,
2903 3282 2959 3327 ut
2990 3284 3096 3329 tam
3146 3275 3261 3347 ipse
3289 3279 3445 3345 abba,
3477 3297 3642 3352 quam
3666 3295 3725 3338 et

2133 3358 2212 3410 sui
2245 3373 2588 3415 successores
2616 3364 2760 3418 omni
2802 3375 3044 3436 tempore
3083 3384 3181 3438 pro
3215 3373 3516 3442 conpendio
3547 3375 3721 3444 (sicut

2133 3449 2382 3516 superius
2428 3451 2685 3508 insertum
2714 3457 2819 3525 est)
2855 3459 2921 3512 ad
2954 3460 3064 3528 ipsa
3093 3473 3276 3516 sancta
3303 3478 3424 3518 casa
3456 3467 3523 3520 ad
3553 3467 3724 3521 lumi-

2133 3541 2282 3593 naria
2337 3543 2694 3611 procuranda,
2727 3562 2824 3603 seu
2852 3553 3166 3606 vestimenta
3208 3558 3598 3612 monachorum
3632 3561 3719 3616 vel

2131 3629 2334 3700 reliqua
2387 3637 2686 3703 conpendia
2733 3655 2826 3694 seu
2871 3645 3268 3712 susceptionem
3327 3663 3618 3718 pauperum
3659 3665 3718 3708 es

2131 3724 2532 3791 peregrinorum
2580 3729 2801 3786 babiant
2850 3734 3181 3791 evindicatas
3218 3747 3377 3807 atque
3405 3742 3712 3809 elidicatas,

2130 3821 2184 3864 ut
2208 3812 2289 3866 eis
2333 3829 2547 3884 seraper
2597 3821 2788 3875 melius
2836 3825 3073 3880 delectet
3117 3841 3213 3896 pro
3257 3830 3412 3885 nobis
3453 3834 3535 3887 vel
3567 3835 3719 3889 ﬁlios

2127 3915 2341 3958 nostros
2393 3920 2486 3961 seu
2537 3925 2632 3976 pro
2687 3914 3180 3994 stabilitate_regni
3233 3918 3560 3977 Francorum
3623 3927 3718 3980 die

2127 4005 2393 4063 noctuque
2447 3999 2835 4059 incessabiliter
2879 4023 3054 4076 orare,
3115 4010 3200 4065 vel
3249 4011 3456 4068 Domini
3497 4017 3718 4069 mist-ri-

2123 4085 2307 4140 cordia
2353 4088 2676 4159 deprecare;
2717 4103 2771 4148 et
2800 4094 2966 4164 (sicut
3015 4097 3172 4154 nobis
3199 4105 3584 4173 promiserunt)
3617 4121 3718 4173 per

2123 4176 2363 4246 singulos
2393 4179 2507 4236 dies
2535 4198 2731 4240 nomen
2781 4195 3019 4242 nostrum
3067 4191 3254 4246 tamin
3293 4195 3510 4261 missas,
3542 4213 3713 4264 qua

2123 4276 2177 4320 et
2223 4267 2276 4322 in
2323 4271 2620 4338 peculiares
2665 4290 2849 4330 eorum
2901 4282 3238 4337 orationibus
3279 4285 3346 4339 ad
3397 4288 3710 4354 sepulcro

2125 4357 2297 4426 ipsius
2348 4363 2516 4416 sancti
2568 4362 2790 4419 Dionisii
2851 4369 3080 4424 debeant
3132 4375 3376 4442 recitare,
3428 4375 3478 4430 si
3523 4380 3712 4435 adhuc

439 4480 560 4518 casa
591 4466 821 4534 legitime
844 4478 896 4520 et
925 4467 1312 4522 rationabiliter
1342 4484 1434 4538 per
1461 4470 1576 4539 lege
1598 4469 1791 4524 exinde
1822 4470 2012 4525 vestita

2136 4453 2336 4504 tnantea
2380 4468 2564 4508 eorum
2605 4456 2810 4526 justitia
2852 4459 3092 4518 invenire
3141 4468 3470 4533 potuerimus
3517 4471 3602 4525 eis
3642 4472 3713 4526 li-

442 4557 629 4620 fuerat,
661 4567 714 4610 et
744 4569 927 4625 postea
977 4573 1073 4627 per
1123 4560 1304 4628 iniquo
1354 4560 1568 4629 ingenio
1611 4561 1680 4616 de
1728 4561 1839 4630 ipsa
1881 4576 2008 4616 casa

440 4652 732 4705 absrractas
790 4652 1036 4714 inerant.
1095 4653 1174 4707 cis
1227 4654 1448 4709 reddere
1498 4655 1811 4709 deberent:
1870 4656 2010 4724 quod

441 4744 531 4794 ita.
566 4781 580 4795 .
613 4779 627 4794 .
658 4779 672 4794 .
701 4782 715 4796 .
747 4753 799 4795 et
822 4743 1084 4795 fecerunt.
1119 4743 1169 4796 Id
1197 4755 1320 4797 sunt
1352 4760 1444 4812 per
1470 4746 1694 4799 diversis
1720 4746 1870 4815 pagis
1895 4746 2011 4801 loca

439 4833 799 4897 denominata,
854 4833 905 4884 in
949 4847 1083 4901 pago
1115 4833 1497 4888 Fantnartense
1536 4837 1668 4888 cella
1701 4837 1789 4904 qui
1818 4837 2014 4889 dicitur

445 4924 634 4983 tit-oce,
670 4925 757 4990 qui
789 4921 980 4991 aspicit
1008 4923 1071 4975 ad
1105 4923 1232 4977 ﬁsco
1262 4925 1556 4989 Solemnio,
1595 4942 1752 4996 quem
1785 4926 2013 4981 domnus

441 5017 744 5070 llildbertus
792 5016 1058 5084 quondam
1093 5033 1184 5072 rex
1213 5018 1278 5070 ad
1311 5034 1431 5072 casa
1461 5021 1629 5072 sancti
1662 5020 1886 5074 Diunisii
1908 5009 2012 5090 per

439 5125 530 5160 sua
567 5110 918 5176 pra-ceptione
949 5112 1216 5164 concessit
1248 5121 1336 5164 :et
1366 5113 1610 5165 Avisinas
1631 5128 1787 5179 quem
1819 5113 2014 5167 Vassus

440 5201 691 5264 periuriis
713 5187 876 5254 nostri
905 5201 1069 5255 tenuit
1096 5219 1107 5254 :
1134 5201 1379 5255 similiter
1406 5203 1457 5255 in
1482 5218 1615 5270 pago
1636 5204 1932 5271 Braghanto
1961 5205 2012 5258 in

445 5293 940 5357 tot-auuncupantes
964 5292 1188 5346 St-aneia
1215 5302 1269 5346 et
1294 5293 1614 5348 Cambrione
1641 5311 1652 5346 :
1685 5294 1930 5350 similiter
1965 5300 2012 5350 in

447 5398 579 5449 pago
641 5384 846 5452 ltriegiu
907 5383 1020 5436 loca
1075 5397 1414 5451 nuneupante
1472 5384 1803 5450 Linariolas;
1854 5398 1906 5440 et
1960 5388 2011 5439 in

349 5509 369 5525 .
445 5473 700 5527 Melciano
757 5474 869 5526 loca
917 5478 1354 5538 cognotrtinaotes
1405 5476 1696 5544 Nartiliago
1747 5487 1800 5531 et
1848 5475 2016 5531 Coco-

450 5567 602 5634 niago
626 5581 640 5629 ;
673 5564 757 5620 vel
778 5565 832 5619 in
858 5567 1167 5619 Belvacinse
1192 5569 1301 5619 τοι-ιι
1329 5571 1594 5622 nominata
1623 5569 2011 5634 Pitito-villare,

454 5658 733 5725 Masciago,
782 5657 1026 5723 Saciago,
1079 5655 1514 5724 Aurinn-villare,
1560 5658 2018 5729 Ttredegario-vil-

2125 4539 2268 4594 benti
2315 4544 2492 4598 animo
2535 4547 2759 4603 reddere
2790 4550 3047 4606 volemus.
3085 4554 3148 4608 Et
3179 4565 3236 4609 ut
3265 4557 3378 4611 haec
3404 4561 3710 4615 auctoritas

2122 4634 2203 4687 vel
2231 4641 2514 4704 praaceptio
2546 4649 2726 4694 nostra
2768 4642 2910 4710 quod
2944 4643 3098 4698 nobis
3122 4648 3528 4714 postulaverunt
3552 4651 3708 4704 circa

2119 4725 2232 4793 ipsa
2278 4741 2402 4782 casa
2433 4730 2524 4784 Dei
2555 4733 2820 4799 proliciat,
2862 4746 2912 4788 et
2963 4738 3084 4790 evis
3132 4748 3186 4790 et
3227 4739 3420 4794 tuturis
3469 4744 3708 4810 tempori

2120 4817 2429 4872 inconvulsa
2456 4832 2511 4875 et
2535 4824 2684 4876 lirma
2711 4824 2906 4879 debeat
2936 4841 3274 4894 permanere,
3297 4847 3456 4885 mam:
3482 4836 3706 4901 propria

2120 4911 2307 4963 subter
2378 4912 2706 4970 ﬁrmavimus
2769 4927 2823 4970 et
2888 4917 3032 4972 anuli
3095 4922 3263 4976 nostri
3341 4922 3709 4993 impressione

2117 4999 2464 5067 signavimus.

2191 5114 2413 5181 Signum
2437 5113 2611 5168 Caroli
2641 5115 3014 5184 gloriosissimi
3048 5121 3208 5189 regis.

2189 5225 2500 5294 thbaldus
2554 5230 2621 5282 ad
2677 5227 2846 5284 vicem
2895 5229 3083 5286 H-iterii
3135 5236 3422 5303 recOgnovi
3470 5246 3523 5291 et
3570 5240 3708 5292 sub-

2115 5331 2188 5371 sc;
2207 5333 2325 5384 Ipsi.

2190 5435 2317 5487 Data
2341 5443 2495 5489 sexto
2520 5435 2637 5490 Kal.
2681 5437 2847 5492 Julias
2895 5455 3041 5495 anno
3087 5444 3316 5512 septimo
3361 5457 3412 5500 et
3457 5449 3701 5502 secundo

2119 5531 2266 5594 κρεκὶ
2319 5525 2508 5581 nostri.
2549 5528 2741 5584 Actum
2789 5529 3066 5604 Carisiago
3115 5537 3310 5604 palatio
3350 5538 3560 5607 publico
3601 5539 3702 5594 Dei

2120 5618 2337 5672 nomine
2364 5617 2605 5674 feliciter.
