4034 6182
291 326 392 384 94ἲὶ

989 434 1155 490 XXV.

287 532 456 589 Caroli
506 532 552 584 Μ
564 530 683 598 agni
733 528 996 594 placitum,
1015 541 1127 598 quo
1150 525 1392 598 adversus
1407 516 1850 598 rrrltrnrodum

351 589 619 656 seniorem"
661 589 970 666 episcopum
1007 595 1346 648 Parisiensem
1401 589 1683 666 Placieiun}
1737 601 1854 666 lno-

361 674 642 726 nasmium
681 656 734 720 in
765 656 892 736 pa'go
942 665 1264 736 Pint-incensa
1301 660 1603 714 nionasterio
1635 657 1694 712 S.
1729 656 1856 709 Dio-

354 743 488 812 nysii
509 740 777 794 ascribitur
807 734 964 807 (anno
993 734 1144 802 775).

351 853 575 909 Carolus
619 849 784 920 gratia
831 847 920 900 Dei
963 857 1060 900 rex
1103 843 1428 898 Francorum
1461 849 1510 894 et
1553 837 1860 907 Langobar-

285 949 496 1010 dorum,
553 943 636 997 vir
681 941 927 996 inluster.
980 936 1126 989 Tune
1179 932 1374 1002 regalis
1437 929 1698 986 celsitudo
1749 928 1860 981 suis

284 1036 531 1094 culminis
558 1033 902 1096 sublimatnr,
940 1028 1154 1097 quando
1179 1034 1491 1080 cunctorum
1517 1022 1692 1092 jurgia
1714 1020 1860 1088 juxta

287 1127 678 1199 praepositionis
725 1125 806 1178 vel
857 1119 1222 1190 responsionis
1265 1115 1474 1182 eloquia
1525 1113 1666 1166 inter
1697 1110 1860 1164 alter-

286 1231 462 1276 utrum
485 1217 698 1274 salubre
719 1213 978 1270 deliberat
1006 1209 1275 1266 sentencia
1299 1225 1314 1262 :
1340 1215 1598 1276 quatenus
1625 1202 1726 1257 sub
1753 1201 1864 1256 Deo

287 1315 340 1368 in
367 1325 492 1381 rege
535 1316 714 1363 manet
759 1312 996 1374 potestas
1045 1299 1314 1370 quomodo
1357 1303 1550 1352 cuncta
1605 1292 1862 1348 te-.ribilia

287 1403 518 1458 debeant
555 1399 838 1454 ordenare.
873 1389 1078 1466 [Igitur]
1123 1405 1242 1446 cum
1293 1404 1392 1444 nos
1421 1390 1472 1440 in
1503 1385 1598 1441 Dei
1631 1397 1864 1439 nomeue

289 1493 452 1548 Duria
477 1489 600 1543 villa
639 1489 691 1542 in
725 1485 936 1538 Palacio
965 1491 1148 1536 nostro
1176 1482 1240 1532 ad
1273 1481 1644 1534 universorum
1675 1489 1864 1530 causas

287 1580 639 1640 audiendum.
683 1575 768 1631 vel
811 1583 954 1630 recta
992 1571 1190 1642 judicia
1223 1569 1626 1625 termenandum
1654 1567 1866 1622 resede-

286 1674 480 1737 rimus,
523 1670 702 1739 ibique
741 1666 963 1721 veniens
1006 1663 1330 1733 apostolicus
1377 1661 1428 1716 in
1468 1659 1681 1715 Christo
1709 1659 1866 1712 Pater

289 1760 708 1820 Herchenradus
735 1757 1020 1826 episcopus
1044 1754 1192 1808 urbis
1223 1751 1453 1806 Parisios
1479 1750 1696 1803 civitte
1725 1762 1867 1818 pon—

289 1856 418 1910 tifex
463 1851 688 1906 Folrado
730 1851 922 1901 abbate
965 1843 1382 1914 interpellabat;
1427 1839 1692 1906 repetibat
1731 1841 1780 1894 ei
1808 1853 1874 1892 eo

287 1947 434 2014 quod
468 1944 566 2013 ipsi
603 1939 830 1996 Placicio
859 1934 1230 2001 monasthirio,
1274 1934 1362 2003 qui
1409 1943 1493 1986 est
1535 1937 1873 1986 constructus

288 2037 344 2091 in
379 2037 580 2088 honore
624 2039 824 2086 sanctm
879 2029 1074 2094 Mariae,
1127 2036 1182 2081 et
1233 2023 1402 2079 sancti
1453 2021 1615 2085 Petri,
1661 2021 1712 2074 in
1743 2032 1876 2084 pago

295 2125 666 2185 Pinciaeense,
697 2135 853 2190 quem
891 2117 1124 2172 Francus
1156 2117 1314 2170 homo
1341 2113 1554 2168 nomine
1579 2109 1876 2164 Aderaldus

296 2219 368 2273 ad
399 2231 520 2271 casa
543 2213 716 2268 sancti
747 2211 948 2276 Maria’,
1003 2221 1056 2264 et
1105 2208 1274 2262 sancti
1313 2205 1564 2274 Stephani
1613 2211 1665 2254 et
1705 2199 1873 2253 sancti

291 2305 550 2362 Germani
579 2319 674 2376 per
731 2317 886 2355 suum
929 2309 1297 2354 strumentum
1337 2293 1704 2356 condonavit,
1761 2292 1875 2360 ipse

291 2401 561 2459 Folradus
587 2397 722 2452 abba
747 2395 812 2450 ad
841 2403 990 2464 parte
1015 2395 1182 2448 sancti
1217 2389 1449 2460 Dionysii
1479 2396 1601 2457 post
1631 2401 1688 2440 se
1713 2384 1876 2440 leniat

291 2491 440 2545 tnan
459 2487 648 2542 ordine
678 2485 872 2554 injuste
897 2501 910 2536 :
940 2483 1032 2537 sed
1061 2481 1175 2551 ipse
1205 2479 1464 2534 Folradns
1488 2477 1624 2530 abba
1647 2475 1714 2530 de
1743 2488 1872 2542 prte-

293 2587 456 2634 sente
478 2575 742 2640 adstabat,
791 2583 846 2628 et
885 2572 1064 2626 taliter
1104 2571 1250 2625 dedit
1302 2569 1354 2622 in
1405 2565 1704 2636 responsis,
1729 2561 1872 2632 quod

291 2670 420 2740 ipso
471 2667 701 2722 Placicio
750 2662 1103 2718 monasthirio
1147 2673 1264 2728 post
1313 2674 1374 2714 se
1407 2658 1474 2712 ad
1515 2667 1664 2726 parte
1701 2652 1876 2709 sancti

294 2759 522 2815 Dionisii
541 2771 826 2823 numquam
853 2753 1080 2808 reteniat
1103 2752 1243 2805 malo
1263 2749 1450 2804 ordine
1480 2749 1672 2816 injuste
1695 2760 1792 2815 pro
1813 2758 1880 2798 eo

291 2849 442 2920 quod
491 2848 630 2902 dixit
669 2845 908 2904 Francus
957 2844 1141 2910 homo,
1193 2842 1408 2896 nomine
1435 2838 1734 2908 Hagadeus,
1763 2836 1881 2905 ipso

295 2939 660 2997 moriesthirio
705 2937 935 2994 Plaeiciu
963 2936 1028 2990 ad
1059 2933 1412 2988 tuonastltirio
1453 2931 1620 2986 sancti
1653 2929 1878 2984 Dionisii

293 3047 496 3088 manus
543 3029 889 3098 potestatiras
927 3041 1022 3096 per
1065 3040 1218 3079 suum
1263 3031 1616 3078 strumentnm
1677 3019 1878 3075 condo-

291 3133 486 3180 nasset
508 3143 522 3188 ;
546 3094 608 3178 ‘et
635 3138 732 3192 per
757 3123 868 3191 ipsa
913 3094 1196 3174 traditione
1221 3119 1336 3188 plus
1362 3116 1588 3184 obtingit
1609 3115 1738 3183 ipsa:
1769 3127 1880 3166 rno-
1904 3094 1954 3157 α

291 3214 591 3269 uasthirtus
616 3213 876 3267 Placicius
901 3210 966 3265 ad
989 3225 1112 3264 casa
1137 3209 1308 3264 sancti
1340 3206 1560 3262 Dionisii
1589 3205 1882 3271 adhaerere,

291 3321 462 3374 quam
501 3303 670 3372 ipsius
701 3302 1086 3356 ilercltenrndo
1125 3301 1379 3368 episcOpo
1408 3299 1472 3352 ad
1505 3307 1656 3365 parte
1681 3307 1884 3350 sancta:

291 3395 482 3450 Maria:
511 3401 564 3448 et
596 3394 765 3448 sancti
811 3392 1066 3461 Stephani
1101 3401 1154 3445 et
1183 3390 1352 3444 sancti
1395 3387 1646 3443 Germani
1691 3385 1884 3441 adred-

293 3487 456 3540 dere.
493 3484 643 3538 Unde
683 3491 738 3536 et
779 3484 890 3552 ipsa
929 3491 1258 3537 estrumenta
1291 3495 1401 3549 pra:
1429 3477 1671 3532 «nantibus
1701 3491 1758 3530 se
1789 3475 1882 3529 ha-

295 3578 423 3632 bire
459 3577 760 3642 adﬁrmant,
790 3585 843 3629 et
870 3577 1012 3642 ipsas
1039 3575 1090 3628 in
1125 3575 1412 3640 prmsencia
1445 3581 1622 3626 nostra
1646 3570 1886 3640 protule-

297 3677 435 3722 runt
455 3666 810 3721 recensendas
853 3667 1011 3720 etiam
1041 3673 1096 3719 et
1125 3667 1192 3718 de
1223 3663 1321 3718 hac
1349 3677 1509 3716 causa
1537 3662 1603 3716 ab
1632 3673 1887 3730 utrasque

297 3767 490 3830 partes
517 3757 589 3812 ibi
618 3767 762 3812 certa
787 3757 1158 3826 cognovimus,
1210 3765 1263 3810 et
1303 3753 1368 3807 ad
1417 3753 1592 3807 divina
1638 3750 1886 3821 mysteria

295 3852 506 3906 Christi
555 3849 918 3906 misericordia
966 3849 1308 3916 conspirante
1354 3847 1514 3913 (sicut
1557 3845 1709 3914 longa
1753 3858 1884 3897 eon-

296 3941 536 3996 suetudo
585 3940 830 4008 expc-cit
857 3948 911 3994 et
957 3939 1070 4007 ipse
1100 3935 1451 4003 volumptaric
1479 3933 1888 4001 consenserunt)

291 4035 556 4104 jubemus
597 4043 851 4084 emanare
887 4027 1172 4098 judicium,
1221 4037 1277 4080 ut
1306 4025 1430 4079 dum
1465 4039 1557 4093 per
1585 4023 1714 4091 ip~is
1743 4035 1888 4076 stru-

299 4125 508 4180 tuentis
535 4127 602 4178 de
632 4132 884 4191 utrasque
914 4122 1078 4189 p-urtis
1106 4128 1376 4174 certamen
1413 4133 1516 4172 non
1559 4118 1883 4185 declaratur,

299 4227 364 4272 ut
395 4226 544 4271 recto
572 4214 824 4268 thramite
851 4213 916 4266 ad
943 4214 1034 4268 Dei
1079 4211 1333 4282 judicium
1366 4211 1430 4264 ad
1460 4224 1671 4266 erucem
1701 4225 1887 4264 eorum

301 4309 596 4372 Impenes,
628 4306 710 4360 his
738 4306 1040 4360 nominibus
1090 4305 1396 4358 Aderamno
1433 4305 1502 4356 de
1544 4313 1692 4370 parte
1719 4303 1887 4357 sancti

303 4397 536 4452 Dionisii
586 4397 670 4450 vel
723 4395 954 4450 Folrado
999 4395 1210 4456 abbate,
1261 4403 1312 4447 et
1363 4391 1578 4448 Corello
1624 4395 1692 4446 de
1743 4402 1890 4459 parte

298 4497 514 4542 salicta!
544 4485 717 4539 Maria:
761 4484 846 4539 vel
884 4485 1054 4539 sancti
1081 4482 1336 4552 Stephani
1365 4493 1416 4538 et
1443 4485 1610 4536 sancti
1639 4482 1890 4537 Germani

593 320 822 380 CODEX
863 317 1380 376 DIPLOMATICUS.
1423 346 1494 358 —
1533 307 1944 367 PRlV-ILEUIA.
1980 335 2044 346 -—
2075 305 2116 358 l.
2163 303 2406 360 PRIVIL.
2453 304 2586 360 PER
2627 303 2904 362 GALLIzE
2939 301 3228 361 PARTES.

3424 297 3530 361 9&6

1881 419 1930 479 Λ
1962 417 2226 472 llarnaldu
2251 419 2579 490 presbytero,
2605 419 2698 474 visi
2715 420 2920 474 fuerunt
2943 423 3188 475 stetisse:
3215 430 3266 472 et
3289 435 3350 474 ea
3377 419 3527 485 hora,

1957 519 2270 578 protegente
2315 510 2495 564 divina
2545 512 2767 564 dextera
2821 511 2956 577 Dei,
3013 511 3152 565 Deus
3195 512 3530 579 omnipotens

1957 615 2112 654 suum
2164 600 2364 668 justum
2409 602 2662 670 judicium
2713 603 3025 668 declaravit,
3058 613 3113 656 ut
3147 605 3304 657 homo
3335 619 3533 657 ructuo-

1957 697 2074 744 rato
2119 689 2498 746 Ilerchenrado
2544 692 2834 760 episcopo,
2881 695 3099 747 nomine
3146 693 3420 759 Corellus,
3474 693 3540 744 ad

1958 781 2075 848 ipso
2107 776 2482 849 Deijudicium
2529 783 2594 836 ad
2639 784 2750 853 ipsa
2779 798 2994 838 crucem
3030 781 3304 852 trephidus
3327 791 3380 836 et
3403 796 3538 836 con—

1961 874 2130 928 victus
2164 875 2369 943 aparuit
2401 891 2414 927 :
2447 883 2502 929 et
2534 883 2658 929 tunc
2709 876 2821 943 ipse
2874 874 3283 928 Ilerchenradus
3332 871 3541 941 episco-

1963 978 2061 1032 pus
2109 964 2159 1018 in
2213 965 2496 1035 praesentia
2547 973 2726 1019 nostra
2778 965 2859 1020 vel
2910 980 3187 1035 procerum
3233 974 3532 1020 nostrorum

1961 1053 2064 1108 sibi
2117 1055 2433 1123 recognovit
2485 1056 2564 1109 vel
2617 1054 2907 1117 resededit,
2952 1055 3093 1121 quod
3135 1070 3234 1110 nec
3265 1055 3400 1124 ipse,
3443 1071 3540 1110 nec

1967 1161 2086 1216 pars
2117 1147 2261 1201 eccle
2295 1149 2357 1202 ite
2381 1162 2493 1201 sua:
2519 1159 2717 1202 sancta:
2745 1147 2946 1212 Mariae,
2979 1151 3060 1201 vel
3089 1149 3256 1202 sancti
3287 1148 3543 1216 Stephani

1963 1255 2056 1296 seu
2071 1240 2239 1294 sancti
2254 1241 2502 1295 Germani
2521 1241 2729 1295 nullum
2745 1241 2967 1295 drictum
2989 1241 3274 1308 habebant,
3293 1255 3388 1310 per
3401 1223 3544 1310 quod

1967 1331 2082 1398 ipso
2135 1329 2365 1386 Placicio
2415 1331 2784 1401 monasthyrio
2829 1330 3028 1386 habere
3069 1330 3386 1399 potuissent.
3417 1331 3546 1386 Pro-

1965 1419 2088 1474 inde
2117 1435 2213 1475 nos
2245 1421 2418 1475 taliter
2449 1437 2547 1474 una
2588 1435 2709 1475 cum
2761 1421 3006 1476 ﬁdelibus
3057 1421 3285 1488 nostris,
3336 1421 3390 1476 id
3420 1431 3551 1478 sunt

1965 1511 2289 1578 Glncrardo,
2337 1512 2641 1578 Bernardo,
2691 1513 2944 1580 Iladulio,
2995 1512 3303 1580 Ililderado,
3353 1513 3550 1568 Erme-

1966 1604 2144 1670 naldo,
2191 1605 2482 1668 Ilebroino,
2530 1605 2898 1671 Theudoaldo,
2932 1606 3192 1675 Agmone,
3225 1605 3550 1671 comitibus;

1971 1694 2270 1758 IIaltberto,
2297 1695 2639 1762 Laumherto,
2657 1695 2968 1763 Ilaerterico,
3002 1705 3056 1751 et
3080 1695 3335 1750 Ansclmo
3358 1696 3555 1751 comite

1898 1761 1946 1820 Β
1977 1785 2178 1854 palatio
2217 1786 2541 1852 nostro,.vel
2571 1787 2796 1856 reliquis
2839 1786 3170 1856 quampluris
3209 1785 3310 1841 visi
3359 1785 3555 1842 fuimus

1971 1877 2257 1946 jndicasse,
2299 1887 2354 1932 nt
2383 1879 2509 1932 dum
2542 1879 2656 1948 ipse
2687 1889 3017 1934 memoratus
3045 1879 3206 1934 homo
3235 1877 3401 1935 sancti
3431 1878 3554 1932 Dio-

1976 1971 2096 2025 nisii
2129 1971 2208 2025 vel
2243 1970 2470 2024 Folrado
2500 1971 2716 2036 abbate,
2759 1971 2978 2026 nomine
3027 1970 3406 2037 Adelramnus,
3445 1969 3556 2038 jam

1975 2059 2119 2115 dicto
2161 2059 2378 2114 homine
2418 2060 2587 2115 sancti
2637 2060 2835 2126 Maria‘,
2867 2060 2950 2114 vel
2979 2062 3148 2116 sancti
3177 2060 3432 2128 Stephani
3463 2075 3557 2115 sco

1975 2149 2142 2206 sancti
2167 2149 2442 2216 Germani,
2465 2165 2669 2204 necnon
2693 2159 2747 2204 et
2763 2150 3142 2204 llerchenrado
3164 2149 3437 2217 episeopo,
3463 2163 3559 2202 no-

1979 2243 2121 2296 mine
2144 2239 2379 2306 Corello,
2408 2240 2473 2294 ad
2507 2243 2623 2306 ipso
2653 2239 2744 2294 Dei
2791 2239 2995 2310 judicio
3020 2242 3083 2294 ad
3109 2255 3324 2294 crnretn
3356 2239 3556 2294 ibidem

1975 2331 2274 2394 convicuit;
2305 2339 2359 2382 et
2389 2331 2500 2399 ipse
2523 2330 2765 2385 Corellus
2799 2330 2992 2384 ibidem
3015 2329 3079 2383 ad
3108 2335 3223 2398 ipso
3245 2329 3556 2398 Deijudicio

1979 2422 2214 2488 trepidus
2240 2430 2292 2475 et
2313 2421 2586 2474 convictus
2621 2421 2826 2486 aparuit
2857 2437 2868 2472 :
2895 2429 3174 2490 propterea
3212 2421 3480 2487 jobemus,
3507 2429 3563 2472 ut

1976 2512 2100 2565 dum
2118 2511 2213 2564 hac
2229 2525 2390 2567 causa
2406 2513 2482 2566 sic
2503 2520 2621 2566 acta
2637 2511 2719 2565 vel
2739 2521 3037 2580 perpetrata
3055 2525 3172 2564 esse
3193 2509 3562 2579 cognovimus,

1979 2611 2036 2655 ut
2058 2611 2382 2656 memoratus
2415 2601 2673 2658 Fulradus
2696 2601 2830 2656 abba
2862 2610 3158 2656 memorato
3191 2599 3420 2655 Placicio
3447 2613 3564 2654 mo-

1979 2695 2252 2765 nasthyrio
2299 2710 2402 2748 una
2450 2709 2571 2748 cum
2624 2695 2736 2748 suis
2792 2692 3126 2762 apendiciis,
3179 2693 3262 2746 vel
3311 2691 3564 2761 quicquid

1981 2786 2176 2840 ibidem
2231 2796 2518 2854 pertenere
2582 2787 2822 2848 videtur;
2889 2788 2940 2840 in
2993 2795 3178 2840 contra
3226 2800 3368 2853 serpe
3421 2786 3564 2840 dit-to

1983 2877 2362 2932 lIerchenrado
2410 2879 2684 2947 episcopo,
2713 2879 2796 2932 vel
2825 2879 3066 2932 ecclesia
3106 2893 3216 2930 sum
3257 2879 3427 2932 sancti
3461 2879 3565 2931 Illa-

1983 2966 2127 3035 rite,!
2149 2967 2228 3022 vel
2279 2966 2450 3022 sancti
2496 2967 2750 3034 Stephani
2785 2976 2837 3022 ct
2867 2969 3034 3021 sancti
3069 2966 3321 3021 Germani
3352 2969 3565 3037 suisque

1983 3057 2385 3112 successoribus
2415 3059 2480 3112 ad
2514 3067 2668 3127 parte
2714 3061 2883 3113 sancti
2933 3056 3154 3112 Dionisii
3189 3057 3566 3128 monasthyria:

1985 3165 2098 3204 sua:
2140 3149 2264 3220 jure
2318 3149 2696 3205 ﬁrmissemum
2756 3150 2936 3204 habiat
2987 3149 3346 3204 evindiratum
3394 3151 3567 3218 adque

1985 3239 2281 3306 elidiatum,
2317 3251 2371 3296 et
2417 3240 2486 3295 sit
2514 3242 2653 3295 inter
2698 3240 2828 3309 ipsis
2875 3240 2926 3295 in
2977 3241 3314 3308 postmodum
3368 3239 3568 3310 absque

1987 3333 2092 3388 ulla
2141 3333 2467 3402 repeticione
2519 3331 2900 3387 IIerchenrado
2955 3332 3209 3402 episcopo
3252 3333 3332 3387 vel
3362 3345 3570 3388 succes-

1985 3424 2195 3477 soribus
2221 3425 2332 3478 suis
2360 3437 2625 3492 omneque
2657 3433 2898 3492 tempore
2926 3423 3098 3478 subita
3125 3422 3297 3492 adque
3327 3423 3565 3488 deﬁnita,

1985 3527 2080 3567 seu
2109 3523 2164 3568 et
2189 3512 2390 3568 indulta
2419 3513 2656 3566 causatio
2684 3521 2729 3565 ει.

2059 3605 2460 3676 Theudegarius
2489 3605 2801 3674 recognovit
2829 3613 2882 3660 et
2907 3605 3221 3673 subscripsit

2061 3695 2248 3750 Datum
2279 3696 2465 3764 quinto
2491 3694 2756 3750 Kalendas
2791 3696 3054 3766 Augustas
3087 3695 3137 3750 in
3170 3711 3310 3750 anno
3339 3697 3571 3765 septimo

1977 3788 2138 3857 regni
2191 3787 2358 3842 nostri
2403 3787 2562 3842 Dnria
2605 3787 2819 3842 villain
2861 3785 3072 3840 Palacio
3113 3787 3324 3854 publico
3375 3787 3426 3840 in
3475 3787 3568 3842 Dei

1989 3881 2206 3934 nomine
2235 3878 2478 3936 feliciter.
2509 3881 2704 3934 Amen.
3131 3885 3134 3888 '

2652 3969 2840 4023 XXVI.

1989 4059 2312 4130 Praeceptum
2360 4060 2535 4115 Caroli
2565 4060 2743 4129 Magni
2792 4061 3028 4129 qtuedam
3083 4061 3279 4128 pm'dia
3325 4063 3571 4116 donantis

2271 4133 2573 4185 monasterio
2599 4132 2660 4186 S.
2696 4131 2929 4201 Dionysii
2955 4133 3114 4201 (anno
3139 4132 3290 4196 77.3).

2297 4221 2390 4284 (Ex
2417 4222 2476 4271 D.
2497 4222 2739 4284 Bouquel,
2768 4219 2962 4272 Recucil
2998 4221 3082 4272 des
3107 4219 3258 4284 Hist.)

2059 4303 2284 4360 Carolus
2305 4304 2475 4374 gratia
2501 4303 2591 4356 Dei
2631 4319 2720 4357 rex
2755 4302 3084 4357 Francorum
3107 4313 3158 4359 et
3183 4305 3567 4376 Longultardo.

1992 4412 2132 4461 rum,
2171 4412 2269 4452 nec
2300 4412 2404 4449 non
2435 4396 2688 4466 patricius
2717 4395 3094 4449 liotnanorum.
3129 4396 3388 4465 Quicquid
3425 4395 3566 4452 enim

1995 4489 2060 4543 ad
2085 4491 2196 4542 loca
2219 4495 2521 4542 sanctorum
2541 4487 2920 4541 venerabilintn
2954 4486 3024 4540 ob
3051 4502 3288 4540 amorem
3321 4489 3410 4543 Dei
3441 4503 3569 4542 con-

298 4579 394 4632 vel
443 4577 820 4632 llerchenrado
867 4577 1138 4645 episcopo,
1178 4577 1326 4631 exire
1357 4575 1528 4645 adque
1553 4585 1696 4630 stare
1725 4575 1896 4630 debe-
1994 4579 2232 4634 cedimus
2275 4578 2360 4632 vel
2392 4577 2792 4642 conﬁrmamus,
2826 4578 2926 4631 hoc
2977 4577 3133 4632 nobis
3162 4579 3225 4630 ad
3263 4579 3568 4634 mercedem

299 4672 443 4726 rint.
469 4670 618 4734 Quod
647 4669 714 4723 ita
745 4678 801 4725 et
830 4669 882 4722 in
911 4669 1116 4736 capella
1145 4677 1348 4732 nostra,
1375 4667 1698 4722 recensendo
1732 4667 1890 4721 missa

449 4805 713 4859 Eximium
745 4815 824 4860 est
857 4805 961 4859 hoc
989 4805 1260 4874 placitum,
1311 4805 1608 4871 prmsertitn
1642 4805 1710 4856 ob
1741 4819 1887 4858 men-

301 4879 514 4934 tionem
539 4877 606 4929 de
633 4876 941 4942 probatione
967 4876 1159 4928 erucis.
1191 4874 1294 4929 lies
1314 4875 1392 4928 sic
1419 4875 1690 4943 agebatur.
1721 4874 1892 4928 Missa:

303 4959 581 5014 tempore,
627 4946 741 5000 sive
789 4947 913 4999 dum
965 4945 1160 4998 Psalmi
1198 4946 1474 5010 oratioque
1507 4943 1772 4997 Dominica
1805 4959 1892 4998 re-

301 5019 636 5078 citarentur,
691 5015 934 5070 homines
984 5015 1088 5067 duo
1140 5016 1385 5069 conducti
1433 5015 1496 5067 ad
1540 5029 1748 5068 erucem
1783 5025 1891 5067 sta-

305 5089 450 5142 bant
501 5084 730 5140 brachiis
781 5085 1051 5148 expansis.
1107 5086 1204 5148 Qui
1251 5085 1394 5152 prior
1453 5087 1621 5138 lassus
1679 5084 1888 5138 brachia

303 5157 677 5221 deposuisset,
706 5165 794 5206 aut
828 5155 1104 5208 titubantia
1137 5155 1426 5217 habuisset,
1458 5153 1573 5221 t-jus
1604 5171 1726 5222 pars
1755 5155 1888 5208 victa

302 5225 658 5280 censebatur.
705 5225 986 5292 Egregium
1015 5223 1194 5292 ejusce
1227 5227 1356 5278 ritus
1386 5225 1686 5290 exemplum
1717 5234 1890 5278 exstat
1941 5263 1949 5270 ι

304 5299 368 5351 in
407 5294 570 5349 Italiae
593 5309 762 5350 sacra:
799 5303 942 5348 tomo
977 5294 1036 5359 ν,
1071 5295 1175 5348 col.
1207 5294 1331 5348 6Il.
1364 5295 1477 5348 Alia
1513 5295 1636 5346 item
1667 5298 1890 5348 consule

304 5367 366 5420 In
421 5364 695 5418 Glosmrio
740 5365 1006 5432 Cangiauo
1054 5365 1117 5416 ad
1167 5379 1350 5418 vorem
1401 5363 1598 5418 Crucis.
1652 5363 1886 5418 Observa

307 5438 540 5499 insuper
581 5450 644 5489 ex
677 5433 940 5496 hocloco,
989 5445 1228 5494 temore
1269 5435 1444 5487 Caroli
1489 5435 1659 5500 Magni
1703 5435 1887 5487 Eccle-

302 5506 456 5560 siam
506 5503 824 5558 Parisiacam
883 5515 1074 5571 prmter
1128 5507 1184 5562 ὃ.
1245 5504 1572 5571 Stephanum
1634 5514 1885 5572 patronus

299 5573 575 5630 habuisse
613 5575 674 5629 S.
726 5574 940 5628 Mariam
989 5585 1042 5630 et
1085 5575 1142 5630 S.
1177 5575 1526 5642 Germanum,
1557 5573 1694 5627 hami
1727 5574 1886 5628 dubie

305 5643 646 5700 Parisiorum
695 5645 1018 5708 antistitem,
1077 5647 1164 5712 qui
1210 5653 1330 5711 post
1373 5643 1670 5696 solemnem
1723 5645 1888 5710 ipsius

305 5713 566 5783 corporis
593 5729 624 5770 c
654 5715 856 5769 tumulo
897 5715 1292 5771 translationem
1323 5714 1464 5768 inter
1492 5714 1606 5783 ejus
1633 5715 1885 5770 Ecclesiae

1993 4670 2080 4724 vel
2115 4667 2458 4724 stabilitatem
2504 4668 2652 4740 regni
2687 4669 2855 4722 nostri
2907 4669 3178 4735 pertinere
3229 4669 3566 4724 conﬁdimus.

1996 4817 2250 4874 patronos
2299 4804 2540 4859 adlcctus
2589 4813 2692 4859 est.
2745 4804 2886 4857 Idem
2937 4805 3206 4862 Ieeituriu
3235 4806 3418 4859 charta
3451 4808 3564 4856 Sto—

1997 4876 2154 4944 phani
2213 4875 2424 4929 comitis
2471 4889 2566 4942 pro
2622 4874 2850 4930 lnchado
2902 4877 3179 4943 episcopo,
3230 4879 3328 4928 soh
3378 4877 3568 4927 Carolo

1997 4947 2186 5015 Magno
2253 4946 2400 5015 apud
2451 4945 2620 4998 virum
2676 4945 2748 5000 cl.
2805 4945 3134 5015 Stephanum
3189 4945 3456 5015 lialnzignn
3517 4946 3566 4997 in

1997 5011 2137 5070 uotis
2163 5015 2226 5068 ad
2277 5011 2600 5080 Capitularia
2631 5015 2740 5068 col.
2793 5014 2948 5068 1061.
3002 5011 3306 5076 Ριθοὲοίιιιιι,
3353 5012 3564 5079 Ploisir,

1995 5088 2142 5140 vicus
2185 5095 2265 5139 est
2303 5085 2439 5137 haud
2491 5084 2670 5150 procul
2709 5099 2736 5135 a
2778 5083 2944 5137 sancti
2985 5083 3238 5136 Germani
3281 5085 3475 5152 oppido
3517 5085 3567 5137 in

1994 5159 2130 5210 silva
2179 5156 2360 5212 Ledia.
2407 5154 2538 5207 Vide
2586 5153 2857 5206 Dubletum
2905 5152 3195 5222 pag..7l3.
3241 5155 3446 5207 Omissa
3490 5165 3574 5208 est

1997 5227 2082 5280 hic
2117 5241 2147 5278 a
2199 5226 2404 5279 notario
2437 5232 2560 5277 nota
2595 5223 2739 5287 regni
2773 5221 3182 5292 Langob’ardici,
3211 5225 3300 5292 qui
3330 5225 3566 5278 delectus

1993 5297 2315 5366 aliquando,
2380 5292 2590 5366 tametsi
2643 5294 2855 5366 rarius,
2913 5295 3167 5347 occurrit.
3219 5297 3402 5366 lioque
3441 5296 3566 5348 illud

1994 5362 2393 5424 omittendum,
2457 5362 2594 5414 duos
2651 5364 2858 5416 admitti
2923 5375 3172 5429 oportere
3231 5365 3568 5418 Ercaurados

1993 5437 2272 5504 episc0pos
2306 5431 2709 5504 Parisienses,
2769 5449 2871 5486 non
2931 5436 3192 5496 unicum,
3257 5445 3312 5486 nt
3363 5435 3414 5488 in
3480 5433 3568 5490 [n-

1999 5501 2126 5559 siori
2181 5503 2349 5575 Gallia
2399 5501 2699 5575 Christiana
2741 5521 2752 5556 :
2799 5519 3000 5575 netnpe
3045 5520 3205 5558 unum
3263 5505 3566 5575 seniorem,

1995 5583 2259 5644 regnante
2283 5571 2476 5626 Carolo
2496 5572 2708 5644 Magno,
2743 5575 2844 5627 hoc
2883 5575 2932 5626 in
2973 5574 3260 5644 diplomate
3299 5571 3570 5630 memora;

1995 5641 2156 5709 tum;
2216 5643 2438 5697 alterum
2489 5641 2759 5712 juniorem
2813 5645 2914 5698 sub
2970 5645 3166 5698 Carolo
3221 5643 3394 5700 Calvo
3445 5656 3569 5701 ante

1995 5715 2242 5772 Eucaut.
