4034 6182
295 341 398 398 949

603 339 834 394 CODEX
878 335 1398 392 DIPLOMATICUS.
1447 361 1515 376 -ι
1557 331 1867 388 ινιιιινιιιεο

2009 359 2080 371 -—
2111 328 2150 382 Ι.
2191 327 2436 382 Ρηινιιι.
2483 327 2612 382 ιιιζιι
2653 323 2926 382 ΟΛΙΛΛίΕ
2971 322 3258 377 PARTES.

3443 319 3474 376 9
3487 319 3550 372 ’ἐῢ

291 456 424 511 intra
457 469 676 522 regnum
709 459 947 506 nostrum
979 451 1046 503 de
1091 449 1486 518 negotiantibns
1535 463 1744 506 eorum.
1780 444 1862 500 vel
1897 448 1942 510 Α
1969 457 2124 510 reges
2175 441 2518 510 singulariter
2549 438 2918 508 expleverunt,
2969 446 3023 487 et
3065 451 3161 489 nos
3205 435 3306 488 hoc
3355 435 3552 488 donum

289 551 352 601 de.
385 546 634 600 otttnibus
666 543 972 596 hominibus
1003 557 1210 604 eorum,
1241 543 1329 609 qui
1363 557 1453 608 per
1493 542 1660 608 ipsam
1691 556 1868 592 casam

289 653 508 704 sperare
559 637 838 699 videntur,
889 644 946 688 ut
999 634 1202 688 nullum
1261 633 1528 686 lcloueum
1581 633 1710 686 dare
1765 646 1868 683 non

288 731 526 785 debeant
558 730 610 782 in
643 727 970 788 civitatibus,
1001 724 1274 788 mcreatis,
1297 723 1459 788 villis,
1499 721 1650 784 vicis.
1671 722 1866 788 pontis,

290 821 572 889 portubus,
607 833 706 872 nec
727 817 828 887 ipsi
861 816 1130 881 monachi,
1159 828 1256 870 seu
1283 813 1618 884 negotiantes
1657 827 1870 878 eorum,

289 921 344 965 et
373 911 622 964 homines
667 923 877 973 eorum,
925 907 1016 976 qui
1065 921 1158 974 per
1205 905 1376 974 ipsam
1421 917 1600 958 casam
1655 917 1872 972 sperare

291 1001 536 1070 videntur
563 1015 578 1064 ;
611 1015 712 1054 nec
755 999 1052 1064 telouenm,
1085 1013 1183 1050 nec
1215 996 1560 1064 pontaticum,
1587 1008 1686 1048 nec
1711 995 1872 1050 roda-

289 1091 473 1156 ticum,
523 1104 621 1144 nec
675 1090 1098 1158 barganaticum,
1159 1101 1258 1142 nec
1309 1082 1717 1154 pulveraticum,
1776 1097 1874 1137 nec

285 1182 624 1246 niumticum,
654 1195 754 1234 nec
784 1178 1084 1244 rivaticum,
1113 1191 1215 1232 nec
1243 1177 1602 1240 salutaticum,
1630 1187 1730 1230 nec
1761 1174 1872 1228 lau-

283 1273 542 1338 daticnm,
577 1285 676 1324 nec
704 1271 1045 1332 lranaticum,
1073 1283 1172 1322 nec
1201 1267 1270 1322 de
1317 1267 1420 1321 hoc
1447 1265 1590 1336 quod
1627 1265 1870 1320 homines

285 1381 476 1418 eorum
528 1366 592 1416 ad
646 1364 866 1417 dorsum
920 1371 1134 1430 portare
1191 1360 1458 1426 videnlur,
1515 1365 1572 1414 et
1613 1357 1870 1428 quidquid

284 1453 482 1508 exinde
513 1453 579 1506 ad
614 1461 814 1521 partem
849 1450 964 1505 ﬁsci
993 1450 1162 1504 nostri
1199 1449 1420 1504 reddere
1459 1449 1674 1516 debent,
1700 1455 1869 1504 totum

283 1545 338 1597 in
397 1543 772 1608 luminaribus,
823 1542 906 1596 vel
955 1543 1006 1594 in
1059 1541 1322 1608 stipendia
1373 1541 1778 1606 monachorum,
1818 1551 1872 1594 et

277 1635 682 1704 susceptionem
729 1648 1048 1702 pauperum,
1101 1633 1154 1689 in
1207 1643 1384 1688 nostra
1427 1635 1764 1704 eleemosyna
1803 1636 1868 1688 ad

279 1730 454 1794 ipsam
486 1741 664 1782 casam
698 1726 790 1780 Dei
821 1727 1204 1790 concessimus,
1233 1741 1366 1795 quas
1395 1741 1536 1780 nunc
1559 1743 1586 1779 a
1612 1727 1870 1781 moderno

1975 533 2318 602 indulgenti-.e
2339 541 2606 602 gratanter
2649 531 2958 600 prmstitisse
2979 528 3307 594 cognoscite.
3347 526 3548 582 idcirco

1975 640 2071 694 per
2111 625 2248 678 hanc
2280 634 2592 692 prazscutcm
2645 622 3059 693 pimceptinnem
3089 621 3364 689 jnliemus,
3397 629 3558 686 atquc

1976 724 2234 786 perpetuo
2289 715 2498 768 firmum
2553 717 2664 768 fore
2717 713 3076 776 decernimus,
3113 723 3163 762 ut
3201 709 3555 780 Luggogalns,

1971 809 2286 875 Curciacns,
2316 808 2601 876 Lupiacus,
2627 806 2892 875 Magittus,
2917 804 3214 867 Catuntius,
3241 803 3558 864 Tanciacus,

1977 903 2178 966 Liona,
2209 900 2520 962 Nebridius,
2571 881 2902 962 Albiuiacus,
2938 895 3264 964 anoyzilus,
3309 892 3555 948 Pudenti-

1977 993 2182 1056 niacus,
2206 990 2538 1050 Castauelus.
2566 987 2906 1052 Camiliacus,
2935 986 3216 1048 Drinnnui,
3242 981 3554 1050 Novientus,

1975 1081 2378 1144 Ceuestolalus,
2407 1081 2689 1146 Caniacui,
2739 1079 2991 1142 Alnetus,
3022 1075 3328 1141 Cadriaius,
3355 1075 3560 1140 Merlin,

1976 1176 2262 1239 Deiliacus,
2307 1173 2660 1239 Parriciacus,
2715 1171 3086 1236 l‘riseiniacus,
3139 1168 3562 1232 t1assiacus,Sa-

1977 1270 2190 1338 dobria,
2220 1267 2590 1333 Mcmbriolas,
2635 1267 2926 1336 Spicarias,
2973 1264 3242 1328 Ortlucas,
3275 1263 3559 1324 Sereonns,

1975 1363 2358 1426 Salustriacus,
2395 1361 2706 1426 Lausiacus,
2744 1359 2980 1427 Asellus,
3023 1358 3330 1422 Delcontus,
3357 1357 3562 1410 'l‘rinie-

1976 1455 2202 1520 robrus,’
2231 1453 2592 1516 Baionvilare,
2641 1451 2978 1514 Nova-Villa,
3027 1451 3286 1518 Noéntus,
3329 1449 3562 1512 Blasina,

1977 1547 2252 1609 l'uciaeus,
2284 1543 2636 1610 Talsiniacns,
2681 1541 3013 1612 Drigogalus,
3063 1541 3316 1604 Crucilia,
3371 1540 3562 1594 Blada-

1975 1637 2162 1703 laicus,
2188 1635 2472 1700 Dociaeus,
2503 1635 2806 1698 Mclciacus,
2834 1633 3114 1704 Angularis
3135 1643 3340 1702 purius,
3368 1632 3564 1696 llesxis,

1973 1728 2324 1792 Antoniaens,
2356 1741 2478 1779 cum
2529 1724 2902 1794 appendcntiis
2943 1739 3150 1790 earum,
3181 1724 3320 1778 sicut
3345 1723 3568 1776 admen-

279 1829 526 1882 tempore
568 1831 884 1870 concessum
925 1829 1084 1885 atque
1128 1817 1390 1871 indultum
1439 1831 1562 1872 esse
1595 1817 1862 1882 volumus,
1907 1797 1946 1856 Β
1974 1825 2172 1872 suratae
2215 1827 2364 1882 sunt,
2389 1817 2642 1870 fratribus
2664 1813 3570 1869 deserviant.Similiterstatuitnus

280 1918 363 1962 nt.
393 1907 534 1961 sicut
559 1905 816 1972 diximus,
849 1906 916 1959 de
944 1905 1198 1960 omnibus
1219 1906 1446 1960 teloneis
1468 1907 1520 1960 in
1543 1907 1868 1973 civitatibus,

281 1997 444 2062 vicis,
465 1995 712 2062 villabus,
739 1996 940 2064 pontis,
971 1997 1246 2065 portubus,
1281 1998 1571 2064 pontaticn,
1606 1998 1868 2068 rodatico,

277 2086 652 2153 bnrganatico,
704 2086 1054 2153 pulveratico,
1106 2089 1384 2155 ntutatico,
1441 2089 1688 2154 rivatico,
1727 2090 1872 2143 salu-

275 2178 468 2242 tatico,
497 2175 782 2242 laudatico,
811 2179 1095 2244 tranatico,
1127 2189 1180 2232 et
1223 2179 1291 2234 de
1322 2182 1422 2233 hoe
1451 2179 1592 2248 quod
1627 2181 1872 2235 homines

271 2283 468 2324 eortnn
492 2270 556 2320 ad
579 2268 796 2324 dorsum
823 2279 1052 2338 portant,
1081 2271 1222 2326 etde
1243 2274 1637 2342 negotiantibus
1659 2289 1866 2340 eorum,

272 2365 366 2416 vel
413 2362 480 2415 de
519 2363 772 2414 omnibus
821 2361 1132 2418 hominbus
1175 2377 1362 2418 eorum
1395 2368 1589 2420 devote
1637 2381 1734 2435 pro
1757 2367 1870 2434 ipsa

269 2467 402 2504 casa
459 2450 574 2516 Dei,
626 2451 812 2505 Sancti
873 2452 1014 2506 Petri
1065 2461 1120 2508 et
1175 2455 1355 2508 Sancti
1417 2455 1684 2524 Prtrjecti,
1725 2456 1870 2508 omni

271 2555 522 2612 tempore
555 2543 935 2612 perpetualiter
955 2545 1322 2600 concessimus
1344 2556 1502 2615 atque
1533 2547 1870 2602 indulsimus.

271 2635 541 2690 Similiter
567 2637 914 2692 concedimus
941 2639 1006 2692 ad
1043 2639 1212 2708 ipsam
1238 2653 1416 2693 casam
1449 2641 1542 2695 Dei
1567 2640 1618 2693 in
1645 2641 1872 2695 villabus

268 2741 488 2791 eorum,
545 2740 640 2781 seu
692 2743 855 2796 super
905 2729 1207 2783 terraturiis
1261 2745 1469 2794 eorum,
1527 2733 1610 2785 vel
1665 2733 1874 2786 cinctus

267 2833 466 2876 eorum
497 2819 632 2873 infra
661 2831 754 2874 aut
775 2821 980 2876 adfor-is
1010 2823 1208 2878 ibidem
1249 2823 1584 2890 advenerint,
1616 2835 1670 2878 et
1714 2824 1872 2893 quid-

269 2910 408 2978 quid
439 2910 636 2964 ibidem
669 2913 994 2980 negotiatum
1019 2910 1202 2980 fuerit,
1224 2928 1382 2967 omne
1401 2914 1698 2979 teloneum,
1726 2913 1870 2968 sicut

270 3005 532 3072 superius
563 3005 824 3072 diximus,
853 3007 918 3061 ad
947 3006 1115 3074 ipsam
1145 3021 1324 3060 casam
1349 3021 1446 3076 per
1469 3015 1708 3060 nostram
1735 3023 1872 3074 pra--

267 3097 586 3163 ceplioneni
611 3098 998 3152 concessimus.
1028 3097 1094 3151 Et
1119 3107 1174 3152 ut
1205 3098 1318 3154 haec
1344 3099 1634 3167 praeceptio
1665 3097 1870 3153 ﬁrmior

275 3187 568 3250 habeatur,
605 3197 660 3241 et
691 3203 784 3254 per
813 3195 1051 3257 tempora
1083 3189 1276 3244 melius
1305 3198 1677 3256 conservetur,
1708 3205 1868 3244 manu

269 3285 466 3332 nostra
497 3277 684 3332 subter
711 3281 1052 3336 decrevimus
1079 3283 1382 3336 adﬁrmare.
1417 3279 1660 3336 Carolus.

351 3367 486 3418 Data
515 3365 604 3420 die
657 3384 684 3420 v
719 3368 856 3422 Non.
911 3371 1048 3436 Maii,
1078 3379 1133 3424 et
1179 3369 1376 3440 scripta
1427 3385 1522 3439 per
1569 3369 1866 3440 Badonem,

269 3458 422 3526 apud
452 3457 799 3513 Theodonem
851 3463 1028 3514 villam
1077 3462 1280 3530 palatio
1333 3463 1566 3531 publico,
1619 3477 1764 3520 anno
1791 3480 1864 3520 vtt

271 3549 521 3618 praedicti
553 3550 754 3605 domini
785 3553 950 3606 nostri
977 3551 1180 3608 Caroli.

990 3666 1178 3720 XXIX.

271 3754 609 3826 Prwceptnm
645 3757 819 3812 Caroli
868 3757 1050 3829 Magni
1095 3775 1188 3830 pro
1229 3759 1510 3816 Turonensi
1542 3763 1601 3818 S.
1653 3761 1869 3817 Martini

741 3833 1050 3882 nronasterio
1081 3831 1238 3899 (anno
1257 3832 1408 3900 775).

766 3939 858 4002 (Ex
883 3941 943 3990 D.
965 3941 1210 4003 Bouquet,
1239 3943 1383 4005 ihid.)

343 4044 570 4098 Carolus
601 4045 770 4116 gratia
823 4045 914 4098 Dei
946 4061 1038 4100 rex
1085 4045 1410 4100 Francorum
1456 4055 1510 4103 et
1563 4049 1867 4118 Longobar-

255 4140 494 4200 dorum,
546 4147 706 4206 atque
761 4138 1014 4205 patricius
1062 4137 1447 4193 Romanorum.
1511 4139 1674 4195 Decet
1720 4143 1861 4197 enim

265 4227 475 4294 rogalis
503 4226 802 4281 clementize
849 4229 1162 4297 dignitatem
1201 4241 1391 4284 cuncta
1424 4247 1540 4301 qua)
1562 4249 1589 4286 a
1619 4236 1866 4290 sacerdo-

265 4319 424 4370 tibus
447 4319 782 4372 rationabilia
813 4321 1069 4388 postulata
1096 4321 1313 4387 fuerint,
1335 4324 1541 4378 sollerti
1592 4339 1715 4380 cura
1746 4342 1866 4393 pro-

261 4407 512 4476 spicere,
535 4419 584 4462 et
619 4420 916 4476 opportuna
957 4411 1038 4466 vel
1069 4425 1300 4482 congrua
1348 4413 1423 4468 eis
1465 4415 1722 4470 beneﬁcia
1759 4433 1862 4470 non

1974 1921 2068 1978 per
2097 1910 2202 1964 hoc
2245 1917 2576 1977 praeceptum
2625 1915 2824 1962 nostra:
2865 1905 3314 1970 mansuetudinis,
3345 1915 3401 1960 ut
3425 1907 3568 1973 ejus-

1971 2001 2094 2055 dem
2125 1999 2436 2054 monasterii
2465 1996 2746 2053 cellelario
2788 1995 3010 2052 fratrum
3041 1997 3394 2060 ministretur,
3432 1997 3568 2049 sicut

1972 2089 2276 2142 ordinatum
2305 2097 2410 2154 est,
2445 2087 2584 2142 unde
2633 2098 2874 2155 tempore
2897 2085 2996 2138 sibi
3037 2085 3279 2139 instituto
3307 2084 3566 2140 fratribus

1975 2183 2204 2251 plcniter
2233 2181 2440 2236 servire
2473 2183 2662 2250 possit.
2698 2178 2974 2233 Portarius
3018 2189 3194 2232 autem
3237 2192 3418 2232 mense
3470 2179 3571 2234 De-

1973 2271 2173 2326 cembri
2203 2270 2270 2323 de
2297 2284 2397 2323 suo
2425 2269 2721 2324 ministerio
2751 2269 2970 2322 serviat.
3011 2269 3084 2324 De
3113 2269 3232 2322 aliis
3263 2283 3390 2323 vero
3423 2269 3566 2322 villis

1973 2361 2133 2414 solito
2177 2359 2340 2416 modo
2385 2360 2524 2430 ligna
2565 2369 2620 2414 et
2661 2375 2888 2414 annona:
2933 2360 3048 2414 sive
3114 2361 3348 2416 volatilia
3409 2361 3567 2414 mini-

1971 2461 2014 2506 st
2025 2461 2228 2517 rentur,
2247 2461 2508 2520 quatenus
2533 2453 2634 2505 hoc
2653 2451 2809 2505 nobis
2827 2451 2892 2504 ad
2911 2453 3136 2506 salutem
3155 2453 3348 2506 aniune
3367 2464 3562 2506 multa:

1974 2552 2028 2596 et
2057 2551 2401 2611 augmentum
2445 2543 2596 2612 regni
2644 2542 2908 2612 proficiat,
2941 2552 2995 2596 et
3043 2543 3144 2611 ipsi
3186 2542 3278 2598 Dei
3321 2544 3466 2598 servi
3497 2543 3564 2597 li-

1975 2633 2156 2688 berius
2203 2634 2506 2703 meliusque
2559 2633 2816 2702 deinceps
2869 2635 2978 2688 Deo
3030 2634 3276 2688 famulari
3333 2646 3558 2703 queant.

1979 2741 2144 2800 atque
2175 2746 2272 2801 pro
2293 2741 2432 2788 statu
2459 2743 2658 2786 sancta:
2695 2732 2786 2785 Dei
2821 2731 3076 2787 Ecclesia:
3105 2731 3320 2786 sedulos
3343 2731 3570 2784 fundere

1981 2838 2188 2892 preces.
2225 2824 2377 2880 Unde
2407 2837 2686 2878 monemus
2731 2839 2918 2878 omnes
2943 2825 3032 2893 qui
3081 2823 3236 2877 nobis
3265 2824 3316 2877 in
3349 2839 3512 2891 regno
3539 2839 3568 2875 a

1977 2916 2088 2970 Deo
2115 2915 2408 2969 commisso
2447 2915 2750 2968 sui-cessuri
2779 2925 2924 2977 sunt,
2960 2924 3036 2978 ut,
3077 2915 3218 2968 sicut
3247 2931 3338 2967 sna
3369 2924 3567 2968 statuta

1973 3023 2000 3062 a
2055 3007 2172 3062 suis
2233 3005 2640 3060 successoribus
2697 3006 3006 3059 conservari
3065 3005 3246 3068 velint,
3307 3007 3378 3057 ita
3433 3004 3569 3058 lianc

1975 3108 2210 3152 nostram
2240 3097 2680 3151 constitutionem
2724 3095 2982 3164 privilegii
3036 3093 3396 3148 inviolabilem
3441 3109 3567 3148 cnn-

1978 3203 2198 3245 servare
2221 3190 2466 3246 studeant
2500 3189 2566 3242 ad
2611 3203 2950 3242 communem
2985 3197 3290 3242 nostrorum
3321 3189 3564 3241 omnium

1977 3284 2234 3338 salutem.
2269 3284 2330 3338 Et
2355 3283 2460 3337 huc
2489 3283 2600 3337 lucc
2630 3285 2920 3337 atntnritas
2949 3281 3152 3334 ﬁrmior
3175 3281 3452 3345 habeatur,
3481 3284 3564 3334 vel

1975 3377 2174 3431 nostris
2225 3385 2280 3432 et
2330 3375 2521 3431 futuris
2573 3377 2905 3445 temporibus
2959 3377 3150 3431 melius
3194 3387 3561 3438 conserVetnr,

1975 3483 2134 3521 manu
2181 3477 2364 3522 nostra
2409 3479 2529 3522 eam
2581 3467 3069 3534 corroboravimus,
3111 3481 3162 3522 et
3206 3469 3349 3523 anuli
3397 3469 3566 3524 nostri

1973 3559 2328 3626 impressione
2366 3558 2734 3628 sigillavimus.

2044 3647 2263 3720 Signum
2291 3649 2466 3704 Caroli
2495 3649 2868 3720 gloriosissimi
2903 3651 3066 3720 regis.

2046 3745 2193 3798 Ilado
2219 3744 2286 3799 ad
2313 3745 2482 3800 vicem
2513 3743 2740 3798 llitherii
2769 3747 3096 3814 r.-cngnovit.

2047 3840 2238 3891 Actum
2261 3836 2574 3892 Theodonis
2603 3837 2726 3891 villa
2755 3837 2952 3906 palatio
2985 3837 3215 3904 publico,
3252 3837 3300 3889 in
3339 3836 3428 3890 Dei
3471 3854 3563 3889 nn-

1971 3928 2115 3981 mine
2145 3927 2389 3982 feliciter.
2427 3933 2613 3981 Amen.

2682 4057 2848 4112 XXX.

1971 4149 2292 4218 Prwceptum
2334 4147 2506 4226 Caroli
2555 4149 2736 4226 Magni
2784 4169 2875 4220 pro
2909 4155 3270 4226 ιᾼιιςειιηιιιιιιο
3321 4156 3560 4226 cpiscapo

2435 4219 2671 4274 Mettensi
2720 4219 2879 4288 (anno
2909 4219 3058 4292 775').

2341 4331 2432 4394 (Ex
2457 4331 2668 4384 Historia
2687 4333 2916 4392 Metensi,
2935 4341 3036 4384 tom
3077 4334 3189 4397 ill.)

2039 4433 2264 4489 Carolus
2297 4434 2388 4488 Dei
2435 4433 2602 4504 gratia
2638 4451 2728 4488 rex
2783 4435 3110 4490 Francorum
3154 4447 3210 4492 et
3249 4438 3565 4507 Langobar-

263 4498 568 4593 έεξιίξείπιῖ,
601 4501 832 4554 maxime
863 4500 906 4554 Si
955 4505 1279 4558 “meliorum
1309 4518 1493 4570 ιθιςιιηι
1525 4507 1731 4572 Plenius
1771 4524 1866 4573 1³1³0
1893 4503 1944 4562 Ῑ)
1971 4523 2162 4576 dorum
2195 4524 2272 4576 vir
2297 4524 2539 4584 illustris,
2583 4523 2826 4588 ducibus,
2867 4525 3176 4590 comitibus,
3224 4498 3560 4593 dante-Stich,

263 4589 374 4642 Dei
405 4589 600 4642 intuitu
629 4601 752 4644 sunt
781 4593 1098 4650 confirmata
1139 4596 1484 4662 protectionis
1523 4599 1862 4653 auctoritate.

261 4683 626 4747 Quapmpter
667 4693 850 4734 notum
882 4683 954 4737 sit
995 4685 1232 4738 omnium
1275 4685 1508 4740 ﬁdelium
1553 4699 1864 4744 nostrorum

257 4770 654 4838 magnitudini,
689 4771 810 4841 quia
867 4774 1188 4830 venerabilis
1219 4773 1456 4830 lliterius
1489 4777 1624 4832 abba
1655 4794 1720 4834 ex
1753 4796 1866 4836 mo-

257 4860 514 4914 nasterio
544 4863 600 4914 S.
637 4860 844 4916 Martini
897 4863 1078 4917 eximii
1127 4865 1454 4920 confessoris
1499 4865 1720 4934 Christi,
1775 4885 1865 4940 pe-

257 4951 498 5004 culiaris
531 4953 738 5018 patroni
785 4955 955 5008 nostri
997 4955 1280 5010 Turouica:
1317 4959 1568 5024 civitatis,
1620 4961 1708 5014 ubi
1755 4965 1866 5031 ipse

263 5044 547 5110 pretiosus
595 5046 901 5114 incorpore
950 5047 1260 5116 requiescit,
1307 5051 1538 5106 innotuit
1587 5055 1864 5110 serenitati

263 5133 430 5200 regni
457 5134 628 5188 nostri
652 5135 882 5203 qualiter
908 5145 1216 5192 antecessor
1244 5153 1376 5194 suus
1405 5140 1706 5198 Auttandus
1728 5145 1866 5198 abba

259 5223 538 5292 quasdam
579 5223 732 5278 villas
761 5224 1072 5294 instituerit,
1101 5243 1216 5297 quae
1263 5226 1516 5286 fratribus
1545 5235 1864 5290 mensnatim

265 5327 376 5380 per
407 5321 574 5366 totum
603 5329 800 5369 annum
831 5318 1035 5372 servire
1059 5319 1290 5384 debent;
1323 5330 1510 5389 petens
1548 5322 1863 5391 dignitatem

261 5401 613 5458 excellentia:
639 5413 858 5470 nostrae,
891 5415 947 5460 ut
972 5422 1066 5477 pro
1091 5407 1199 5464 Deo
1217 5419 1270 5466 et
1298 5414 1598 5466 reverentia
1629 5415 1865 5481 ejusdem

261 5495 476 5562 Sancti,
507 5510 602 5564 per
649 5508 976 5568 praeceptum
1009 5511 1204 5556 nostra:
1247 5504 1584 5558 auctoritatis
1613 5507 1664 5560 id
1694 5509 1865 5575 ipsum

265 5587 605 5644 conﬁrmare
653 5589 1022 5661 dignaremur,
1070 5595 1344 5664 sequendo
1375 5611 1580 5652 morem
1627 5609 1866 5656 anteces-

263 5693 488 5734 sorum.
531 5681 696 5751 Cujus
727 5699 826 5738 nos
853 5685 1112 5752 petitioni
1153 5691 1570 5754 consentientes,
1603 5701 1649 5744 et
1687 5703 1866 5760 pati-o-

261 5769 428 5826 ciuia
466 5773 634 5829 sancti
681 5775 891 5832 Martini
939 5789 1275 5847 venerantes,
1325 5777 1462 5834 sicut
1511 5794 1866 5848 prtccessorcs

1973 4614 2056 4667 vel
2085 4614 2336 4666 erunibus
2363 4614 2646 4678 agentibus
2677 4623 2782 4668 tam
2809 4614 2942 4670 ultra
2973 4632 3133 4686 quam
3165 4620 3298 4674 citra
3329 4620 3560 4684 lienus»,

1975 4699 2254 4754 Rodanum
2297 4710 2352 4754 et
2401 4701 2632 4771 Ligerim
2681 4706 3127 4776 consistentibus,
3180 4717 3286 4762 tam
3321 4724 3558 4776 priesen-

1973 4791 2112 4844 tibus
2141 4807 2300 4859 quam
2343 4799 2399 4846 et
2427 4793 2640 4849 futuris.
2687 4794 2915 4850 iuvante
2967 4797 3214 4862 Dentino,
3257 4803 3348 4869 qui
3381 4818 3476 4855 nos
3507 4804 3558 4855 in

1971 4880 2162 4934 solium
2197 4881 2342 4950 regni
2371 4882 2624 4948 instituit,
2654 4883 2784 4938 illud
2812 4887 2876 4940 ad
2903 4901 3245 4953 augmentum
3285 4890 3366 4942 vel
3391 4889 3560 4942 stabi-

1969 4969 2164 5024 litatem
2213 4974 2359 5043 regni
2412 4975 2575 5028 nostri
2627 4976 2996 5042 proculdubio
3043 4978 3312 5030 credi-mus
3361 4980 3412 5031 in
3465 4979 3558 5034 Dei

1969 5061 2182 5116 nomine
2215 5062 2500 5130 pertinere,
2529 5065 2572 5118 si
2606 5065 2888 5131 petitiones
2927 5067 3266 5120 sacerdotum
3287 5077 3342 5120 et
3373 5067 3560 5123 Eccle-

1967 5151 2168 5206 siarutn
2221 5154 2310 5207 Dei
2340 5155 2408 5206 de
2438 5155 2596 5208 reetis
2629 5153 3094 5222 postulationibus,
3121 5170 3252 5222 quas
3283 5157 3335 5210 in
3361 5159 3556 5212 nostris

1967 5243 2184 5296 auribus
2213 5242 2580 5312 patefecerint,
2612 5243 2950 5312 perducimus
2979 5243 3044 5296 ad
3077 5243 3346 5300 effectum.
3405 5245 3560 5300 lden-

1967 5347 2066 5400 que
2093 5331 2174 5384 vir
2221 5331 2541 5399 apostolicus
2587 5331 2816 5386 domnus
2843 5342 2898 5386 et
2947 5331 3102 5386 Pater
3151 5343 3333 5387 noster
3372 5337 3556 5404 Augil-

1969 5438 2186 5478 ramnus
2213 5425 2491 5492 epiScopus
2515 5423 2574 5478 S.
2593 5423 2844 5478 Ecclesiae
2874 5423 3146 5480 Mettensis
3169 5428 3554 5495 praeceptiones

1971 5529 2157 5581 regum
2205 5513 2664 5581 praedecessorum
2713 5525 3039 5582 nostrorum,
3090 5531 3276 5572 eorum
3307 5519 3555 5573 manibus

1969 5604 2268 5670 roboratas,
2301 5603 2454 5658 nobis
2503 5605 2720 5674 protulit
2759 5607 3158 5673 recensendas;
3207 5607 3294 5662 ubi
3326 5625 3553 5680 genera-

1971 5694 2094 5750 liter
2123 5695 2474 5765 cegnovimus
2501 5709 2624 5752 esse
2667 5697 2928 5752 insertum
2957 5699 3098 5770 quod
3125 5704 3555 5758 antecessoribus

1969 5787 2076 5843 suis
2109 5787 2213 5843 tale
2240 5785 2430 5844 fuisset
2450 5787 2558 5858 jam
2587 5804 2616 5845 a
2647 5790 2806 5861 longo
2838 5801 3074 5864 tempore
3105 5794 3363 5851 indultum
3391 5799 3552 5851 bene-
