4034 6182
525 289 618 344 9ὕ1

1392 287 1450 341 Β.
1493 286 1744 342 εδηθιι
1785 283 2002 342 ΜΑΩΝΙ
2040 285 2117 339 0P

2238 283 2413 341 PAllS
2455 284 2493 348 Ι,
2541 285 2732 342 SECT.
2803 285 2865 340 11.
3615 297 3691 352 933

523 416 718 474 ticimn,
749 420 804 463 ut
831 409 1004 463 nullus
1026 423 1090 462 ex
1134 407 1400 476 iudicibus
1442 407 1665 477 publicis
1693 408 1746 462 in
1781 418 1962 464 curtes
1995 409 2094 463 Ee-
2121 411 2168 471 Α
2197 407 2349 464 haste
2407 409 2638 476 publico,
2689 409 2790 463 hoc
2841 417 2925 464 est
2967 407 3037 464 de
3085 409 3257 462 hanno
3303 419 3485 478 nostro,
3527 421 3694 484 quando

519 503 698 555 etesia:
729 501 1002 555 Mettensis
1030 509 1083 553 et
1126 499 1307 552 domni
1353 499 1608 566 Stephani
1653 499 1861 568 patroni
1907 500 2100 562 nostri,

517 607 612 645 seu
666 591 909 645 basilicas
958 589 1094 643 infra
1153 587 1321 655 ipsam
1374 589 1559 643 urbem
1613 599 1966 653 constructas,
2019 588 2101 643 vel

521 684 656 737 infra
690 684 879 752 ipsam'
909 681 1241 751 parochiam,
1275 688 1381 733 tam
1434 682 1779 744 monasteria,
1828 680 1975 733 vicos
2019 679 2101 734 vel

521 777 738 830 castella
769 776 834 828 ad
877 774 1102 830 eandem
1155 773 1466 840 aspicientia
1508 773 1709 840 ingredi
1761 789 1866 826 non
1899 788 2104 840 praesu-

522 877 712 931 meret,
743 876 836 921 aut
879 867 1092 934 aliquod
1141 865 1335 920 ibidem
1381 881 1635 934 generare
1681 866 2102 920 detrimentum:

523 974 619 1011 nec
650 957 894 1011 homines
921 972 1105 1011 eorum
1137 971 1229 1024 per
1259 956 1446 1009 mallos
1492 955 1684 1026 hyrgm
1716 956 1974 1023 publicos,
2007 970 2107 1010 nec

532 1064 626 1116 per
651 1047 945 1101 audientias
976 1046 1150 1100 nullus
1172 1046 1390 1099 deberet
1430 1045 1736 1107 admallare,
1765 1056 1856 1097 aut
1893 1059 1985 1112 per
2010 1045 2108 1098 ali-

522 1154 624 1205 qua
669 1139 848 1206 iniqua
905 1136 1113 1204 ingenia
1177 1147 1520 1205 prtesutneret
1571 1136 1953 1199 condemnare,
2007 1149 2106 1189 nec

524 1229 654 1282 freta
686 1228 773 1282 vel
801 1228 1040 1282 teloncos
1083 1235 1352 1289 exactarc,
1401 1235 1492 1278 ant
1537 1225 1741 1294 aliquas
1790 1234 1999 1294 paratas
2032 1225 2108 1278 la-

524 1332 705 1369 cere:
755 1314 848 1369 sed
905 1313 956 1367 in
1016 1329 1198 1368 corum
1256 1315 1488 1383 privatas
1541 1314 1838 1368 audientias
1893 1323 2110 1381 agentes

525 1405 693 1471 ipsius
721 1403 974 1458 Ecclesia:
1005 1403 1291 1470 unicuique
1323 1403 1391 1457 de
1419 1405 1677 1473 reputatis
1715 1404 2110 1458 conditionibus

525 1499 781 1550 directum
815 1495 1073 1560 facerent,
1111 1496 1261 1548 etab
1301 1494 1418 1548 aliis
1463 1496 1726 1564 simulque
1776 1497 1956 1563 pert-ip
1993 1504 2112 1548 rcut

524 1588 822 1647 veritatem.
867 1594 923 1641 et
970 1585 1060 1639 ubi
1108 1584 1312 1638 lrednm
1361 1585 1460 1653 ipsi
1511 1596 1729 1654 agentes
1781 1594 1870 1638 aut
1916 1585 2106 1654 relzqui

537 1680 584 1727 In
610 1676 779 1730 mines
807 1685 1112 1730 tncmorata'
1147 1675 1398 1729 Ecclesiae
1429 1676 1752 1743 acciperent;
1785 1685 1839 1731 et
1870 1677 2016 1730 fro-da
2043 1676 2107 1729 ad

2207 499 2492 568 publicitus
2540 508 2906 570 promovetur,
2953 511 3008 555 et
3053 510 3219 554 wacta
3265 503 3341 556 vel
3388 516 3552 572 pontes
3587 525 3700 563 com-

2207 592 2532 659 pmtendum,
2566 591 2639 645 illi
2687 593 2934 646 homines
2984 594 3120 645 bene
3164 591 3384 661 ingenui,
3430 599 3507 664 qui
3549 600 3603 652 de
3629 616 3702 657 suo

2205 683 2378 748 capite
2428 681 2566 736 bene
2619 681 2830 750 ingenui
2890 681 3156 735 immunes
3206 696 3319 736 esse
3365 683 3592 747 videntur,
3635 691 3704 758 qui

2208 790 2370 840 super
2411 783 2582 827 terras
2630 773 2799 840 ipsius
2844 772 3110 838 ecclesiae,
3162 774 3240 826 vel
3285 772 3440 840 ipsius
3479 777 3704 843 pontiﬁcis,

2208 864 2291 919 vel
2320 864 2527 918 abbatis
2556 862 2637 916 sui
2687 876 3032 917 eommanere
3079 875 3395 930 noscuntur;
3437 865 3543 919 siin
3568 868 3708 936 aliqua

2209 953 2404 1009 exinde
2432 952 2500 1007 de
2525 951 2640 1006 isﬁs
2671 952 2841 1005 tribus
2869 953 3048 1006 causis
3075 953 3390 1021 negligentes
3411 961 3709 1026 apitamerint,

2211 1045 2408 1102 exinde
2451 1059 2572 1098 cum
2627 1043 2895 1112 iudicibus
2948 1045 3145 1098 nostris
3195 1045 3443 1099 deducant
3488 1047 3709 1113 rationes;

2209 1136 2307 1192 sed
2337 1150 2442 1189 non
2491 1135 2721 1202 amplius
2772 1134 2852 1186 vel
2909 1134 3134 1188 minus:
3185 1135 3238 1187 in
3284 1136 3470 1201 reliquo
3508 1151 3613 1190 vero
3640 1152 3714 1204 pro

2213 1226 2480 1281 mercedis
2528 1234 2728 1278 nostra!
2756 1233 3045 1292 augmento
3073 1225 3175 1278 sub
3205 1228 3476 1280 emunitute
3513 1226 3595 1293 ipsi
3633 1227 3714 1280 sint

2213 1317 2532 1378 conservati,
2562 1324 2620 1368 ut
2645 1317 2710 1368 ad
2733 1315 2900 1381 ipsam
2928 1329 3106 1368 casam
3153 1313 3418 1382 proﬁciant
3441 1314 3487 1366 in
3515 1330 3716 1384 augmen-

2213 1408 2300 1461 tis.
2337 1406 2402 1460 Et
2430 1407 2543 1474 ipsa
2593 1405 2875 1466 emunitas,
2925 1420 3045 1472 qute
3083 1418 3112 1456 a
3143 1403 3295 1457 nobis
3339 1405 3412 1458 vel
3439 1407 3495 1454 ah
3527 1414 3712 1457 anteces-

2211 1512 2241 1552 s
2277 1499 2423 1553 ribus
2454 1497 2694 1565 patrihus
2727 1496 2925 1548 nostris
2973 1495 3069 1548 fuit
3111 1510 3360 1549 concessa
3401 1496 3526 1548 circa
3557 1509 3714 1548 taetrio-

2214 1598 2383 1642 ratam
2416 1586 2707 1640 Ecclesiam
2754 1585 2933 1638 domui
2979 1584 3258 1653 Stephani,
3308 1584 3383 1638 vel
3422 1583 3714 1650 prtelatatno-

2217 1680 2472 1743 nastcria,
2506 1677 2586 1732 vel
2617 1676 2859 1742 castella,
2910 1676 3078 1738 vicos,
3151 1688 3339 1744 pagos,
3385 1671 3623 1741 parochias
3656 1670 3718 1724 vel

530 1763 646 1831 ipsa
684 1764 798 1817 loca
841 1773 1146 1816 sanctorum
1185 1763 1441 1816 deberent
1473 1763 1690 1818 Christo
1734 1765 1960 1832 przesule
1988 1779 2110 1832 pro-
2144 1757 2188 1817 Β
2215 1771 2478 1835 abbatias,
2509 1785 2630 1839 qua:
2673 1767 2742 1822 ad
2769 1768 2942 1834 ipsum
2993 1765 3298 1834 pontiﬁcem
3344 1766 3557 1832 aspicere
3581 1762 3718 1814 vden-

538 1857 587 1907 lic
607 1869 700 1909 ere
720 1851 772 1909 in
797 1862 1157 1922 augmentum.
1190 1853 1308 1908 l‘ari
1333 1855 1491 1907 modo
1512 1863 1566 1909 et
1591 1855 1636 1910 si
1662 1856 1904 1910 homines
1926 1871 2110 1911 eorum

545 1958 643 2011 pro
683 1944 921 2013 quolibet
965 1959 1187 1998 excessu
1249 1944 1628 2014 cujuscumque
1673 1944 1878 2000 l'redum
1922 1947 2114 2000 dissol-

537 2051 581 2082 vi
605 2034 752 2098 bant,
787 2034 953 2088 fretus
974 2035 1060 2101 qui
1093 2035 1283 2088 exinde.
1314 2035 1364 2088 in
1402 2036 1664 2103 publicum
1697 2038 1899 2106 sperari
1928 2047 2114 2105 potue-

535 2123 626 2188 rit,
655 2124 720 2176 ad
753 2122 897 2192 ipsas
921 2127 1178 2178 ecclesias
1209 2125 1392 2178 fuisset
1435 2139 1740 2179 concessus.
1780 2125 1932 2182 Unde
1964 2126 2115 2192 petiit

533 2215 931 2284 suprascriptus
979 2217 1211 2286 pontifex
1245 2227 1295 2269 ut
1325 2231 1447 2270 eum
1489 2231 1747 2285 suamque
1795 2218 2111 2283 Ecclesiam,

529 2307 614 2356 vel
643 2306 981 2371 monasteria,
1013 2307 1250 2374 castella,
1289 2307 1372 2360 vel
1404 2307 1551 2362 vicos
1596 2308 1662 2362 ad
1693 2309 1916 2364 eandem
1950 2311 2114 2377 perti-

531 2405 722 2449 nentes
773 2395 853 2448 vel
908 2396 1250 2464 aspicientes,
1301 2396 1368 2450 de
1417 2394 1517 2450 hac
1572 2411 1632 2450 re
1680 2397 1887 2466 plenius
1925 2409 2112 2452 nostra

529 2489 818 2543 auctoritas
847 2489 901 2543 in
950 2490 1038 2544 Dei
1073 2494 1288 2545 nomine
1317 2493 1678 2547 confirmaret.
1730 2494 1894 2562 Cujus
1933 2505 2114 2564 postu-

532 2581 783 2634 lationem
814 2595 909 2650 pro
947 2580 1126 2635 divino
1171 2582 1382 2646 intuitu,
1414 2583 1495 2636 vel
1527 2587 1822 2639 reverentia
1871 2587 2104 2655 ipsorum

536 2670 777 2723 locorum
831 2679 1160 2738 sanctorum,
1213 2686 1306 2741 seu
1360 2671 1480 2724 ﬁdei
1534 2687 1644 2726 sutc
1699 2684 1964 2742 respectu,
2026 2676 2111 2729 vel

529 2761 800 2816 mercedis
827 2771 1024 2815 nostra:
1069 2772 1376 2832 augmento,
1426 2765 1655 2832 gratanti
1695 2779 1874 2818 animo
1905 2767 2111 2834 praisti-

534 2854 689 2917 tisse,
717 2863 774 2908 et
801 2853 853 2906 in
884 2853 1133 2906 omnilms
1169 2854 1534 2920 conﬁrmasse,
1564 2865 1616 2910 et
1659 2870 1687 2908 a
1721 2871 1857 2910 novo
1891 2871 2116 2913 conces-

532 2945 671 2998 sisse
691 2945 1018 3012 cognoscite.
1042 2943 1296 3015 Jubemus
1318 2961 1546 3014 namque
1563 2956 1615 3000 ut
1637 2947 1890 3015 quidquid
1908 2958 2117 3002 constat

535 3045 645 3086 tam
673 3034 727 3087 in
759 3034 916 3102 villis,
949 3034 1219 3098 domibus,
1269 3035 1532 3096 adiﬁciis,
1581 3037 1884 3106 mancipiis,
1923 3039 2114 3104 vineis,

535 3128 708 3189 silvis,
736 3127 960 3196 eampis,
995 3129 1181 3196 pratis,
1220 3127 1454 3196 pascuis,
1491 3129 1646 3195 aquis
1671 3144 1994 3200 aquarumve
2025 3130 2116 3186 de-

535 3217 801 3280 cursibus,
849 3217 1134 3271 accolabus
1192 3216 1468 3286 utriusque
1530 3220 1768 3285 generis,
1822 3235 1981 3293 sex‘us
2033 3219 2118 3275 vel

534 3305 732 3368 atatis,
757 3319 880 3359 cum
905 3304 1127 3373 integris
1151 3305 1408 3372 terminis,
1434 3307 1712 3376 solidoque
1735 3320 1877 3363 statu
1908 3324 2115 3375 eorum,

537 3407 645 3449 tam
683 3409 748 3450 ex
790 3395 1150 3450 muniﬁcentia
1182 3412 1364 3466 regum
1411 3406 1466 3451 et
1500 3399 1827 3468 reginarum,
1878 3415 2035 3468 quam
2069 3401 2120 3454 id

543 3485 687 3554 qtn-d
739 3501 832 3552 per
882 3486 1238 3550 venditiones,
1295 3487 1634 3554 donationis,
1680 3489 2123 3546 commutationes

535 3577 918 3643 cessionesqne
971 3575 1135 3629 titulis
1187 3577 1266 3629 vel
1324 3592 1418 3644 per
1469 3579 1725 3646 qualibet
1772 3582 2124 3634 instrumenta

535 3673 830 3728 eartarum,
863 3675 952 3717 aut
983 3665 1236 3733 quaelibet
1268 3667 1481 3735 ingenia
1513 3669 1714 3734 legibus
1736 3669 1800 3720 ad
1829 3668 1994 3738 ipsam
2026 3671 2128 3725 Ec—

536 3754 751 3810 clesium
775 3755 956 3807 domui
988 3754 1269 3823 Stephani,
1300 3758 1379 3809 vel
1409 3757 1540 3809 alias
1584 3757 1860 3823 ecclesias,
1886 3774 2003 3828 qua:
2027 3761 2128 3814 sub

539 3846 654 3912 ipsa
683 3844 815 3898 urbe
850 3843 1120 3911 Mettensi,
1150 3848 1230 3900 vel
1263 3848 1313 3900 itt
1345 3849 1610 3914 parocltiis
1661 3851 1827 3916 ipsius
1861 3849 2127 3917 pontiﬁcis

537 3944 864 3988 constructa!
917 3948 1039 3989 esse
1098 3934 1372 4001 videntur,
1427 3937 1524 3990 fuit
1579 3940 1900 4008 delegatum,
1957 3950 2012 3995 et
2061 3941 2128 3995 ad

548 4039 784 4094 praesens
812 4042 935 4094 pars
957 4027 1190 4096 ipsarum
1214 4029 1563 4083 ecclesiarum
1586 4034 1825 4085 cernitur
1853 4032 2128 4101 possidere

541 4121 625 4172 vel
678 4119 968 4185 dominari,
1020 4137 1115 4188 per
1163 4124 1298 4176 hanc
1345 4125 1714 4178 auctoritatem
1768 4137 2023 4191 nostram,
2073 4125 2123 4180 id

539 4209 668 4273 ipsis
696 4210 962 4278 ecclesiis,
1000 4212 1079 4264 vel
1113 4222 1408 4264 memorato
1447 4214 1702 4283 pontiﬁci,
1735 4215 1817 4268 vel
1842 4214 2127 4270 abbatibus

549 4300 662 4353 su's
694 4316 987 4369 eorumque
1022 4304 1420 4357 SDCCIErSOI'lbllS
1450 4305 1656 4373 plenius
1681 4305 1733 4360 in
1778 4304 1868 4359 Dei
1915 4306 2133 4360 nomine

519 4385 917 4447 continuatum
947 4402 1105 4458 atque
1137 4407 1451 4445 concessum
1481 4408 1599 4446 esse
1630 4393 1957 4462 cognoscite.
1987 4393 2127 4447 Ptte-

539 4477 801 4543 eipicntes
841 4480 983 4531 enim
1033 4481 1302 4547 iubemus,
1353 4491 1410 4535 ut
1439 4498 1612 4552 neque
1661 4497 1774 4547 vos,
1826 4498 1994 4552 neque
2037 4482 2122 4552 ju-

543 4567 650 4619 nio:
663 4579 746 4631 es,
775 4581 869 4619 seu
898 4583 1236 4625 successores
1280 4573 1442 4625 vestri
1471 4573 1522 4626 in
1563 4585 1739 4628 curtes
1764 4575 1926 4641 ipsius
1951 4576 2123 4628 eccle-

540 4657 656 4721 site,
691 4657 772 4710 vel
811 4659 1087 4712 memorati
1134 4662 1422 4726 pontiﬁcis,
1451 4672 1540 4716 aut
1589 4665 1838 4718 abbatum
1871 4682 2116 4732 suorum,

541 4746 628 4800 Vel
656 4748 1124 4817 monasteriorum,
1152 4753 1518 4818 castellorum,
1565 4755 1799 4808 vicorum
1844 4767 1948 4809 tam
1982 4759 2118 4812 ultra

541 4852 700 4904 quam
727 4839 860 4890 citra
909 4837 1141 4903 Renum,
1193 4840 1468 4896 Rodanum
1495 4852 1549 4897 et
1579 4844 1832 4913 Ligerim,
1865 4848 1947 4900 vel
1977 4860 2117 4914 prte-

543 4926 701 4979 l'atam
726 4927 998 4982 civitatem
1021 4927 1353 4997 Metteneem,
1371 4940 1463 4984 aut
1483 4931 1533 4985 in
1559 4947 1719 5001 pagos
1743 4935 1823 4988 vel
1851 4934 2127 5001 parochias

542 5031 690 5082 suas,
717 5027 772 5073 et
797 5021 1142 5083 monasteria,
1172 5036 1270 5075 ceu
1296 5023 1480 5091 cellas,
1511 5039 1630 5077 cum
1677 5026 1925 5078 omnibus
1955 5025 2129 5080 eccle-

544 5108 637 5159 siis
664 5109 729 5161 ad
760 5110 982 5164 eandem
1017 5113 1403 5180 pertinentibus
1433 5115 1512 5169 vel
1545 5117 1945 5180 aspicientibus,
1988 5117 2129 5170 nulla

546 5202 700 5269 lreta,
753 5217 851 5259 nec
897 5203 1158 5267 teloneos,
1213 5205 1294 5258 vel
1343 5204 1651 5274 conjec-tos,
1702 5217 1792 5262 aut
1837 5219 2132 5261 summulas

547 5288 888 5362 [sunniatas],
912 5293 994 5347 vel
1029 5294 1232 5362 aliquas
1254 5303 1463 5362 paratas
1486 5296 1808 5362 faciendum,
1834 5296 1921 5351 vel
1945 5297 2130 5363 quale-

546 5397 776 5452 cumque
807 5382 1078 5453 ingenium
1108 5383 1177 5438 ad
1202 5385 1414 5454 aliquod
1443 5387 1823 5442 detrimentum
1845 5403 2127 5458 generare,

550 5475 760 5539 penitus
817 5473 1022 5543 ingredi
1075 5490 1178 5528 non
1229 5476 1517 5542 deberetis,
1575 5479 1620 5534 si
1675 5479 1898 5547 gratiam
1955 5491 2127 5531 meam

553 5566 704 5618 vobis
753 5567 805 5619 in
843 5565 1092 5620 omnibus
1137 5567 1336 5623 obtatis
1387 5569 1586 5626 habere
1631 5570 1945 5639 prepiciam.
1992 5569 2125 5622 lllnd

554 5651 675 5708 addi
727 5656 920 5723 placuit
973 5657 1337 5723 stribendum,
1375 5670 1427 5712 ut
1478 5661 1544 5714 de
1595 5661 1760 5714 tribus
1813 5658 2011 5725 causis,
2059 5659 2126 5714 de

2217 1875 2328 1927 tur,
2358 1860 2666 1930 perenniter
2715 1868 2927 1912 ntaaeal
2973 1856 3285 1910 inconvulsa
3315 1855 3390 1907 vel
3429 1863 3718 1906 conservata:

2215 1953 2441 2021 qualiter
2466 1952 2635 2017 ipsum
2679 1948 2986 2017 pontiﬁcem
3016 1961 3111 2000 seu
3141 1948 3369 2008 clerum,
3411 1944 3482 1997 vel
3520 1954 3722 2012 pauperes

2216 2044 2414 2097 ibidem
2458 2041 2763 2094 atitnoniam
2809 2049 3107 2104 sperantes,
3157 2036 3359 2104 plenius
3403 2036 3602 2089 delectet
3642 2032 3720 2085 Do-

2215 2134 2342 2187 mini
2373 2131 2794 2185 misericordiam
2828 2129 3082 2180 attentius
3113 2141 3363 2179 exorare.
3409 2125 3467 2178 Et
3492 2119 3725 2177 dummodo

2217 2240 2310 2294 per
2335 2223 2631 2277 anteriores
2675 2221 3061 2291 prazceptiottes
3109 2234 3139 2272 a
3191 2219 3347 2287 longo
3395 2229 3603 2283 tempore
3638 2213 3722 2279 ipsa

2215 2315 2486 2371 etnunitas
2513 2314 2657 2366 circa
2705 2314 2874 2380 ipsi-nt
2916 2311 3233 2373 licch-siam,
3260 2309 3341 2362 vel
3387 2308 3620 2372 basilicas,
3656 2317 3727 2357 seu

2215 2403 2564 2466 monasteria,
2599 2404 2746 2462 vicos
2792 2405 2871 2456 vel
2925 2402 3211 2471 parochias
3256 2401 3355 2455 sub
3387 2410 3597 2466 tempore
3620 2406 3724 2463 νηι-

2214 2495 2512 2550 cedentiutn
2564 2509 2749 2556 tegunt
2800 2507 3012 2558 semper
3057 2493 3149 2544 fuit
3203 2500 3542 2550 conservata;
3581 2494 3624 2540 et
3656 2498 3730 2537 eos

2215 2585 2283 2638 ad
2334 2599 2570 2652 pru‘scns
2602 2599 2696 2652 pro
2721 2583 2913 2636 animae
2965 2591 3163 2635 nostra:
3209 2579 3456 2641 remedio,
3502 2576 3572 2629 vel
3612 2572 3726 2628 retri-

2217 2681 2435 2734 butione
2466 2691 2690 2741 attenta,
2723 2677 2772 2731 id
2803 2676 2854 2729 itt
2887 2678 3002 2744 ipsa
3031 2675 3272 2729 Ecclesia
3309 2671 3481 2726 domui
3507 2666 3725 2735 Stephani,

2216 2771 2306 2824 ubi
2334 2783 2462 2824 suus
2505 2769 2903 2824 sacratissimus
2955 2767 3173 2836 sanguis
3223 2769 3370 2818 vivus
3414 2777 3523 2818 esse
3552 2759 3728 2821 videtur,

2217 2876 2312 2930 per
2357 2869 2591 2916 nostram
2645 2859 3058 2927 praem-pth-uem
3117 2858 3444 2911 ﬁrmavimus
3469 2866 3602 2920 atque
3637 2859 3733 2898 «σηι-

2215 2951 2497 3016 cessimus,
2548 2959 2606 3004 ut
2657 2950 2981 3018 quicumque
3034 2949 3134 3001 hoc
3185 2950 3255 3002 de
3296 2943 3543 3016 iudicibus
3587 2935 3734 2992 nostris

2221 3054 2314 3097 aut
2342 3043 2592 3112 qu'shbet
2625 3041 2901 3112 relragare
2946 3047 3040 3093 ant
3086 3040 3386 3107 irrumpere
3414 3036 3486 3089 vel
3519 3033 3739 3086 immutare

2222 3135 2466 3199 voluerit,
2521 3133 2652 3187 iram
2705 3133 2859 3186 trina:
2909 3130 3208 3200 Maiestatis
3255 3128 3342 3184 vel
3393 3125 3600 3180 omnium
3639 3133 3739 3173 send

2215 3237 2446 3290 ctorum,
2497 3224 2585 3278 ubi
2638 3224 2754 3291 ipse
2807 3221 3050 3291 pontifex
3100 3221 3186 3276 vel
3226 3219 3445 3274 abbates
3493 3213 3564 3268 sui
3597 3210 3734 3265 deset-

2219 3317 2388 3377 viunt.
2418 3314 2678 3380 incurrat,
2725 3327 2778 3368 et
2823 3312 3049 3382 gratiam
3099 3321 3341 3364 nostram
3384 3304 3519 3361 nullo
3541 3309 3739 3368 umquam

2222 3418 2465 3476 tempore
2504 3403 2670 3475 possit
2713 3403 2934 3458 habere.
2983 3402 3088 3460 Sed
3134 3403 3307 3470 magis
3345 3415 3372 3454 a
3402 3397 3540 3452 vobis
3563 3393 3629 3446 vel
3649 3401 3738 3444 suc-

2221 3497 2526 3553 cessoribus
2557 3495 2750 3550 vestris
2779 3497 2880 3549 sub
2925 3496 3128 3563 integra
3159 3496 3452 3547 etuunilate
3495 3484 3620 3539 οηιυί
3645 3491 3740 3536 tene

2225 3606 2355 3660 pore
2383 3590 2560 3644 modis
2609 3589 2860 3642 omnibus
2890 3596 3242 3642 conservetur
3271 3602 3286 3649 ;
3337 3581 3547 3652 quam"
3567 3572 3738 3644 ιςηιῖιω

2226 3691 2482 3746 nostram,
2538 3691 2596 3734 ut
2637 3680 2892 3744 diximus,
2945 3679 3177 3732 valeatis
3230 3678 3446 3738 habere,
3492 3665 3738 3740 propicium-

2225 3774 2391 3840 Quam
2423 3787 2551 3825 vero
2601 3771 2972 3824 auctoritatem
3005 3784 3100 3837 pro
3145 3769 3223 3823 rei
3255 3767 3416 3820 totius
3448 3760 3678 3820 ﬁrmitate,
3698 3757 3742 3804 Il

2227 3863 2373 3917 omni
2421 3872 2665 3933 tempore
2718 3869 2930 3915 maneat
2981 3859 3322 3924 inconvulsa,
3378 3866 3550 3909 manus
3595 3852 3745 3901 nostra

2228 3955 2522 4026 signaculis
2555 3955 2690 4008 infra
2714 3954 3051 4009 drcrevimus
3078 3955 3129 4006 in
3166 3951 3261 4005 Dei
3294 3947 3501 4004 nomine
3527 3941 3744 3996 roborata.

2303 4047 2429 4101 Data
2458 4063 2507 4100 st
2530 4045 2646 4102 Cal.
2680 4045 2840 4101 Febr.
2874 4060 3016 4100 anno
3045 4028 3120 4099 vtt
3141 4055 3192 4098 et
3233 4044 3252 4096 l
3289 4040 3437 4111 regni
3462 4035 3626 4091 nostri.

2302 4139 2490 4192 Actum
2521 4137 2814 4198 Carisiaco,
2846 4145 2952 4192 etc.

2929 4249 3122 4306 XXXI.

2233 4319 2406 4378 Caroli
2436 4322 2612 4393 Magni
2642 4321 2889 4403 diploma,
2922 4299 3341 4391 quo-conﬁrmat
3367 4309 3652 4432 privilegia!»
3672 4299 3747 4354 Stl-

2345 4393 2476 4432 ιηηιν
2505 4405 2682 4432 mmrn
2710 4407 2999 4432 ρηηηηιηηι
3031 4389 3328 4432 latratuum
3359 4399 3512 4432 lanna
3568 4377 3664 4432 Ἱὶι).

2345 4393 2476 4446 laute
2505 4377 2682 4445 contra
2699 4377 3000 4461 Episcopum
3027 4377 3328 4444 Hetténsem
3359 4377 3512 4456 (anno
3535 4377 3664 4442 775).

2587 4483 2679 4543 (Ex
2707 4483 2912 4545 Mabll|.,
2932 4484 2997 4534 de
3021 4483 3094 4533 Re
3116 4480 3466 4544 diplomallca.)

2295 4564 2519 4620 Carolus
2557 4567 2722 4636 gratia
2775 4567 2864 4620 Dei
2916 4581 3007 4619 rex
3038 4564 3373 4619 Francorum
3413 4567 3466 4616 et
3505 4547 3752 4636 ιοιιεοδεν

2225 4656 2437 4722 dorum,
2470 4635 2631 4726 atque
2666 4656 2917 4727 patricius
2947 4655 3336 4710 Romanorum.
3367 4653 3574 4720 Oportet
3597 4635 3754 4696 δεηθὶ-

2227 4757 2304 4799 tas
2341 4757 2521 4803 nostra
2581 4759 2638 4802 ut
2688 4763 2748 4803 ea
2778 4763 2898 4818 quae
2947 4763 2976 4802 a
3024 4747 3274 4802 ﬁdelibus
3323 4743 3512 4800 nostris
3549 4731 3756 4806 νωιηιειι

2237 4839 2454 4901 l‘uerint,
2481 4837 2628 4908 juste
2665 4847 2719 4893 et
2755 4836 3142 4892 rationabiliter
3170 4851 3272 4905 pro
3315 4831 3527 4890 servitio
3551 4833 3600 4881 et
3624 4818 3756 4876 ﬁdeli-

2231 4941 2364 4995 tate,
2393 4945 2511 4999 qua:
2540 4930 2682 4983 circa
2711 4929 3004 4998 genitorem
3035 4942 3214 4981 meum
3248 4925 3526 4995 Pippinum
3553 4927 3702 4985 regem
3720 4914 3760 4962 ει

2230 5023 2370 5074 circa
2405 5035 2491 5074 me
2529 5019 2728 5074 habere
2773 5019 3040 5084 videntur,
3085 5019 3162 5072 eis
3193 5017 3469 5087 impertire
3503 5012 3757 5066 debeam“

2231 5113 2423 5168 Notum
2453 5112 2520 5166 sit
2545 5113 2794 5166 omnibus
2825 5111 3076 5167 ﬁdelibus
3105 5111 3325 5173 nostris,
3357 5094 3550 5162 tam'et
3572 5109 3758 5171 presen-

2232 5206 2373 5259 tilms
2403 5220 2557 5272 quam
2587 5213 2641 5257 et
2670 5203 2878 5268 futuris,
2905 5203 3137 5272 qualiter
3166 5203 3394 5256 veniens
3436 5193 3663 5252 Folradus

2237 5295 2477 5361 pellanus
2508 5293 2686 5362 palatii
2726 5295 2891 5348 nostri
2933 5301 2986 5347 et
3024 5293 3156 5346 abba
3199 5292 3374 5344 sancti
3402 5283 3614 5356 Dionysii
3645 5275 3762 5332 nobis

2234 5385 2413 5438 retulit
2446 5384 2781 5454 privilegium
2826 5398 2858 5437 a
2889 5384 3127 5451 partibus
3164 5384 3343 5434 sancti
3374 5374 3612 5445 Dionysii.
3640 5377 3760 5436 qui!“

2230 5475 2501 5530 senodalis
2547 5475 2802 5529 consilius
2841 5489 2983 5529 anno
3013 5488 3157 5529 nono
3197 5473 3265 5527 ad
3308 5465 3764 5527 Patris-Brenni“

2230 5567 2496 5635 Promisso
2547 5568 2907 5636 Angalramno
2949 5568 3200 5634 episcopo
3245 5575 3300 5619 ει
3350 5561 3594 5618 Ψίίθθτίθ
3625 5547 3766 5647 θεῷ.

2226 5658 2480 5726 episcOpo
2521 5658 2912 5715 constituerunt
2952 5657 3020 5712 de
3060 5672 3146 5712 res
3194 5652 3527 5728 proprietatis
3561 5660 3685 5709 sua.
3719 5647 3764 5693 ιι
