4034 6182
248 223 349 280 955

558 217 786 274 CODEX
828 216 1355 276 DIPLOMATICUS.
1501 219 1913 275 PRIVIU'ZCIA.
1961 251 2024 261 -
2060 221 2099 276 I.
2143 223 2388 280 l‘ltl\’l|..
2435 225 2565 280 PER
2608 225 2884 283 GALLI/ﬁ
2926 226 3217 285 PARTES.

3399 227 3501 285 951

247 331 361 389 loco
382 349 467 401 qut
492 333 684 388 dicitur
705 331 924 390 Salona,
949 347 1072 397 qua:
1093 341 1174 386 est
1196 341 1531 386 constructus
1551 332 1598 384 in
1621 333 1824 386 honore
1852 337 1898 394 Α
1929 332 2165 395 lcnariis,
2200 335 2282 387 vel
2317 334 2533 403 reliquis
2564 335 2807 390 lidelibus
2838 339 3058 401 uestris,
3095 347 3199 390 tam
3232 343 3507 397 praesemi-

247 435 447 482 sancta.
478 423 567 475 Dei
601 422 874 489 genitricis
902 434 950 474 et
983 422 1256 474 beatorum
1289 431 1582 492 martyrum
1615 433 1664 476 et
1698 437 1826 473 cou-

250 519 510 572 l'essornm
541 521 596 565 et
623 512 884 582 virginum
912 529 924 564 :
953 512 1038 564 ιιιιί
1072 525 1288 565 sanctus
1323 513 1562 565 Privatus
1602 522 1822 582 martyr,

242 618 299 663 et
334 616 546 659 sanctus
587 604 792 657 lllarins
838 604 1111 656 confessor
1158 606 1496 672 requie~cere
1537 605 1822 659 videntur:

243 707 302 751 et
335 712 452 750 meo
485 695 536 748 in
569 693 844 762 privilegio
876 693 1133 748 insertum
1184 695 1514 757 invenimus,
1554 704 1611 748 ιιι
1657 710 1828 763 neque

243 789 642 857 Angalramnus
663 786 963 854 episcopus,
984 801 1154 854 neque
1169 801 1505 841 successores
1527 787 1631 852 sui,
1656 803 1828 856 neque

243 879 684 941 archidiaconus,
714 892 885 946 neque
915 877 1107 930 missus
1135 880 1375 932 ecclesiae
1400 895 1510 932 sum
1541 879 1829 935 Mediowa-

242 971 412 1024 tricns
451 970 521 1025 ibi
554 970 605 1022 in
653 969 769 1039 ipso
809 969 1056 1024 cmnohio
1105 970 1427 1037 pontificium
1476 971 1670 1028 habere
1723 990 1826 1028 non

237 1059 496 1126 debeant,
539 1059 638 1112 nisi
671 1059 715 1113 si
747 1059 911 1112 abbas
957 1060 1124 1113 sancti
1160 1061 1391 1132 Dionysii
1432 1065 1708 1129 expetierit
1739 1080 1816 1117 or~

241 1151 548 1204 dinationes
573 1147 822 1216 faciendi,
853 1151 1253 1217 cbrismetandi,
1288 1166 1337 1206 et
1368 1155 1574 1207 tabulas
1604 1154 1826 1210 benedi-

240 1243 421 1297 cendi.
473 1242 919 1310 lnterrogarimus
962 1244 1371 1311 Angalramnom
1415 1245 1739 1313 episcopum,
1783 1247 1827 1302 si

243 1331 426 1398 ipsttm
455 1331 790 1402 privilegium
819 1336 1122 1387 constintire
1155 1334 1443 1388 debuisset.
1479 1338 1540 1390 Et
1572 1338 1682 1406 ipse
1713 1339 1832 1391 nul-

243 1419 458 1472 latenus
507 1420 812 1487 denegavit,
862 1422 959 1475 nisi
1006 1423 1143 1477 sicut
1171 1436 1217 1478 et
1248 1425 1578 1481 clmenodalc
1609 1429 1854 1482 consilio’

240 1510 636 1563 constituerunt
656 1511 806 1579 coepi
838 1512 954 1579 copi
977 1513 1082 1576 sui,
1112 1513 1189 1568 sic
1215 1517 1529 1570 consentivit
1559 1517 1695 1571 sicut
1719 1520 1830 1586 ipse

245 1600 569 1670 privilegius
603 1600 820 1656 clariter
849 1601 1098 1658 innotuit.
1152 1605 1434 1672 Propterea
1485 1609 1642 1661 talem
1690 1625 1828 1678 prte-

1931 420 2027 471 bus
2077 436 2235 486 quam
2284 421 2493 487 futuris,
2551 434 2732 478 notum
2781 426 2852 477 sit
2903 426 3131 492 qualiter
3176 427 3404 481 domnus
3456 437 3510 481 et

1929 511 2137 577 genitor
2189 520 2372 564 noster
2421 513 2572 565 bona:
2619 514 2892 566 memoria:
2949 513 3200 581 Pippinus
3240 517 3506 582 quondam

1931 615 2019 652 res
2043 641 2058 663 ,
2093 602 2476 654 monasterium
2496 643 2510 666 ,
2541 605 2681 671 quod
2717 615 2930 656 vocatur
2961 603 3194 668 Prumia,
3227 605 3277 658 in
3308 603 3513 658 honore

1927 691 2096 743 sancti
2137 691 2428 745 Salvator-is
2469 707 2499 744 a
2542 709 2680 744 novo
2723 692 3026 749 fundamine
3056 696 3199 746 visus
3241 693 3337 748 luit
3377 696 3506 748 :I‘dl-

1930 780 2110 844 licare,
2141 791 2197 836 et
2236 797 2322 836 res
2361 783 2556 837 liscalis
2597 800 2659 838 ac
2699 787 3036 852 proprietatis
3072 786 3138 838 ad
3177 784 3349 853 ipsum
3388 800 3510 838 san-

1929 882 2070 923 ctum
2129 873 2300 926 locum
2355 873 2500 927 visus
2549 872 2650 928 fuit
2700 876 2997 945 delegasse,
3050 885 3104 931 et
3154 878 3203 930 in
3259 877 3510 932 omnibus

1930 965 2298 1026 conﬁrmasse,
2330 964 2417 1018 ubi
2448 966 2809 1019 venerabilem
2853 968 3024 1020 virum
3063 969 3322 1022 Asuerum
3351 967 3512 1020 abba.

1935 1061 2039 1104 tem
2063 1069 2162 1105 una
2187 1068 2304 1106 cum
2334 1055 2717 1107 monachorum
2746 1053 2966 1127 [turma]
2996 1067 3254 1110 rectorem
3284 1072 3513 1124 prmesse

1930 1143 2226 1210 constituit,
2249 1153 2302 1197 et
2322 1147 2614 1198 secundum
2638 1149 2876 1202 ordinem
2910 1162 3150 1202 sanctum
3183 1151 3308 1202 illttd
3337 1151 3508 1202 Itrt'ttttl

1929 1233 2227 1300 gubernare
2259 1237 2528 1302 praecepit.
2579 1237 2728 1292 Unde
2756 1239 3036 1306 prtedictus
3068 1241 3201 1293 abba
3230 1250 3285 1293 et
3315 1256 3514 1294 mona-

1929 1324 2014 1376 chi
2055 1323 2106 1375 in
2149 1324 2261 1392 ipso
2299 1327 2544 1380 omnohio
2583 1330 2973 1393 consistentes,
3019 1331 3318 1385 clementia:
3363 1332 3510 1400 regni

1934 1422 2098 1470 nostri
2131 1418 2430 1484 petierunt,
2462 1429 2516 1474 ut
2559 1421 2656 1488 ipsi
2701 1423 2972 1485 homines,
3004 1439 3159 1490 quem
3200 1425 3426 1478 domnus
3459 1431 3518 1478 et

1931 1507 2142 1575 genitor
2165 1523 2254 1558 no.~
2267 1517 2347 1561 ter
2370 1509 2520 1562 bona:
2545 1512 2816 1565 memoriae
2847 1513 3098 1580 l'ippinns
3129 1515 3392 1582 quondam
3422 1529 3520 1568 rex

1935 1595 2000 1646 ad
2051 1594 2222 1661 ipsum
2269 1599 2646 1652 monasterium
2689 1603 2950 1656 concessit
3000 1606 3078 1656 vel
3129 1604 3421 1674 delegavit.
3467 1605 3518 1656 in

241 1669 469 1756 (ιερωηί
494 1699 544 1744 ει
573 1690 1034 1746 conﬁrma'ioncm
1064 1669 1378 1762 pe,m,,',,,e
1407 1669 1743 1767 ρι-ωριιήηιιλε
1765 1700 1831 1754 ad
1864 1669 1909 1729 Β
1939 1686 2051 1754 ipsa
2080 1697 2264 1742 tenore
2293 1699 2346 1743 et
2376 1692 2794 1757 consuetudine,
2835 1694 2966 1747 sicut
3001 1704 3154 1747 anto-a
3188 1695 3398 1749 fuertmt
3420 1737 3434 1757 ,
3466 1704 3519 1749 et

241 1779 490 1848 partibus
517 1778 685 1832 sancti
729 1778 984 1851 Dionysii,
1034 1790 1092 1836 ut
1141 1795 1260 1851 post
1303 1785 1441 1840 hunc
1478 1787 1616 1840 diem
1660 1790 1837 1844 nullus

239 1869 500 1937 quislibet
525 1871 923 1940 episcoporum,
960 1889 1134 1944 neque
1175 1877 1565 1946 Angalramnus
1594 1892 1678 1934 aut
1713 1897 1829 1936 suc-

243 1973 500 2015 cessores
529 1962 609 2016 sui
639 1960 754 2030 ipso
783 1964 1034 2018 ctenobio
1066 1981 1169 2019 non
1208 1970 1480 2040 contingat
1511 1972 1608 2024 nisi
1640 1973 1705 2025 sit
1737 1975 1838 2028 sub

239 2055 543 2106 entnnitate
586 2061 639 2106 et
671 2053 948 2122 privilegio
995 2062 1162 2110 sancti
1214 2057 1448 2130 Dionysii
1500 2063 1835 2129 regulariter,

244 2141 397 2192 sicut
419 2142 942 2206 ca~teras_ecclesias,
974 2158 1104 2212 quas
1133 2143 1200 2199 de
1227 2147 1336 2214 ipsa
1369 2164 1488 2202 casa
1515 2152 1681 2204 sancti
1718 2151 1838 2205 Dio-

239 2227 390 2296 nysii
417 2228 659 2297 aspicere
684 2228 952 2295 videntur,
977 2241 1030 2285 et
1052 2234 1275 2289 terrolas
1299 2251 1431 2305 quas
1454 2240 1837 2307 Aogalramnus

240 2331 289 2369 et
332 2316 597 2373 Folrados
637 2319 768 2372 inira
800 2320 915 2389 ipso
945 2337 1074 2392 agro
1101 2323 1292 2378 Salona
1325 2337 1378 2380 et
1411 2329 1514 2383 line
1544 2341 1840 2383 commuta-

244 2419 447 2463 verunt
619 2411 802 2467 Simile
843 2415 1002 2468 modo
1038 2431 1102 2470 ex
1145 2429 1382 2473 nostrum
1430 2423 1746 2486 permissum
1783 2433 1838 2480 et

240 2499 714 2554 conﬁrmationem
745 2502 944 2571 absque
971 2505 1340 2574 episcoporum
1365 2510 1636 2566 Mettensis
1664 2515 1836 2568 cccle-

241 2589 346 2640 εἰπε
373 2589 807 2658 impedimentum
842 2609 963 2662 pars
993 2598 1163 2650 sancti
1195 2598 1410 2654 Dionisii
1443 2617 1545 2655 una
1573 2617 1692 2656 cum
1725 2605 1839 2673 ipso

246 2679 511 2734 ctrrmbio
537 2681 730 2736 Salt-na
762 2684 861 2738 sub
903 2697 1138 2741 nostram
1183 2691 1459 2746 tuitionem
1488 2704 1539 2746 ct
1569 2694 1837 2749 delensio-

250 2787 383 2823 nem
415 2785 799 2842 procerumque
829 2786 1130 2831 nostrorum
1157 2781 1390 2847 partibus
1413 2798 1522 2837 sant
1544 2785 1580 2838 ti
1609 2784 1680 2838 Di:
1704 2786 1838 2856 nysii

243 2860 488 2915 debeant
530 2863 823 2930 respicere,
867 2874 923 2920 et
961 2866 1211 2937 quicquid
1259 2885 1354 2939 per
1399 2875 1841 2929 commutatiooes

239 2965 436 3020 regum
487 2961 580 3007 aut
619 2954 1001 3024 donationem,
1045 2969 1135 3012 aut
1174 2962 1367 3016 collata
1423 2964 1612 3019 ibidem
1659 2967 1837 3035 populi

1937 1779 2100 1831 cett-ri
2133 1780 2355 1834 liscalini
2399 1791 2522 1834 sunt
2563 1785 2763 1845 nostri,
2810 1785 3010 1852 absque
3041 1785 3264 1853 alicujus
3303 1799 3519 1840 contra-

1936 1869 2171 1925 dictione
2199 1873 2264 1924 ad
2305 1872 2414 1942 jam
2445 1875 2588 1927 dicto
2629 1875 2745 1928 loco
2772 1875 3000 1930 debeant
3031 1892 3344 1943 permanere
3365 1919 3380 1942 ,
3413 1887 3519 1930 tam

1938 1960 2004 2013 de
2031 1975 2222 2014 causas
2251 1977 2434 2016 eorum
2467 1965 2518 2015 in
2550 1965 2840 2029 respoosis,
2865 1977 3131 2032 quamque
3159 1967 3318 2018 aliam
3350 1968 3518 2036 legem

1938 2053 2022 2103 vel
2054 2054 2495 2107 consuetudinem
2518 2093 2532 2114 ,
2563 2053 2695 2106 sicut
2742 2055 2931 2122 reliqui
2967 2055 3098 2107 inira
3147 2070 3304 2121 regna
3338 2067 3518 2108 nostra

1941 2139 2224 2196 habuerint
2268 2144 2514 2210 liscaliui,
2552 2154 2604 2197 et
2642 2155 2795 2197 antea
2838 2145 2888 2198 in
2934 2161 3361 2216 unumquemque
3390 2163 3524 2214 pago

1941 2230 2237 2284 habuerunt
2279 2234 2744 2288 cnnSuetudiuem.
2789 2235 2953 2303 Cujus
2996 2251 3112 2298 nos,
3162 2247 3378 2303 propter
3421 2251 3520 2290 no-

1940 2334 2060 2373 men
2109 2319 2314 2374 Domini
2363 2334 2414 2376 et
2462 2324 2654 2376 anima:
2707 2333 2904 2377 nostra!
2953 2327 3284 2389 remedium,
3337 2341 3521 2380 eorum

1942 2412 2282 2478 petitionibus
2325 2415 2657 2480 nequivimus
2699 2417 2998 2486 denegare,
3049 2419 3140 2471 sed
3185 2418 3236 2471 iu
3279 2420 3525 2472 omnibus

1941 2502 2252 2566 praestitisse
2292 2512 2347 2557 et
2385 2503 2736 2558 conﬁrmasse
2775 2509 3082 2573 cognoscite
3147 2507 3524 2574 Pra-cipientes

1939 2606 2069 2656 ergo
2095 2591 2344 2658 iubemus
2373 2601 2533 2661 atque
2575 2593 2930 2661 przecipimus,
2977 2603 3033 2648 ut
3077 2595 3250 2647 uulbts
3276 2595 3525 2662 quislibet

1941 2681 2008 2733 de
2055 2681 2298 2735 ﬁdelibus
2341 2685 2558 2746 nostris,
2593 2698 2764 2752 neque
2803 2683 2871 2738 de
2914 2684 3195 2752 judiciaria
3242 2695 3524 2752 potestate,

1939 2770 2026 2836 qui
2051 2772 2158 2831 jam
2189 2770 2295 2823 lata
2326 2785 2446 2822 rasa
2480 2771 2573 2826 Dei
2608 2771 2691 2824 vel
2719 2782 2957 2827 rectores
2985 2772 3123 2841 ejus,
3154 2789 3253 2828 nec
3284 2775 3525 2828 homines

1939 2859 2004 2910 ad
2037 2859 2209 2927 ipsum
2231 2869 2474 2914 sanctum
2505 2860 2678 2914 locum
2701 2860 3086 2927 deservieutes,
3109 2879 3268 2932 quem
3294 2866 3529 2919 domnus

1941 2961 2004 3000 ac.
2033 2949 2246 3013 genitor
2275 2959 2452 3002 uoster
2482 2949 2553 3003 ibi
2575 2950 2862 3014 concessit,
2884 2951 2952 3005 de
2983 2953 3080 3004 hac
3111 2968 3168 3005 re
3199 2953 3520 3020 inquietare,

238 3017 513 3107 additum,
543 3051 635 3097 aut
662 3054 960 3110 ceusatutn,
989 3017 1048 3102 et
1079 3047 1332 3105 Folradus
1360 3053 1429 3107 de
1456 3068 1580 3108 suas
1609 3017 1694 3110 res
1721 3017 1831 3125 irpso

1957 3049 2054 3088 nec
2074 3035 2396 3090 calumniam
2418 3052 2676 3106 generare
2687 3040 2992 3093 nullatenus
3017 3044 3372 3105 prazsumatis,
3395 3043 3520 3106 nisi,

238 3130 502 3186 cennbio
545 3133 732 3187 ditavit
779 3137 876 3188 sub
928 3139 1220 3194 emunitate
1249 3148 1303 3194 et
1330 3141 1639 3198 defensione
1665 3148 1835 3201 sancti

239 3218 489 3291 Dionysii
535 3224 786 3293 omnique
833 3235 1070 3296 tempore
1117 3245 1432 3298 permanere
1471 3234 1722 3301 debeant,
1766 3254 1831 3293 ex

243 3323 435 3366 nostra
458 3317 772 3370 auctoritate
788 3320 1189 3377 confirmatum:
1210 3333 1266 3377 ut
1288 3327 1474 3382 melius
1496 3329 1720 3384 delectet
1757 3333 1838 3402 ip-

246 3419 376 3460 sam
401 3407 864 3475 congregationem
887 3415 1056 3466 sancti
1085 3415 1318 3486 Dionysii
1341 3430 1393 3472 et
1415 3421 1584 3475 sancti
1615 3421 1830 3488 Privati,

243 3505 298 3549 et
336 3495 510 3549 sancti
539 3496 695 3553 lllarii
720 3515 814 3566 pro
853 3503 1008 3558 nobis
1029 3516 1081 3559 et
1111 3523 1207 3575 pro
1255 3507 1332 3563 eis
1357 3526 1623 3580 uxoreque
1651 3524 1834 3569 nostra

251 3583 474 3638 Domini
499 3587 912 3645 misericordiam
935 3595 1190 3650 attentius
1225 3599 1269 3650 ιι.
1296 3615 1528 3666 precare.
1554 3603 1616 3656 Et
1641 3616 1692 3657 ut
1721 3604 1834 3660 hrec

245 3671 550 3729 auctori°as
579 3675 783 3732 llrtuior
827 3681 1101 3751 habeatur,
1147 3689 1226 3740 Vci
1257 3706 1348 3757 per
1376 3701 1610 3759 tempora
1644 3697 1833 3751 melius

240 3773 627 3828 conservetur,
660 3781 818 3820 manu
851 3783 1029 3824 nostra
1061 3777 1274 3841 propria
1303 3780 1487 3834 subter
1515 3797 1630 3836 eam
1659 3783 1836 3838 ﬁrma-

252 3851 457 3912 vimus,
479 3863 528 3902 et
558 3851 626 3905 de
674 3857 834 3910 anulo
863 3869 1048 3914 nostro
1078 3865 1443 3932 sigillavimus.

315 3940 545 4006 Signum
567 3942 744 3998 Caroli
769 3947 1136 4016 gloriosissimi
1167 3956 1322 4023 regi~.

317 4027 375 4082 Ν
385 4046 528 4082 omen
551 4041 601 4086 et
625 4036 829 4103 signum
855 4040 1150 4095 cancellurii
1176 4048 1436 4101 omissum.

318 4119 514 4173 Datum
539 4125 678 4189 quod
703 4126 808 4180 licit
831 4126 1136 4186 Decembris
1157 4135 1337 4189 dies...
1361 4153 1501 4191 anno
1524 4156 1553 4194 ι
1579 4155 1832 4211 regnante

241 4209 453 4263 domno
481 4221 662 4265 nostro
690 4213 880 4270 Carolo
909 4235 1052 4289 rege.

316 4300 513 4355 Aetum
554 4305 720 4372 Aquis
749 4309 944 4375 palatio
974 4311 1186 4380 publico
1220 4315 1271 4368 in
1303 4316 1392 4371 Dei
1424 4322 1638 4376 nomine
1666 4322 1832 4379 felici-

241 4401 351 4448 ter.
384 4394 578 4452 Amen.

941 4473 1157 4537 XXXII.

243 4571 497 4648 Diploma
554 4580 728 4634 Caroli
785 4583 964 4655 Magni
1025 4594 1478 4730 ptosgnonaaurio
1543 4594 1834 4654 Vrumiensi

878 4667 1034 4724 (anno
1073 4677 1122 4712 ιι
1202 4702 1214 4714 .

878 4667 1034 4724 (anno
1065 4667 1127 4712 Ti
1135 4667 1214 4724 5).

575 4759 666 4818 (Ex
689 4759 748 4812 D.
770 4762 916 4812 Calmo
935 4773 994 4828 t.,
1020 4767 1141 4817 Hist.
1167 4769 1230 4819 de
1253 4769 1524 4836 Lorraioe.)

319 4861 548 4917 Karolus
572 4869 739 4934 gratia
767 4867 859 4922 Dei
891 4886 986 4926 res
1019 4872 1342 4932 Francorum
1373 4889 1428 4934 et
1455 4881 1826 4952 Langobardo-

244 4966 396 5016 rum,
429 4968 638 5008 necnon
666 4967 721 5011 et
752 4960 1002 5026 patricius
1028 4963 1404 5023 Romanorum.
1437 4969 1694 5027 Omnibus
1718 4976 1830 5040 epi-

239 5043 447 5110 scopis,
478 5045 777 5114 abbatibus,
809 5052 1058 5120 ducibue,
1089 5060 1396 5125 comitibus,
1438 5064 1670 5132 vicariis,
1703 5080 1828 5120 cen-

318 5205 347 5232 ³
390 5193 513 5276 llaec
553 5197 607 5276 pl
643 5200 732 5276 citi
773 5203 956 5276 charta
1002 5215 1083 5261 est
1122 5211 1237 5266 sine
1276 5212 1362 5267 die
1402 5226 1454 5270 et
1496 5232 1653 5272 anno.
1695 5203 1824 5276 Cum

240 5262 632 5348 veroocarolus
669 5271 825 5326 titulo
856 5276 996 5344 regis
1027 5262 1496 5348 Longohardoruin
1529 5262 1596 5340 ιη’
1617 5262 1677 5343 ea
1699 5262 1827 5345 in;

241 5343 356 5419 Lor:
387 5336 658 5419 indubiam
701 5353 784 5394 est
826 5336 946 5410 νοεῖ
975 5336 1170 5419 ειηιιιιιῆ
1213 5352 1316 5406 774
1347 5336 1822 5419 ιιὸιιὸιιι-Ιξιιιῖεξέἓ.

239 5401 610 5500 Srlr‘teplltnns
631 5426 719 5490 .ex
765 5401 1016 5500 corrupto
1059 5401 1268 5500 Urstisii
1293 5401 1660 5500 im'anu'scri—pio

241 5480 431 5550 notam
459 5477 764 5563 chronicam
795 5499 808 5534 :
842 5477 1034 5563 Daiuzn
1046 5491 1204 5563 Δνεφιί
1228 5491 1398 5546 Caroli
1423 5477 1826 5563 regna—"617;:

236 5547 404 5624 siin-0.,
429 5547 515 5624 .ad
559 5563 715 5624 quem
761 5567 930 5606 annus
970 5556 1073 5609 778
1116 5547 1424 5624 respondet.
1459 5547 1587 5620 god
1613 5547 1822 5624 ἱίὶίιιῦιη

245 5620 532 5682 vestigium
583 5620 737 5674 nobis
783 5625 988 5692 prodit,
1035 5626 1143 5682 itno
1189 5620 1363 5688 rerum
1413 5620 1822 5698 cit-.utnstaiitiie

1941 3133 1994 3175 ut
2019 3123 2273 3187 diximus,
2303 3127 2500 3179 nostris
2527 3140 2576 3181 et
2608 3127 2797 3183 futuris
2828 3129 3175 3198 temporibus.
3207 3134 3345 3184 sicut
3372 3141 3524 3186 ante-

1945 3229 2102 3282 quam
2135 3217 2360 3270 domnus
2407 3234 2471 3269 ac.
2501 3221 2708 3286 genitor
2736 3231 2916 3275 noster
2943 3238 3036 3277 eos
3066 3223 3130 3275 ad
3163 3227 3522 3292 superscripta

1937 3319 2059 3358 casa
2095 3306 2186 3360 Dei
2220 3307 2552 3375 delegasset,
2586 3311 2822 3377 partibus
2861 3312 2972 3365 suis
3012 3313 3403 3366 deserviernnt.
3450 3316 3525 3369 lta

1937 3396 2098 3450 simili
2131 3397 2289 3450 modo
2314 3400 2380 3451 ad
2407 3401 2634 3453 eundem
2669 3411 2910 3455 sanctum
2942 3403 3116 3456 locum
3157 3402 3208 3455 in
3246 3418 3306 3457 ea
3343 3415 3531 3459 tenore

1937 3486 2210 3540 deservire
2237 3488 2486 3551 debeant,
2514 3500 2620 3544 tant
2655 3493 2704 3545 in
2736 3495 3006 3561 responsis
3027 3494 3224 3559 dando,
3251 3511 3518 3565 quamque

1941 3583 1998 3628 et
2041 3577 2300 3644 reliquam
2348 3578 2517 3647 legent
2561 3596 2623 3634 ac
2660 3583 3128 3651 consuetudinem,
3177 3587 3313 3640 sicut
3354 3589 3519 3642 ceteri

1941 3663 2162 3719 ﬁscalini
2190 3667 2386 3721 habere
2411 3669 2679 3727 videntur.
2704 3671 2764 3725 Et
2791 3682 2848 3726 ιιι
2871 3674 2986 3728 haec
3009 3677 3296 3744 prteceptio
3323 3679 3527 3734 llrmior

1941 3753 2218 3821 habeatur,
2260 3771 2322 3810 ac
2354 3774 2449 3821 per
2479 3770 2718 3827 tempora
2747 3762 2936 3818 mefias
2963 3775 3334 3832 conservetur,
3363 3784 3525 3823 manu

1939 3846 2150 3912 propria
2180 3847 2740 3917 ‘subterlirmavimus,
2784 3865 2837 3906 et
2867 3855 3027 3909 anulo
3066 3869 3250 3912 nostro
3290 3860 3525 3929 sigillare

1932 3938 2208 4005 jussimus.

2009 4028 2226 4100 Signum
2257 4031 2434 4086 Karoli
2467 4034 2834 4103 gloriosissimi
2868 4041 3026 4106 regis.

2008 4119 2138 4174 Data
2179 4136 2367 4177 mense
2407 4125 2749 4193 Novembrio,
2789 4143 2930 4183 anno
2956 4139 3170 4198 octavo,
3201 4139 3251 4187 ει
3283 4147 3333 4188 rt
3374 4136 3520 4205 regni

1935 4211 2122 4263 nostri.

2008 4301 2196 4353 Actum
2245 4301 2550 4360 Theodonis
2596 4307 2716 4361 villa
2769 4311 3014 4378 publice,
3063 4313 3115 4366 in
3167 4315 3256 4369 Dei
3307 4320 3522 4376 nomine

1863 4372 1910 4430 ι)
1939 4385 2180 4442 feliciter.
2213 4391 2402 4446 Amen.

2614 4465 2850 4523 XXXIII.

1932 4573 1958 4601 ι
2002 4561 2252 4656 Placitum
2278 4568 2455 4656 ἔξαινοιὲ
2497 4571 2676 4656 dloqui
2714 4579 2849 4656 regis
2882 4578 3240 4656 raucorum,
3275 4603 3374 4656 quo
3403 4605 3516 4644 mo-

2003 4637 2244 4715 nasteri0_
2271 4637 2623 4715 Houaugiensi
2668 4637 2870 4700 ascﬁ'bit
2915 4653 3044 4704 bona
3083 4656 3135 4707 in
3180 4637 3518 4715 οἱιῖιόὖεῖὶι

2005 4703 2286 4784 ilo/agam,
2311 4725 2426 4784 quia
2446 4700 2540 4765 sibi
2567 4715 2906 4772 vindicaverat

2005 4776 2193 4841 (actum
2226 4776 2484 4834 desinente
2510 4799 2646 4837 anno
2675 4787 2823 4856 775).

2119 4886 2212 4946 (Ex
2241 4888 2548 4955 Grandidier,
2576 4892 2702 4945 Hist.
2723 4897 2787 4947 de
2807 4897 3006 4962 l’Eglise
3021 4901 3085 4951 de
3115 4902 3330 4964 Slrasb.)

2001 4985 2222 5042 Carolus
2251 4993 2418 5058 gratia
2453 4993 2547 5049 Dei
2578 5012 2670 5050 rex
2699 4997 3023 5054 Francorum
3052 5011 3106 5056 et
3136 5001 3515 5076 Langobardo-

1930 5087 2068 5138 rum,
2097 5087 2254 5145 atqne
2286 5083 2538 5148 patricius
2573 5085 2954 5156 Romanorum,
2985 5093 3063 5146 vir
3089 5095 3332 5154 inluster.
3361 5099 3512 5155 Tunc

1927 5228 2145 5307 omnino
2188 5237 2474 5307 negantia
2517 5237 2714 5294 Alsatia
2756 5251 2882 5297 tunc
2919 5259 3303 5304 commoratum
3341 5251 3510 5307 Caro-

1929 5298 2080 5378 lum,_
2090 5303 2238 5378 gravi
2262 5298 2364 5378 sua
2395 5305 2674 5376 Hispanica
2703 5298 3381 5378 expeditionedistweritiimv.

1998 5368 2208 5448 lillanc
2245 5368 2505 5448 chartam.
2528 5368 2830 5447 corruptam
2877 5368 3512 5448 commitam-dederunt

1928 5435 2438 5530 Elabill‘oth,_z_\ttnal.
2461 5450 2588 5530 οςέι..
2605 5449 2662 5530 ς,
2689 5435 3218 5530 healediZ-ii,"i6{§fii',

1925 5509 2303 5601 et-Piccardns,
2324 5515 2468 5601 Ott-ig.
2497 5516 2814 5601 Ila_bsbnrg._,
2833 5509 2979 5601 pax:
3156 5509 3510 5601 inﬂantur;

1924 5580 2308 5672 corruit-liorem
2354 5580 2951 5672 Slchtnpllinusittlsa‘i;
2999 5580 3512 5672 diplnmjﬁtovmiml;

1925 5660 2046 5716 pag.
2073 5647 2164 5720 5|,
2195 5669 2256 5708 ex
2288 5656 2471 5712 codice
2500 5647 2861 5732 manuscripto
2885 5647 3437 5730 Christian‘iuijrstisii.
