4034 6182
468 214 571 270 935

466 323 660 393 regalis
683 316 962 374 acelsitudo
1015 315 1096 368 sui

467 423 776 468 cunctorum
800 407 969 476 jurgia
992 404 1140 472 juxta
1168 397 1548 467 propositionis
1570 395 1654 449 vel
1683 393 2049 460 responsionis

468 503 676 570 eloquia
705 502 844 553 inter
872 497 1182 549 alterutrum
1214 488 1430 542 salubre
1456 487 1724 541 deliberat
1754 483 2048 546 sentencia,

468 604 730 659 quan-nus
757 587 858 644 sub
896 585 1005 638 Deo
1043 584 1095 635 in
1150 594 1276 648 rege
1309 589 1489 632 manet
1519 587 1756 646 potestas
1787 574 2053 642 quomodo

469 693 657 736 cuncta
703 676 961 732 terribilia
988 672 1222 729 debeant
1248 671 1520 724 ordinare.
1564 668 1697 722 Cum
1733 680 1830 720 nos
1859 666 1912 719 in
1960 664 2052 718 Dei

471 770 686 824 nomine
715 776 737 802 ο
767 764 1055 822 SclaliSIati
1091 762 1211 815 villa
1256 762 1307 814 in
1354 759 1558 827 palacio
1595 768 1780 810 nostro
1820 757 1884 810 ad
1931 754 2048 808 uui-

469 875 746 916 versorum
780 872 968 911 causas
999 854 1358 919 audiendum,
1400 853 1480 908 vel
1523 860 1670 905 recto
1707 849 1909 918 judicio
1947 858 2053 901 ter-

471 952 781 1006 minaudum
833 947 1225 1010 resederimus,
1275 945 1451 1010 ibique
1501 942 1719 997 veniens
1768 940 2057 994 advocatus

468 1044 525 1098 S.
567 1039 864 1104 Michaelis,
907 1039 988 1092 vel
1020 1037 1048 1076 ι)
1079 1035 1223 1090 Beati
1265 1033 1469 1089 abbatis
1509 1031 1728 1087 nomine
1767 1031 2058 1085 Otlibertus

470 1131 843 1200 interpellabat
865 1129 1109 1184 homines
1137 1127 1348 1195 aliquos
1379 1125 1595 1178 nomine
1617 1123 1972 1191 Agissericnm
2004 1133 2058 1178 et

471 1222 764 1279 Aldradum
796 1222 1083 1274 advocatos
1115 1217 1423 1273 monasterii
1453 1217 1716 1280 Corbeite,
1759 1225 1810 1268 et
1855 1224 2060 1282 repete-

471 1315 562 1368 bat
601 1315 702 1377 eis,
749 1327 814 1366 co
851 1310 993 1378 quod
1035 1309 1132 1376 ipsi
1179 1308 1294 1362 illas
1334 1321 1420 1359 res
1463 1306 1514 1358 in
1556 1305 1694 1368 loco,
1737 1305 1826 1373 qui
1866 1304 2062 1357 dicitur

474 1416 496 1443 ε
527 1404 762 1460 Ostltova
794 1414 848 1457 et
875 1401 900 1440 ί¹
929 1400 1172 1463 Gehtida,
1205 1413 1339 1467 quas
1373 1397 1537 1451 Immo
1566 1397 1629 1449 ad
1679 1396 2059 1450 monasterium

471 1497 653 1553 Sancti
687 1492 963 1549 Michaelis
994 1506 1086 1557 per
1113 1505 1266 1544 suum
1313 1491 1726 1542 instrumentum
1757 1486 2064 1542 tradidisset

474 1588 527 1641 in
559 1601 746 1640 eorum
779 1591 1042 1652 potestate
1080 1582 1276 1649 injuste
1317 1578 1682 1633 retinuissent.
1723 1579 1829 1632 Sed
1869 1587 1923 1631 et
1963 1577 2063 1644 ipsi

1355 199 1407 252 Β.
1453 192 1700 250 CAROIJ
1746 190 1955 243 MAGNI
1996 186 2147 242 ΟΡΡ.
2192 184 2371 240 PARS
2408 183 2452 247 Ι,
2491 181 2739 238 SECTIO
2778 180 2843 235 ll.

1142 311 1389 366 culminis
1435 307 1770 368 subliinatur,
1824 301 2036 374 quando
2071 305 2112 356 Α
2144 301 2201 347 ιιι
2239 293 2398 348 homo
2437 293 2714 347 memorati
2755 291 3063 345 monasterii
3111 289 3354 345 Corbeia:
3399 289 3745 360 Agissericus

3637 180 3744 234 955

2153 387 2216 439 ad
2248 387 2419 455 ipsum
2461 385 2550 440 Dei
2581 385 2836 452 judicium
2871 382 2936 436 ad
2975 383 3142 449 ipsam
3174 397 3386 434 crucem
3421 382 3659 448 trepidus
3688 395 3749 436 ct

2152 475 2426 529 convictus
2455 475 2718 542 apparuit.
2755 473 2816 526 Et
2851 481 2976 525 tunc
3007 474 3118 537 ipse
3148 481 3206 525 et
3236 473 3503 526 Aldradus
3536 473 3589 525 iu
3620 490 3748 538 prc-

2153 565 2322 619 scntia
2362 574 2543 618 nostra
2571 564 2652 616 vel
2697 578 2975 631 procerum
3009 573 3318 616 nostrorum
3349 564 3492 630 ipsas
3537 578 3622 618 res
3654 581 3756 631 per

2157 658 2270 712 loca
2299 658 2568 711 nominata
2598 656 2829 710 Osthova
2858 666 2913 710 et
2941 656 3160 710 Gehtida
3195 671 3286 722 per
3309 670 3495 710 eorum
3527 656 3543 694 ί
3571 660 3758 710 πειαια

2157 765 2257 803 uua
2306 764 2427 802 cum
2479 748 2683 817 legibus
2727 747 3007 810 lidefacia,
3058 746 3227 816 ipsius
3271 747 3532 800 advocato
3579 749 3763 801 saneti

2158 840 2432 896 Michaelis
2452 840 2533 895 vel
2549 827 2709 893 Beati
2740 839 2951 893 abbatis
2979 839 3195 894 nomine
3217 839 3480 893 Otltberto
3503 839 3602 892 visi
3627 849 3764 893 sunt

2158 932 2475 995 reddidisse,
2524 931 2604 984 vel
2636 931 2944 996 revestisse,
2973 938 3030 983 ct
3074 945 3169 998 per
3201 930 3414 985 illorum
3446 933 3470 969 ε
3493 929 3763 984 festucam

2159 1023 2349 1076 eximie
2379 1023 2430 1076 in
2462 1022 2711 1077 omnibus
2739 1022 2960 1076 duxisse
2996 1021 3219 1076 exitum.
3261 1021 3490 1075 Proinde
3545 1036 3646 1075 nos
3687 1031 3768 1073 ta-

2161 1117 2280 1170 liter
2311 1131 2412 1171 una
2443 1132 2560 1170 cum
2596 1116 2844 1170 fidelibus
2879 1116 3106 1181 nostris,
3140 1116 3192 1169 id
3222 1125 3383 1180 sunt,
3413 1116 3766 1187 \Vindriugo,

2160 1207 2377 1275 l’drigo,
2410 1208 2436 1245 ιι
2465 1206 2784 1270 'l‘heodrico,
2825 1208 2841 1245 ί
2881 1205 3221 1263 Bernhardo.
3256 1204 3271 1256 ὅ
3316 1207 3576 1272 Αιιιιιίιιο,
3609 1208 3769 1278 gue-

2162 1296 2344 1359 rardo,
2378 1295 2402 1333 ¹ι
2439 1295 2726 1364 Berngario
2755 1290 3063 1358 co‘mitibus,
3095 1305 3148 1350 et
3182 1293 3196 1333 ι
3235 1295 3529 1350 Anslielmo
3560 1301 3774 1352 comite

2167 1385 2345 1452 palatii
2381 1385 2570 1449 nostri,
2599 1385 2683 1438 vel
2715 1384 2935 1454 reliquis
2967 1399 3123 1455 quam
3158 1385 3400 1453 plurimis
3427 1388 3521 1441 visi
3562 1388 3775 1444 fuimus

2159 1475 2429 1544 iudicasse
2458 1487 2499 1514 ω
2530 1495 2544 1529 :
2581 1485 2637 1530 ut
2666 1478 2792 1530 dum
2822 1475 2922 1544 ipsi
2951 1476 3004 1530 in
3033 1480 3267 1564 presenti
3299 1478 3578 1535 adstabant
3607 1481 3776 1550 Agis-

2166 1565 2372 1622 scricns
2420 1575 2474 1621 et
2523 1565 2826 1631 Aldradus,
2877 1575 2932 1620 et
2982 1565 3118 1621 hanc
3165 1581 3408 1622 caussam
3459 1570 3778 1624 nullatenus

473 1676 811 1747 Agissericus
843 1685 896 1729 et
929 1673 1193 1728 Aldradus
1221 1671 1288 1726 de
1317 1684 1566 1740 presente
1593 1670 1868 1734 astabant,
1900 1680 1955 1723 et
1981 1679 2060 1721 ta-

2191 1665 2413 1710 mterant
2442 1656 2712 1724 denegare
2732 1697 2748 1721 ,
2779 1665 2833 1710 et
2857 1656 2970 1722 ipse
3002 1657 3337 1725 Agissericus
3362 1659 3430 1710 ad
3461 1658 3637 1726 ipsum
3669 1659 3778 1714 Dei

475 1768 599 1822 liter
623 1767 887 1821 dederunt
919 1765 970 1818 in
1012 1764 1308 1833 responsis,
1337 1763 1478 1830 quod
1514 1763 1653 1828 ipsas
1683 1775 1770 1817 res
1800 1761 2068 1828 predictas

477 1873 747 1928 nunquam
781 1858 1031 1911 tulissent
1062 1855 1202 1910 malo
1231 1855 1419 1908 ordine
1450 1853 1669 1922 injuste,
1707 1868 1803 1922 pro
1830 1869 1895 1908 eo
1924 1851 2065 1922 quod

478 1951 737 2006 dixerunt
765 1949 906 2019 quod
939 1962 1034 2003 eas
1062 1947 1318 2017 Gerbriga
1350 1961 1444 2016 per
1475 1962 1628 2000 suum
1657 1947 2069 2000 instrumentum

476 2043 870 2105 condonasset;
906 2041 1046 2094 unde
1075 2048 1130 2093 et
1161 2043 1334 2108 ipsum
1365 2039 1777 2093 instrumentum
1813 2053 1920 2108 pra:
1952 2052 2069 2091 nia-

478 2138 633 2191 nibus
661 2152 722 2192 se
752 2136 952 2190 habere
995 2132 1360 2194 affirmabant,
1407 2142 1459 2186 et
1490 2133 1633 2200 ipsas
1680 2132 1733 2185 in
1780 2133 2072 2200 prazscnc'a

479 2245 512 2283 ιι
551 2241 662 2285 stra
714 2229 1054 2298 protulerunt
1098 2225 1491 2290 recensendas;
1539 2224 1699 2278 etiam
1751 2233 1803 2277 et
1852 2221 1920 2277 de
1977 2227 2075 2277 hac

478 2336 642 2378 causa
689 2321 754 2375 ad
803 2330 1058 2388 utrasque
1105 2328 1283 2385 partes
1323 2317 1454 2370 nihil
1504 2315 1637 2371 certi
1679 2314 2071 2384 cognovimus:

482 2413 624 2467 unde
647 2411 714 2466 ad
747 2410 923 2463 divina
971 2409 1250 2479 mysteria,
1281 2406 1479 2462 Christi
1530 2405 1900 2460 misericordia
1945 2419 2077 2458 ron-

483 2505 747 2573 spirante,
774 2503 913 2556 sicut
937 2502 1090 2568 longa
1119 2499 1454 2555 consuetudo
1480 2498 1742 2567 exposcit,
1770 2505 1822 2551 et
1853 2496 1953 2564 ipsi
1985 2509 2076 2549 vo-

483 2596 716 2652 luntarie
743 2599 1170 2656 consenserunt,
1207 2593 1454 2660 jnbemus
1491 2604 1745 2644 emanare
1779 2588 2039 2658 judicium
2061 2628 2077 2652 ,

487 2695 546 2738 nt
565 2685 690 2738 dum
725 2699 821 2753 per
845 2684 959 2751 ipsa
995 2683 1348 2737 instrumenta
1372 2682 1438 2735 de
1468 2690 1696 2748 utraque
1725 2689 1874 2749 parte
1903 2687 2079 2734 certa-

491 2790 615 2830 men
641 2792 742 2829 non
771 2775 1102 2840 declaratur,
1126 2781 1183 2826 ut
1211 2783 1356 2828 recto
1385 2773 1593 2826 tramite
1619 2772 1683 2824 ad
1710 2771 1799 2825 Dei
1823 2770 2081 2838 judicium

492 2867 558 2921 ad
590 2879 615 2906 ο
635 2882 850 2922 crucem
881 2866 1174 2920 Otlihertus
1201 2867 1269 2918 de
1299 2874 1450 2931 parte
1481 2863 1663 2919 Sancti
1699 2861 1969 2917 Michaelis
1994 2861 2078 2914 Vel

489 2957 634 3011 Beati
666 2956 872 3010 abbatis
895 2964 950 3010 et
982 2955 1312 3024 Agissericns
1337 2955 1404 3009 de
1436 2963 1586 3022 parte
1616 2951 1923 3006 monasterii
1946 2949 2076 3004 Cor-

489 3051 622 3106 beiae
634 3050 784 3105 exire
801 3059 957 3118 atque
974 3059 1115 3102 stare
1133 3048 1408 3102 deberent.
1425 3046 1646 3114 Quod-et
1664 3045 1734 3123 ita
1754 3043 1851 3098 visi
1868 3044 2081 3097 fuerunt

486 3143 733 3206 stetisse;
765 3149 820 3195 et
859 3155 918 3192 ea
962 3139 1114 3205 hora,
1160 3149 1471 3208 protegente
1499 3135 1676 3190 divina
1710 3129 1928 3189 dextera
1963 3133 2078 3196 Dei,

493 3235 632 3290 Deus
661 3235 1002 3302 omnipotens
1042 3247 1193 3287 suum
1237 3232 1439 3301 justum
1479 3229 1734 3298 judicium
1766 3227 2078 3293 declaravit,

565 3360 588 3386 α
621 3347 694 3400 De
716 3348 932 3414 antiquo
955 3345 1096 3412 regio
1119 3344 1398 3401 Sch-stadii
1420 3344 1610 3412 palatio
1630 3341 1847 3397 consule
1863 3340 2085 3410 Scltmp-

493 3418 701 3478 ﬂinum,
738 3419 902 3470 Alsat.
935 3416 1127 3470 illustr.
1159 3425 1288 3468 tum.
1319 3414 1355 3480 l,
1389 3429 1507 3484 pag.
1541 3415 1663 3468 609.

566 3489 594 3527 ιι
636 3489 828 3540 lteatns
876 3497 998 3538 tunc
1044 3496 1160 3540 erat
1209 3481 1726 3539 abbas'nionasterii
1775 3484 1940 3534 sancti
1990 3481 2086 3535 Mi-

493 3557 696 3611 cltaeiis
728 3557 779 3610 iit
815 3555 1178 3624 lluheuaugia.

569 3638 589 3664 ο
637 3626 801 3680 Ilodie
829 3626 977 3678 vietis
1013 3620 1300 3689 Osilttifen,
1333 3623 1488 3679 tertio
1521 3623 1586 3676 ab
1627 3627 1978 3691 Argentorato
2011 3620 2086 3673 la-

497 3696 621 3758 pide
642 3738 655 3758 ,
702 3694 913 3748 fetidum
945 3695 1279 3762 θρῖα-ομοίως
1326 3689 1728 3762 Argcutinensis
1759 3689 1990 3744 dominis
2020 3691 2086 3746 de

495 3765 844 3819 kamautel
878 3780 1010 3818 ωηο
1045 3779 1210 3817 suam.

570 3835 596 3874 ά
640 3834 808 3893 llodie
841 3834 988 3890 vicus
1036 3841 1045 3881 l
1078 3835 1213 3901 ohga
1235 3833 1292 3888 fft
1314 3874 1328 3897 ,
1373 3831 1582 3887 fevdum
1613 3831 1952 3899 episcopatus
1984 3831 2084 3885 Ar.

491 3907 846 3977 gentinensis,
879 3903 1017 3977 quin]
1052 3904 1324 3977 possident
1356 3905 1577 3977 comites
1611 3902 2013 3977 Leitiirtgenses.

575 3987 598 4013 θ
637 3975 821 4029 Crtzcis
865 3975 1126 4040 probatio.
1170 3991 1325 4039 quant
1372 3974 1623 4041 judicium
1675 3972 1763 4026 Dei
1805 3973 2082 4035 dicebant,

492 4046 756 4113 agebatur
787 4046 961 4098 missa:
998 4053 1234 4112 tempore
1265 4063 1276 4096 :
1317 4045 1424 4099 duo
1455 4041 1743 4097 adversarii
1776 4043 1840 4093 ad
1874 4057 2085 4113 crucem

495 4111 709 4170 stabant
751 4115 980 4168 brachiis
1006 4111 1283 4181 expansis.
1328 4115 1426 4182 Qui
1471 4113 1616 4183 prior
1656 4113 1827 4165 lassus
1874 4111 2088 4183 brachia

495 4184 802 4254 depunebat
830 4195 921 4238 aut
950 4183 1224 4238 titubant-.3
1261 4181 1518 4246 habebat,
1549 4188 1866 4254 (tenebatur
1898 4181 2087 4254 victus.

501 4251 656 4309 llltilta
687 4255 785 4308 hac
808 4255 875 4308 de
917 4271 974 4308 re
1018 4254 1206 4310 Iuben:
1243 4254 1550 4316 Gretzei-ns,
1585 4259 1649 4307 de
1675 4253 1867 4316 Cruce,
1901 4251 1992 4303 lib.
2029 4268 2087 4316 ιι,

497 4340 620 4392 cap.
665 4324 766 4387 2|,
817 4325 1138 4392 Ebelingius,
1184 4325 1249 4378 de
1300 4324 1673 4391 provocatione
1719 4323 1784 4375 ad
1834 4322 2086 4392 judicium

504 4391 629 4457 Dei,
664 4409 782 4462 cap.
812 4396 867 4455 7,
898 4406 949 4447 et
980 4391 1308 4458 Schilterus,
1342 4393 1596 4447 Glossarii
1629 4391 1937 4453 Teutonici,
1971 4407 2089 4459 pag.

508 4465 632 4518 190.
661 4466 843 4517 l-‘xstat
868 4466 1078 4532 Geurgii
1113 4465 1442 4518 Althammer
1469 4465 1535 4517 de
1560 4463 1763 4530 judicio
1789 4463 1960 4515 crucis
1990 4463 2097 4514 dis-

504 4535 724 4603 ser_tatio
750 4535 1124 4603 lliSlOl‘lCtt-pttl
1151 4535 1249 4587 tica
1275 4535 1441 4590 Ultmn
1462 4550 1548 4587 an.
1579 4534 1712 4588 H577
1742 4533 2021 4603 impressa:

584 4601 602 4640 τ
647 4603 861 4673 Scilicet
909 4601 1147 4671 pignora,
1191 4603 1392 4658 Gallice
1432 4621 1576 4673 gagc.
1623 4603 1943 4655 lionsu'atur
1989 4602 2097 4655 Du-

506 4689 697 4740 cange,
727 4673 779 4724 in
807 4671 1098 4738 Glossarin,
1131 4685 1258 4726 toni.
1294 4675 1378 4740 Vl,
1413 4671 1530 4742 pag.
1564 4674 1720 4727 1579.

585 4746 608 4784 8
651 4743 873 4795 Fe:tuca
903 4753 985 4796 est
1011 4743 1216 4808 signum
1247 4754 1296 4796 ct
1327 4741 1623 4813 symbolum
1659 4741 1981 4802 traditionis,
2014 4741 2096 4794 vel

510 4815 781 4868 translata:
814 4813 1196 4877 possessionis,
1225 4830 1384 4879 quam
1421 4814 1661 4867 tradebat
1705 4813 1934 4878 emptori
1971 4827 2100 4864 ven-

511 4887 672 4947 ditor,
699 4892 789 4936 aut
813 4883 904 4950 qui
928 4883 1087 4936 modo
1111 4885 1298 4952 quovis
1329 4883 1404 4937 rei
1436 4883 1832 4952 possessionem
1859 4884 1908 4934 in
1935 4881 2098 4952 alium

512 4953 893 5017 transferebat;
919 4951 1206 5022 etquidem
1231 4951 1494 5022 ejusmodi
1517 4953 1736 5015 chartis,
1763 4960 1821 5004 ut
1846 4951 2100 5022 legitimae

509 5032 722 5088 essent,
755 5023 965 5077 iusereh
985 5021 1127 5076 iutnr
1153 5021 1344 5090 stipula
1375 5041 1466 5078 seu
1501 5023 1724 5086 festuca,
1752 5035 1873 5090 qua:
1905 5021 1954 5074 in
1987 5023 2104 5090 qui-

514 5094 736 5148 busdam
786 5095 1131 5160 antugraphis
1180 5095 1356 5148 adlme
1404 5096 1616 5148 inserta:
1670 5095 1936 5147 videntur.
2002 5095 2104 5145 Du-

511 5181 701 5232 r-ange,
735 5164 786 5216 iu
815 5163 1104 5228 Glossario,
1139 5174 1266 5217 tom.
1303 5164 1386 5228 Ill,
1421 5180 1536 5232 pag.
1570 5161 1692 5214 410.

585 5230 634 5272 δέ
653 5234 1015 5288 Theodericus
1043 5248 1108 5287 co
1131 5249 1224 5288 nes
1265 5235 1318 5288 in
1346 5252 1376 5287 a
1405 5230 1631 5287 naltbus
1664 5231 1986 5285 Francorum
2024 5230 2107 5284 di-

518 5306 617 5357 clis
650 5303 995 5364 Loiseliauis.
1029 5304 1169 5371 apud
1205 5305 1564 5368 Bonqnetum,
1597 5313 1727 5355 tom.
1765 5301 1826 5367 ν,
1862 5317 1983 5370 pag.
2015 5302 2106 5367 60,

522 5384 845 5428 memoratur
869 5376 933 5430 ad
957 5391 1153 5427 annum
1178 5375 1274 5427 8H
1305 5377 1445 5428 inter
1467 5376 1730 5442 primores
1755 5372 2108 5442 Francorum,

511 5444 605 5508 qui
651 5458 834 5509 pacem
877 5445 1014 5499 inter
1040 5445 1290 5498 (laridum
1321 5455 1376 5498 et
1406 5439 1778 5514 llémmingum
1809 5439 2108 5496 condictam

520 5525 853 5568 sacramento
881 5514 1177 5569 firmarunt.
1217 5545 1246 5566 .

591 5586 618 5701 li
668 5582 1002 5638 Beruhardus
1033 5598 1212 5637 comes
1256 5585 1391 5640 inter
1422 5585 1636 5639 eosdem
1669 5598 1878 5652 quoque
1911 5599 2113 5637 momo-

611 5665 694 5701 ur.

524 5663 694 5703 ratur.

2167 1745 2427 1816 judicium
2456 1745 2520 1798 ad
2549 1759 2762 1799 crucem
2794 1744 3032 1812 trepidus
3054 1753 3111 1800 et
3131 1745 3406 1802 convictus
3427 1749 3772 1815 apparuerit,

2171 1845 2226 1892 et
2255 1837 2352 1904 ipsi
2376 1836 2446 1890 de
2475 1835 2708 1904 presenti
2739 1850 2834 1904 per
2858 1851 3043 1891 eorum
3067 1837 3243 1890 wndia
3274 1852 3374 1891 una
3405 1851 3526 1893 cum
3559 1837 3780 1905 legibus

2175 1926 2278 1981 fide
2307 1925 2467 1991 facta,
2498 1927 2665 1993 ipsius
2691 1926 2952 1980 advocato
2981 1925 3153 1979 sancti
3188 1926 3459 1981 Michaelis
3497 1929 3585 1980 vel
3619 1928 3783 1982 Beati

2177 2016 2389 2070 abbatis
2433 2016 2650 2070 nomine
2695 2015 2956 2070 Otliberto
3004 2017 3103 2069 visi
3146 2025 3267 2070 sunt
3317 2017 3639 2080 reddidisse,
3689 2019 3783 2072 vel

2176 2106 2488 2173 revestisse,
2530 2115 2585 2160 et
2629 2121 2721 2176 per
2760 2120 2945 2160 eorum
2991 2105 3246 2159 festucam
3291 2107 3388 2161 sibi
3431 2107 3482 2160 in
3522 2108 3784 2162 omnibus

2178 2198 2398 2252 duxisse
2438 2197 2664 2253 exitum.
2711 2198 3002 2268 Propterea
3050 2198 3321 2267 iubemus,
3362 2210 3422 2254 ut
3462 2199 3588 2254 dum
3637 2201 3784 2256 hanc

2178 2304 2423 2346 caussam
2450 2290 2528 2346 sic
2556 2300 2728 2343 actam
2754 2289 2840 2344 vel
2868 2299 3224 2357 perpetratam
3255 2304 3376 2344 esse
3395 2292 3778 2358 cognorimus,

2181 2397 2239 2442 ut
2262 2387 2512 2456 superius
2541 2386 2774 2456 scriptus
2797 2386 2967 2442 abbas
3000 2387 3218 2452 Beatus,
3248 2387 3330 2440 vel
3359 2401 3479 2455 pars
3507 2396 3785 2440 monaste-

2183 2479 2246 2534 rii
2279 2478 2520 2548 llonogie
2545 2479 2654 2546 jam
2678 2479 2846 2531 dictas
2876 2492 2962 2532 res
2985 2479 3039 2530 in
3062 2477 3181 2531 loco
3203 2477 3291 2545 qui
3320 2477 3516 2530 dicitur
3535 2476 3782 2531 Osthova

2183 2581 2238 2626 et
2279 2570 2499 2626 Gehlida
2541 2569 2675 2624 citra
2713 2569 3050 2638 supradictos
3094 2567 3453 2636 Agisserieum
3493 2577 3548 2622 et
3582 2567 3782 2622 Aldra-

2185 2664 2311 2718 dum
2338 2677 2634 2731 eorumque
2666 2662 2909 2724 heri-des,
2942 2664 3024 2716 vel
3051 2660 3186 2715 citra
3211 2673 3400 2714 omnes
3427 2659 3544 2713 illas
3575 2674 3666 2713 res
3697 2661 3786 2714 in-

2181 2758 2326 2826 juste
2356 2756 2592 2811 retinere
2625 2763 2912 2817 tentantes,
2951 2753 3095 2807 omni
3136 2760 3381 2820 tempore
3420 2751 3650 2806 habeant
3674 2753 3788 2807 eli-

2186 2847 2389 2904 dicatas
2415 2854 2469 2901 et
2492 2845 2856 2905 evindicatas.
2889 2852 2942 2898 et
2994 2843 3068 2897 sit
3099 2841 3239 2896 inter
3269 2844 3415 2910 ipsos
3443 2841 3495 2894 in
3538 2850 3786 2910 post-io-

2189 2940 2318 2993 dum
2359 2940 2562 3007 absque
2602 2937 2705 2990 ulla
2739 2935 3066 3003 repeticione
3101 2934 3246 2989 omni
3285 2944 3527 3003 tempore
3564 2934 3786 2989 sublata

2183 3042 2345 3102 atque
2373 3028 2612 3097 definita,
2643 3043 2737 3084 seu
2766 3039 2816 3084 et
2849 3027 3052 3083 indulta
3082 3027 3346 3083 causatio.
3377 3028 3786 3098 Theudegarius

2185 3122 2498 3193 recognovit
2527 3132 2577 3176 ιι.

2258 3341 2272 3393 i
2321 3342 2538 3410 Legitur
2561 3341 2771 3409 quidam
2802 3343 3046 3406 Albinus,
3076 3359 3232 3413 quem
3263 3341 3578 3413 deliciosum
3615 3342 3786 3398 fuisse

2185 3414 2324 3483 regis
2345 3415 2516 3467 Caroli
2539 3422 2763 3467 testatur
2785 3414 3117 3483 Anastasius,
3147 3413 3197 3483 in
3222 3413 3326 3466 vita
3356 3412 3567 3466 Adriani
3599 3427 3778 3481 papa,

2185 3482 2324 3552 apud
2355 3484 2705 3550 Bouquetum,
2737 3493 2868 3538 tom.
2904 3482 2970 3548 V,
3005 3499 3124 3550 pag.
3157 3482 3282 3538 4-»0.

2258 3555 2285 3593 ιε
2327 3553 2666 3620 Beringarius
2692 3568 2875 3607 comes
2906 3565 3233 3607 memoratur
3253 3552 3318 3606 ad
3345 3568 3540 3608 annuat
3565 3552 3693 3613 768,
3727 3554 3782 3605 in

2186 3623 2559 3696 continuatore
2601 3623 2851 3696 Chi-unici
2897 3622 3306 3696 Fredegariani,
3353 3625 3490 3692 apud
3535 3624 3786 3692 Bouque-

2189 3704 2323 3759 tmn,
2359 3703 2487 3746 tom.
2523 3693 2584 3757 V,
2618 3708 2737 3762 pag.
2773 3695 2826 3746 8.

2268 3763 2283 3802 ι
2327 3763 2613 3818 Anselmus
2640 3779 2822 3818 comes
2864 3764 3040 3830 palatii
3081 3778 3147 3817 ex
3191 3763 3442 3828 Hispania
3485 3762 3702 3817 rediens
3736 3763 3790 3813 in

2191 3836 2465 3887 montibus
2505 3834 2756 3902 Pyreneis
2779 3849 2923 3886 anno
2951 3832 3055 3886 778
3100 3832 3412 3888 interfectus
3439 3833 3694 3886 scribitur
3724 3835 3794 3884 ab

2194 3904 2522 3974 Eginltardo,
2556 3906 2608 3957 in
2644 3903 2761 3974 Vita
2791 3903 2966 3974 Caroli
3000 3904 3206 3973 Magni,
3235 3919 3354 3973 cap.
3389 3902 3445 3967 9,
3478 3904 3616 3972 apud
3648 3904 3766 3956 Bon

2190 3972 2430 4043 quietum,
2464 3984 2591 4027 tom.
2630 3972 2696 4037 V,‘
2728 3990 2846 4042 pag.
2880 3973 2974 4029 95.

2263 4055 2302 4082 ω
2342 4044 2522 4098 Credit
2560 4044 2812 4110 Cangius,
2852 4044 2902 4098 in
2943 4044 3214 4098 dissertat.
3264 4059 3356 4098 sua
3402 4044 3468 4097 de
3510 4043 3793 4102 Joinvilla,

2194 4129 2312 4183 pag.
2361 4113 2501 4180 2'28,
2549 4115 2800 4168 comitem
2853 4115 3030 4182 palatii
3079 4129 3294 4181 semper
3338 4116 3514 4183 egisse
3554 4115 3793 4166 ofﬁcium

2194 4184 2436 4253 praesidis
2484 4187 2534 4237 in
2585 4184 2689 4236 illis
2733 4183 2944 4252 jmliciis
2972 4225 2988 4251 ,
3035 4185 3230 4253 quibus
3274 4186 3794 4253 iutererantgriges.

2195 4251 2299 4308 Sed
2327 4270 2392 4309 ex
2425 4253 2526 4306 hoe
2547 4251 2833 4317 diplomate
2854 4251 3066 4310 constat
3093 4256 3412 4307 sententiam
3443 4251 3606 4307 fuisse
3634 4255 3794 4305 latam

2200 4342 2228 4377 a
2271 4339 2396 4392 rege
2432 4325 2546 4393 ipso
2585 4324 2649 4377 ad
2693 4325 3004 4378 relationem
3045 4325 3254 4378 comitis
3295 4323 3493 4390 palatii.
3541 4324 3796 4377 Officium

2200 4395 2410 4450 comitis
2438 4395 2649 4459 palatini
2685 4394 2754 4446 ita
2781 4395 3035 4448 describit
3063 4396 3118 4446 Ι).
3148 4393 3476 4458 Goezmaun,
3506 4408 3797 4456 anagram-

2203 4465 2398 4517 malicii
2431 4466 2647 4516 nomine
2681 4465 2740 4516 D.
2777 4463 3085 4532 Zemganno
3118 4465 3352 4517 larvatus
3383 4463 3434 4516 in
3475 4477 3668 4532 opere.
3712 4464 3800 4516 cui

2203 4536 2389 4587 titulus
2437 4551 2450 4586 ;
2503 4534 2596 4586 Las
2643 4544 2824 4604 φαίητε
2867 4531 2986 4604 ἁρινε
3031 4536 3094 4586 de
3135 4537 3186 4586 la
3237 4533 3411 4586 Puirie
3456 4536 3518 4586 de
3570 4531 3801 4597 France,

2204 4614 2334 4658 tom.
2382 4604 2436 4665 Ι,
2483 4618 2599 4672 pag.
2633 4604 2668 4658 6
2711 4621 2724 4656 :
2772 4605 2907 4658 δοκι
2949 4605 3316 4674 Cliarlemagne
3356 4613 3400 4656 et
3439 4619 3518 4656 ses
3556 4604 3801 4674 praeder:

2203 4690 2540 4734 successcurs,
2573 4675 2618 4726 le
2647 4684 2810 4726 coutte
2851 4679 2919 4726 du
2965 4674 3128 4742 palais
3169 4673 3454 4726 instruisait
3486 4674 3555 4725 la
3587 4673 3804 4739 uﬂ‘uixes

2207 4746 2330 4796 dant
2361 4743 2408 4796 le
2436 4745 2700 4814 jugvutent
2729 4746 2849 4797 était
2886 4746 3086 4797 φύσει·υέ
3115 4761 3180 4796 au
3222 4746 3414 4808 prince,
3450 4757 3494 4793 rt
3533 4744 3683 4795 τειιρε
3717 4747 3804 4796 de:

2205 4830 2478 4881 personnes
2507 4815 2915 4878 consitlérables;
2947 4815 3083 4880 cii/in
3123 4815 3160 4866 il
3199 4815 3508 4866 connaissuit
3539 4815 3602 4864 de
3641 4825 3806 4865 tanta:

2206 4886 2276 4938 les
2303 4885 2513 4953 a/faires
2534 4885 2596 4936 de
2623 4886 2671 4937 Ia
2695 4886 2890 4937 maison
2917 4885 2986 4935 du
3014 4901 3294 4952 manarque
3323 4894 3428 4935 tau:
3460 4899 3591 4948 ponr
3621 4885 3665 4936 lc
3688 4885 3806 4934 cit-il

2203 4971 2300 5023 que
2331 4970 2460 5020 νοω·
2491 4955 2535 5008 le
2565 4955 2815 5012 crimiuel.
2851 4963 2895 5007 et
2926 4955 2963 5006 il
2989 4958 3121 5007 avuft
3148 4957 3202 5006 la
3229 4957 3424 5022 grande
3449 4961 3494 5004 et
3521 4955 3674 5021 petit.-
3707 4969 3804 5017 po-

2207 5029 2302 5078 lice
2330 5024 2458 5076 ditus
2488 5027 2535 5076 le
2561 5025 2663 5077 lieu
2692 5026 2759 5077 uit
2787 5025 3071 5094 séjournait
3101 5026 3153 5077 la
3179 5040 3324 5094 cour.

2283 5104 2308 5131 η
2352 5096 2540 5147 Exstat
2586 5095 2726 5162 apud
2778 5091 3144 5157 Mobillouem,
3195 5095 3262 5147 de
3314 5093 3389 5145 Re
3435 5091 3802 5152 diplomatii‘a,

2209 5179 2328 5234 pag.
2361 5163 2467 5219 λικε
2489 5205 2504 5226 ,
2534 5163 2904 5234 Bouquetutn,
2941 5176 3072 5218 tom.
3103 5164 3168 5227 γ,
3205 5179 3322 5231 pag.
3357 5162 3460 5216 γενά
3481 5203 3495 5219 .
3532 5171 3592 5214 et
3622 5163 3808 5234 lla_r_tt-

2213 5231 2388 5300 lit-im,
2441 5231 2803 5288 Conciliorum
2870 5232 3168 5288 Germania:
3220 5243 3354 5286 tom.
3405 5234 3459 5296 Ι,
3513 5247 3635 5298 pag.
3678 5231 3805 5284 256.

2212 5306 2471 5358 Placitum
2498 5304 2674 5357 Caroli
2707 5304 2878 5372 Magni
2908 5304 3098 5359 similis
3126 5303 3239 5356 fere
3266 5305 3386 5372 styli
3418 5318 3514 5370 pro
3541 5315 3812 5355 mouasm-

2212 5377 2291 5428 rio
2323 5377 2491 5429 sancti
2526 5373 2781 5443 Dionysii,
2807 5378 2987 5427 datum
3016 5373 3070 5426 in
3095 5372 3258 5425 Durio
3285 5374 3406 5425 villa
3432 5388 3570 5424 atauo
3595 5373 3810 5436 septimo

2212 5447 2355 5516 regni
2394 5445 2508 5509 sui,
2543 5445 2592 5496 id
2634 5442 2748 5516 est,
2781 5442 3351 5516 775._‘Theudegarius
3393 5443 3810 5516 banecliartam

2214 5511 2426 5582 quoque
2454 5513 2792 5581 recognovit,
2823 5524 2878 5565 ct
2907 5511 3104 5566 ibidem
3135 5511 3366 5566 oecurrit
3405 5512 3693 5582 Ansclnius
3721 5525 3810 5560 cu-

2217 5581 2330 5637 nies
2372 5585 2546 5652 palalii
2587 5597 2707 5635 cum
2749 5584 3034 5638 comitibus
3072 5583 3373 5642 Gberardo,
3420 5581 3717 5636 Bcrnardo.
3760 5588 3812 5629 et

2217 5655 2364 5720 alis,
2396 5654 2483 5723 qui
2516 5654 2564 5708 iv
2598 5655 2852 5710 comitatu
2889 5652 3030 5723 regis
3059 5663 3239 5718 crant,
3278 5654 3414 5708 unde
3445 5664 3633 5705 rursus
3661 5657 3810 5718 patet
