4034 6182
251 211 346 268 957

913 334 1150 389 XXXIV.

245 422 554 493 Praecptum
571 423 742 478 Caroli
761 423 960 492 Magni,
981 443 1072 498 pro
1093 426 1314 498 Paulino
1329 429 1454 481 ortis
1469 429 1814 498 grammaticis

717 498 960 564 magistro
991 496 1146 564 (anno
1174 497 1322 564 776).

509 584 598 644 (lix
623 583 684 632 D.
709 586 953 647 Bouqnet,
983 585 1172 635 Recueit
1211 587 1298 636 des
1325 584 1478 648 Hist.)

301 665 518 721 Carolus
550 666 716 736 gratia
751 669 841 722 Dei
872 684 962 724 rex
997 669 1319 722 Francorum
1358 682 1406 725 et
1441 671 1813 739 Longnbardo-

237 773 383 822 rum,
418 769 470 811 et
508 758 760 826 patricius
802 759 1195 824 Romanorum,
1237 763 1483 814 omnibus
1524 763 1808 829 episcopi,

235 847 532 912 abbatibus,
557 849 802 916 dttcibus,
831 851 1133 914 comitibus,
1162 852 1430 916 easlaldis,
1453 853 1534 906 vel
1566 855 1812 908 omnibus

235 938 478 994 fidelibus
511 939 726 1004 nostris,
763 941 1114 1007 prmseulibus
1143 951 1196 993 et
1228 942 1434 994 futuris.
1470 943 1656 996 Merito
1687 945 1807 1009 qui-

232 1026 346 1078 dem
403 1041 430 1078 a
481 1026 635 1079 nobis
682 1027 1026 1081 sablcvantur
1083 1030 1424 1092 muneribus,
1476 1033 1562 1098 qui
1614 1033 1810 1084 nostris

233 1115 459 1168 fideliter
497 1116 769 1186 obsequiis
801 1118 1140 1172 famulantur.
1187 1121 1247 1172 Et
1292 1121 1408 1174 ideo
1447 1123 1488 1173 si
1531 1123 1811 1189 petitiones

229 1220 448 1272 eorum,
502 1221 596 1274 pro
645 1207 836 1275 quibus
885 1221 1093 1263 unstras
1141 1211 1467 1274 pulsaverint
1515 1227 1690 1277 aures,
1744 1216 1808 1265 ad

229 1293 472 1349 ell'cctum
506 1295 866 1363 perducimus,
899 1299 1100 1367 regiam
1128 1301 1564 1354 consuetudinem
1593 1317 1808 1356 exerce-

229 1399 376 1448 mus,
409 1395 569 1454 alque
605 1386 814 1440 illorum
849 1388 1084 1442 animum
1117 1391 1268 1444 nobis
1296 1391 1641 1446 deserviendo
1684 1409 1805 1460 pro-

227 1489 500 1528 vocamus.
547 1475 708 1542 Igitur
740 1485 922 1530 notum
961 1478 1034 1532 sil.
1072 1482 1307 1534 omnium
1341 1497 1572 1535 vesnum
1605 1485 1808 1552 magni-

227 1563 429 1630 tulini,
472 1565 698 1635 qualiter
741 1567 978 1622 cedimus
1019 1577 1072 1622 et
1115 1569 1376 1626 donamus
1421 1587 1450 1624 a
1499 1573 1648 1627 nobis
1693 1577 1808 1629 viro

225 1660 380 1714 valde
410 1661 702 1716 venerabili
731 1662 951 1716 Paulino
977 1664 1106 1722 artis
1139 1667 1497 1734 grammaticae
1529 1669 1798 1733 ntagistro.
1839 1666 1884 1723 Β

226 1749 323 1802 hoc
358 1758 460 1816 est,
491 1765 576 1805 res
604 1752 873 1820 quondam
899 1761 953 1807 et
983 1753 1260 1808 facultates
1292 1757 1420 1810 tales
1449 1773 1568 1823 qua:
1601 1756 1808 1813 fuvrnnt

225 1834 526 1891 Waldandii
561 1839 654 1892 lilii
685 1841 950 1908 quondam
981 1841 1193 1896 Mimoni
1227 1844 1295 1899 de
1327 1845 1650 1912 Laberiano,
1691 1864 1809 1915 (tua:

222 1925 286 1980 ad
329 1937 574 1982 nostrum
622 1929 953 1984 devenerunt
999 1933 1278 2000 palatium,
1329 1951 1424 2003 pro
1464 1953 1530 1992 eo
1570 1939 1708 2005 quod
1758 1941 1806 1992 in

219 2029 414 2084 campo
438 2032 558 2071 cum
591 2018 906 2074 Forticauso
942 2021 1157 2076 inimico
1189 2034 1372 2078 nostro
1401 2041 1428 2078 a
1459 2029 1654 2080 nostris
1681 2027 1809 2081 tide—

221 2105 362 2160 tibus
391 2106 552 2162 fuerit
583 2109 928 2176 interfectus,
960 2111 1092 2166 Casa
1127 2115 1379 2171 videlicet
1419 2119 1469 2172 in
1513 2118 1809 2172 Laberiano

220 2210 340 2250 cum
374 2198 517 2251 omni
551 2199 852 2270 integritate
881 2211 934 2256 et
977 2203 1244 2258 soliditate
1285 2221 1410 2272 sua,
1456 2207 1504 2260 id
1537 2217 1648 2272 est,
1686 2224 1808 2264 cum

221 2287 402 2354 terris,
435 2289 704 2358 domibus,
732 2293 998 2360 aediﬁciis,
1033 2298 1344 2362 accolabus,
1382 2301 1688 2369 mancipiis,
1721 2315 1810 2356 ca-

221 2377 314 2442 sis,
369 2380 707 2446 massaritiis,
755 2397 874 2437 cum
924 2385 1096 2440 servis
1143 2398 1198 2441 et
1247 2387 1580 2454 Aldionibns,
1615 2392 1805 2456 vineis,

217 2469 410 2535 sylvis.
439 2473 663 2540 campis,
716 2476 902 2542 pratis,
936 2479 1162 2544 pascuis,
1184 2481 1353 2547 aquis,
1378 2495 1700 2546 aquarumve
1718 2484 1812 2536 de-

217 2561 500 2624 cursibus.
546 2563 860 2632 mobilibus,
900 2578 955 2622 et
995 2568 1388 2634 immobilibus,
1436 2573 1614 2628 omnia
1651 2586 1704 2628 et
1743 2591 1806 2628 ex

220 2651 496 2718 omnibus,
526 2667 1015 2728 quantumcumque
1046 2661 1330 2727 praedictus
1359 2661 1705 2716 Waldandins
1735 2664 1805 2718 ibi

218 2751 310 2795 aut
343 2743 546 2808 alicubi
591 2743 787 2801 habere
819 2748 961 2802 visus
1000 2749 1127 2812 fuit,
1163 2760 1268 2805 tam
1311 2768 1374 2806 ex
1408 2755 1548 2806 dono
1589 2769 1804 2822 regum,

217 2842 300 2884 aut
325 2831 601 2902 judicum,
634 2850 730 2890 seu
778 2837 846 2892 de
875 2849 1204 2908 comparato,
1236 2852 1326 2894 aut
1353 2844 1417 2896 de
1447 2844 1685 2912 quolibet
1713 2845 1806 2898 ad-

219 2928 412 2984 tracto,
449 2923 702 2984 praedicto
735 2925 956 2980 Paulino
985 2943 1014 2981 a
1043 2930 1130 2984 die
1161 2932 1409 2998 praesenti
1443 2935 1696 2987 tradimus
1729 2945 1804 2988 at-

215 3026 318 3076 que
351 3013 592 3068 cedimus
619 3020 997 3082 perpelualiter
1021 3021 1084 3074 ad
1119 3023 1526 3090 possidendum;
1559 3027 1627 3080 ita
1659 3040 1708 3080 tu
1739 3029 1806 3080 ab

219 3102 320 3156 hac
367 3104 456 3158 die
497 3107 781 3174 prandimus
829 3110 1081 3166 Paulinus
1124 3098 1498 3183 suprascriptis
1538 3119 1606 3171 de
1647 3119 1806 3172 rebus

215 3193 402 3260 quieto
430 3195 618 3251 ordine
649 3209 826 3254 teneat
855 3211 908 3255 et
939 3203 1224 3268 possideat,
1251 3214 1304 3259 et
1333 3207 1580 3276 quicquid
1612 3209 1805 3262 exinde

215 3283 402 3338 facere
431 3285 680 3356 voluerit,
718 3289 941 3344 liberum
977 3291 1027 3344 in
1055 3291 1300 3347 omnibus
1332 3295 1632 3362 perfruatur
1657 3299 1803 3350 arbi—

215 3373 404 3427 trium.
437 3374 816 3445 Prmcipientes
843 3395 970 3450 ergo
993 3381 1244 3451 jubemus
1273 3393 1328 3438 nt
1359 3385 1530 3440 nullus
1556 3385 1805 3453 qtti~libet

212 3465 282 3518 de
315 3465 567 3521 fidelibus
599 3477 690 3524 aut
719 3474 1118 3526 successoribus
1155 3476 1351 3530 nostris
1380 3477 1631 3546 praedicto
1664 3477 1801 3530 Pau-

213 3553 326 3606 lino
361 3554 428 3609 de
463 3555 574 3624 jam
614 3558 770 3613 dictis
811 3561 968 3616 rebus
1009 3563 1120 3618 ullo
1151 3579 1399 3635 umquam
1442 3577 1680 3638 tempore
1723 3572 1803 3622 in-

209 3645 491 3710 quietare,
542 3656 633 3703 aut
679 3651 998 3706 calumniam
1048 3670 1304 3729 generare
1348 3668 1659 3728 praasumat,
1705 3661 1798 3714 sed

210 3737 366 3789 omni
415 3747 651 3808 tempore
692 3757 754 3794 ex
797 3743 940 3797 dono
987 3744 1246 3816 largitatis
1286 3759 1479 3808 nostra:
1524 3751 1668 3819 ipsas
1715 3767 1804 3812 res,

199 3827 352 3891 jura:
382 3832 732 3897 proprietario
773 3835 944 3889 valeat
973 3839 1251 3906 possidere
1284 3841 1613 3896 [irruissimm
1650 3844 1711 3896 Et
1741 3853 1798 3897 ut

208 3915 328 3970 hac
365 3923 635 3992 perceptio
668 3923 868 3978 ﬁrmior
897 3926 1173 3992 habeatur,
1207 3930 1518 3984 vel'noslris
1549 3933 1628 3985 vel
1661 3933 1798 3984 futu-

203 4009 286 4062 ris
312 4012 653 4078 temporibus
685 4015 872 4068 melius
900 4027 1267 4084 coiiservelur,
1301 4035 1457 4072 manu
1491 4023 1699 4089 propria
1745 4023 1794 4074 in

205 4105 474 4153 :I’lernum
506 4103 844 4159 decrevimus
873 4108 1158 4174 roborare,
1195 4124 1256 4164 ac
1295 4111 1363 4166 de
1398 4113 1558 4168 anulo
1615 4127 1794 4170 nostro

197 4186 470 4253 jussimus
497 4192 750 4260 sigillare.

279 4275 417 4328 Data
449 4295 516 4331 xv
555 4281 778 4337 Kalend.
829 4284 990 4350 Julii,
1030 4303 1168 4343 anno
1193 4301 1380 4344 octavo
1416 4294 1560 4362 regni
1601 4298 1787 4364 nostri,

199 4379 232 4420 e
265 4375 292 4402 ι
327 4367 518 4423 Loreia
548 4371 783 4438 civitate,
821 4375 870 4428 in
905 4376 993 4431 Dei
1021 4381 1232 4434 nomine
1263 4381 1506 4436 feliciter.

905 4488 1118 4542 XXXV.

203 4563 538 4650 Prgzceplunt
581 4571 822 4650 b_Curo/t’
880 4577 1062 4650 Magni
1106 4599 1202 4648 quo
1258 4595 1565 4640 renovantur
1598 4591 1790 4644 amism

283 4639 664 4712 llonuttgt'eusis
723 4639 1012 4702 monasterii
1085 4639 1380 4706 chartarum
1455 4657 1790 4712 instrumenta

275 4715 393 4777 (an.
444 4710 569 4775 776,
593 4713 674 4766 die
701 4718 734 4766 9
759 4713 950 4786 Junii).

703 4803 794 4862 (Ex
821 4807 1124 4868 Graudidier,
1154 4811 1296 4872 ibid.)

267 4875 510 4932 Karolus
533 4883 701 4950 gratia
724 4883 816 4938 Dei
843 4901 933 4940 rex
965 4888 1292 4945 Francorum
1323 4903 1374 4946 el
1417 4895 1790 4964 Langobardo-

191 5029 896 5164 rlaeétthmmSelestadicnse
941 5043 1008 5096 ad
1047 5060 1242 5099 annuat
1284 5047 1386 5104 775
1423 5065 1631 5120 quoque
1669 5068 1790 5110 esse

216 5117 306 5150 ’Νι
355 5119 382 5152 ll
427 5119 454 5154 ι]
519 5143 532 5155 .

216 5117 532 5155 ιοηεηαυηι.

273 5308 534 5390 bﬁCbarla
567 5313 678 5367 hmo
699 5321 1032 5390 exslatapud
1061 5323 1418 5390 Maltillonem,
1449 5327 1784 5387 Annal.0rd.

189 5379 500 5472 Ξῖ
533 5391 671 5472 tum.
697 5387 758 5466 l_l,
789 5403 908 5456 pag.
935 5379 1130 5472 '698,‘
1151 5405 1204 5472 et
1256 5379 1786 5472 [iocandum

194 5447 520 5530 "obsitum.
545 5447 884 5530 Austriaear:
905 5475 1020 5530 pag.
1070 5447 1200 5529 1'04,
1223 5447 1316 5519 sed
1342 5447 1541 5524 vitiose
1556 5447 1586 5530 ς’
1609 5447 1788 5526 c.3631

187 5523 742 5606 mils-lIIISEIIWPHiIIi
765 5523 1346 5606 Alsaliavdiplom'atica,
1378 5523 1576 5595 luunt.
1611 5523 1782 5606 fili).

269 5599 290 5626 ιτ
338 5588 706 5663 Μεώὶιιυιιίιΐυ
750 5613 891 5654 anno
937 5601 969 5654 8
997 5588 1122 5672 le'git
1159 5605 1240 5668 l5,
1271 5588 1357 5672 qu'i
1395 5588 1576 5662 insidit
1599 5588 1772 5666 lita-ll:

543 217 772 275 CODEX
811 220 1331 280 DlPLOMATICUS.
1371 255 1440 266 —
1479 225 1794 282 ριιινιωςε

1931 257 2000 270 -—
2031 228 2072 284 l.
2115 227 2364 282 PillYlL.
2409 229 2540 282 PER
2581 227 2860 286 GALLlA‘I
2903 231 3192 290 PARTES.

3393 240 3498 295 95%

1847 343 1888 398 Α
1919 352 2058 402 rum,
2089 338 2337 392 omnibus
2361 337 2603 396 ﬁdelibus
2625 341 2818 394 nostris
2835 349 2942 396 tam
2969 344 3488 416 precatibus-quam

1919 428 2132 482 futuris.
2161 430 2203 482 A
2237 431 2417 499 regale
2457 431 2598 484 enim
2644 445 2862 486 necesse
2907 443 2992 488 est
3041 437 3346 494 releventur
3391 442 3499 498 cle-

1917 519 2144 580 mentia,
2191 521 2277 587 qui
2327 520 2672 576 damnitalem
2728 523 2866 588 passi
2915 535 3034 578 sum
3089 541 3182 592 per
3225 528 3496 596 injuriam.

1919 609 2082 676 lgiiur
2127 611 2450 666 venerabilis
2501 613 2584 664 vir
2633 613 2826 668 Beatus
2869 615 3034 670 abbas
3075 631 3144 670 ex
3175 624 3502 676 monasterio

1917 699 2224 764 Scotorum,
2255 701 2394 768 quod
2439 711 2656 754 vocatur
2697 702 2925 772 Onogia,
2981 705 3122 772 quod
3183 706 3502 766 Benedictus

1913 791 2270 856 cp'scOpusin
2309 792 2512 844 ltunore
2563 791 2622 846 S.
2673 791 2980 848 Michahelis
3023 811 3160 850 novo
3207 802 3504 855 construxit

1923 895 2108 946 opere,
2143 880 2230 932 ubi
2277 882 2698 948 preveuerabilis
2729 893 2876 949 pater
2923 899 3152 952 corpore
3199 889 3500 957 requiescit,

1913 969 2194 1024 c'ementie
2225 970 2390 1022 nostri
2421 969 2567 1036 ηειιί
2595 972 2876 1036 suggessit,
2901 985 2968 1028 eo
2987 973 3128 1040 quod
3149 975 3502 1032 instrumenta

1912 1056 2216 1112 chartarum
2249 1057 2416 1124 ipsius
2437 1059 2748 1113 monasterii
2773 1067 2902 1114 ante
2933 1061 3030 1114 hos
3051 1077 3242 1128 annos,
3288 1082 3380 1132 per
3409 1083 3504 1122 ne-

1913 1148 2244 1216 gligentiam,
2279 1164 2372 1214 per
2397 1165 2529 1217 quas
2557 1149 2692 1206 infra
2732 1143 2894 1221 regna
2939 1152 3260 1210 Francorum
3289 1157 3502 1212 Clll‘iStO

1915 1240 2144 1308 propitio
2169 1241 2344 1306 ipsum
2375 1244 2760 1298 monasterium
2802 1245 3002 1312 aliquid
3037 1246 3361 1314 possidebat,
3393 1259 3500 1303 tam

1912 1343 2006 1396 per
2033 1337 2282 1399 precepta
2327 1347 2512 1401 regum
2545 1347 2608 1386 ac
2649 1335 2974 1403 reginarum,
2997 1351 3154 1403 quam
3179 1339 3498 1407 reliquorum

1916 1420 2082 1475 Deum
2115 1424 2414 1478 timentium
2447 1425 2744 1490 hominum,
2779 1427 2974 1480 ibidem
3009 1429 3260 1484 collatum
3289 1446 3352 1486 ac
3375 1448 3502 1486 con-

1909 1513 2180 1568 ﬁrmatum
2203 1515 2322 1582 fuit,
2353 1517 2556 1583 perdita
2583 1516 2927 1572 devenissent
2947 1536 2961 1582 ;
2985 1529 3040 1572 et
3071 1523 3264 1574 asserit
3295 1536 3356 1576 se
3387 1523 3502 1590 ipse

1909 1603 2074 1657 abbas
2097 1605 2238 1672 ipsas
2263 1621 2346 1661 res
2367 1605 2434 1660 ad
2455 1615 2656 1673 partem
2692 1607 2801 1676 jam
2831 1609 2956 1662 dicti
2985 1612 3290 1664 monasterii
3319 1616 3506 1681 quieto

1908 1697 2116 1762 ordine,
2141 1698 2278 1752 sicut
2303 1709 2462 1754 antea
2491 1699 2635 1766 fecit,
2664 1701 2920 1755 moderno
2943 1711 3182 1771 tempore
3205 1705 3478 1772 possidere

1907 1786 2010 1842 Sed
2037 1804 2134 1856 pro
2157 1789 2422 1842 ﬁrmitatis
2447 1790 2628 1842 studio
2650 1791 2802 1856 petiit
2831 1792 3204 1848 celsitudinem
3223 1805 3493 1858 nostram,

1909 1878 2036 1932 dum
2061 1879 2160 1934 hee
2179 1894 2340 1934 causa
2361 1895 2456 1947 per
2476 1869 2860 1951 negligentiam
2893 1883 2966 1938 ita
2993 1886 3326 1953 contigisset,
3357 1897 3412 1942 ut
3433 1891 3502 1943 ab

1909 1969 2160 2024 omnibus
2190 1981 2372 2024 notum
2406 1971 2498 2036 sit,
2526 1981 2584 2025 ut
2605 1973 2786 2028 denuo
2817 1989 2910 2040 per
2945 1985 3182 2030 nostram
3207 1980 3498 2032 auctorita-

1910 2067 2014 2113 tem
2046 2075 2232 2116 omnes
2263 2077 2348 2115 res
2371 2063 2610 2130 ejusdem
2641 2066 2888 2128 ecclesia,
2919 2068 3166 2136 quicquid
3195 2085 3318 2123 cum
3347 2073 3502 2140 equi-

1911 2151 2034 2204 tatis
2059 2152 2248 2206 ordine
2267 2153 2540 2220 posside-re
2567 2155 2796 2220 videtur,
2815 2158 3136 2214 confirmare
3151 2159 3492 2218 deberemus.

1910 2241 2080 2310 Cujus
2108 2244 2412 2310 petitionem
2441 2245 2712 2313 denegare
2741 2247 3034 2311 noluimus,
3079 2249 3172 2303 sed
3209 2251 3280 2302 ita
3305 2251 3496 2318 prosti-

1910 2331 2042 2386 tisse
2071 2333 2152 2386 vel
2195 2333 2548 2390 conﬁrmasse
2585 2339 2912 2403 cognoscite.
2949 2339 3304 2406 Precipientes
3353 2343 3494 2396 enim
3559 2341 3582 2348 “

1903 2419 2178 2486 jubemus,
2195 2433 2252 2476 ut
2269 2425 2522 2492 quicquid
2542 2437 2666 2482 ante
2687 2427 2884 2480 dictum
2907 2431 3290 2484 monasterium
3315 2432 3493 2485 Sancti

1909 2509 2222 2566 Michahelis
2271 2527 2412 2567 nunc
2447 2515 2704 2583 temporis
2751 2517 2896 2584 juste
2929 2519 3182 2586 possidet,
3217 2521 3356 2572 unde
3385 2521 3504 2587 ipsa

1910 2600 2002 2654 Dei
2036 2617 2162 2656 casa
2209 2604 2398 2657 vestita
2433 2613 2536 2669 est,
2589 2605 2842 2674 deinceps
2893 2621 2988 2674 per
3032 2618 3270 2662 nostram
3301 2609 3500 2664 confir-

1919 2694 2230 2760 mationem,
2257 2697 2506 2765 quicquid
2539 2711 2633 2764 per
2675 2709 2922 2765 precepta
2967 2715 3149 2768 regum
3199 2717 3262 2754 ac
3291 2701 3502 2770 regina-

1913 2799 2054 2848 rum,
2083 2799 2176 2838 seu
2209 2787 2532 2852 reliquorum
2563 2789 2732 2840 tleum
2757 2790 3056 2842 timentium
3090 2791 3362 2844 hominum
3397 2795 3496 2845 ibi-

1867 2873 2032 2927 'dem
2055 2875 2304 2926 collatum
2337 2889 2398 2928 ac
2453 2875 2826 2930 confirmatum
2891 2879 3032 2940 fuit.
3095 2889 3202 2934 tam
3263 2885 3496 2948 prefattts

1835 3003 1879 3064 ο
1916 2963 2110 3018 Beatus
2141 2967 2328 3032 abbas,
2359 2979 2516 3032 quam
2539 2965 2630 3032 qui
2657 2980 2995 3021 successores
3033 2969 3152 3022 eius
3183 2968 3380 3023 fuerint
3409 2975 3490 3022 [υς

1911 3055 2032 3118 turi,
2055 3061 2136 3107 vel
2170 3065 2406 3108 rectores
2427 3053 2666 3124 ejusdem
2693 3057 2920 3111 ecclesie
2941 3061 3110 3112 sancti
3139 3061 3240 3114 loci
3273 3069 3491 3116 teneant

1906 3153 1960 3197 et
1985 3145 2314 3212 possideant,
2335 3125 2506 3212 atque
2561 3146 2624 3198 ad
2659 3147 2824 3214 ipsam
2853 3161 3030 3202 casam
3081 3150 3174 3204 Dei
3221 3151 3488 3206 diuturnis

1907 3233 2234 3302 temporibus
2289 3235 2342 3288 in
2393 3239 2688 3305 augtnentis
2733 3241 3028 3306 proficiant.
3077 3241 3146 3294 Et
3189 3251 3246 3294 ut
3271 3243 3371 3298 hec
3397 3257 3494 3296 an-

1903 3327 2122 3380 ctoritas
2165 3325 2370 3384 ﬁrmior
2415 3328 2527 3391 sit,
2575 3343 2736 3382 manu
2791 3343 2969 3384 nostra
3025 3332 3209 3386 subter
3255 3334 3486 3386 ﬁrmavi-

1903 3429 2044 3477 mus,
2077 3427 2128 3468 et
2153 3419 2314 3472 anulo
2341 3429 2524 3470 nostro
2553 3418 2787 3486 sigillare
2811 3420 3087 3488 iussimus.

1975 3507 2194 3576 Signum
2226 3509 2266 3579 1'
2297 3507 2477 3564 Karoli
2507 3511 2876 3580 gloriosissimi
2905 3517 3065 3582 regis.

1976 3595 2286 3666 Wigbaldus
2315 3603 2378 3652 ad
2404 3602 2574 3654 vicem
2607 3601 2827 3656 llitberii
2860 3608 3194 3675 recognovit.

1973 3689 2158 3742 Datum
2187 3691 2371 3759 quinto
2395 3693 2516 3746 ldus
2541 3689 2743 3756 Junias,
2769 3709 2910 3748 anno
2959 3707 2980 3734 ο
3003 3709 3190 3750 octavo
3211 3698 3356 3766 regni
3388 3712 3488 3751 no-

1899 3781 2014 3835 stri.
2067 3783 2255 3834 Actum
2285 3779 2312 3820 ά
2358 3781 2630 3852 Carisiago
2654 3785 2845 3852 palatio
2869 3785 3112 3853 publico,
3160 3790 3210 3840 in
3253 3789 3344 3842 Dei
3393 3805 3489 3841 no-

1903 3874 2044 3927 mine
2069 3872 2312 3927 feliciter.

2564 3937 2806 4000 XXXVI.

1943 4031 2184 4100 L‘t'pfoma
2217 4032 2394 4088 Caroli
2426 4032 3084 4158 Ma?:;.op;t;7§alortettsi
3123 4043 3428 4092 monasterio

2622 4123 2650 4156 Η
2847 4143 2861 4155 ο

2531 4115 2684 4174 (arma
2713 4106 2861 4173 777).

2259 4191 2350 4254 (Ex
2373 4192 2431 4240 D.
2459 4191 2682 4252 Callnet.,
2709 4192 2830 4241 Hist.
2859 4193 2922 4241 de
2949 4193 3067 4241 [οτι-
3089 4197 3108 4255 )

1965 4271 2190 4326 Carolus
2220 4275 2388 4341 gratia
2427 4274 2514 4327 Dei
2551 4289 2644 4328 rex
2677 4273 2998 4328 Francorum
3027 4288 3076 4328 et
3105 4275 3478 4346 Langobardi-

1824 4353 1872 4411 Β
1897 4377 2013 4414 rum
2035 4401 2050 4426 ,
2083 4370 2238 4431 atque
2273 4362 2526 4430 patricius
2559 4363 2941 4418 Romanorum.
2975 4367 3195 4434 Oportet
3221 4369 3478 4423 serenitas

1895 4467 2095 4522 nostra,
2121 4469 2174 4511 ut
2200 4473 2260 4512 ea
2287 4475 2406 4528 quae
2428 4474 2455 4511 a
2485 4459 2726 4514 ﬁdelibus
2753 4462 2947 4514 nostris
2978 4459 3236 4526 postulata
3263 4461 3476 4524 fuerint,

1887 4545 2032 4614 jusle
2059 4558 2112 4600 et
2143 4547 2532 4602 rationabiliter
2561 4564 2657 4616 pro
2697 4547 2914 4603 servitio
2954 4559 3007 4603 et
3037 4547 3320 4617 lidelitate,
3359 4565 3476 4618 qua:

1891 4636 2031 4690 circa
2060 4637 2355 4706 genitorem
2387 4654 2564 4694 meum
2595 4637 2876 4710 Pippinum
2918 4658 3095 4710 regem
3127 4652 3180 4696 et
3210 4643 3348 4696 circa
3391 4658 3478 4698 me

1895 4726 2096 4780 habere
2124 4727 2394 4794 videntur,
2423 4728 2500 4781 cis
2533 4731 2806 4796 impertire
2833 4731 3142 4786 debeamus.
3184 4733 3374 4786 Notum
3407 4735 3474 4786 sit

1891 4815 2140 4871 omnibus
2171 4818 2419 4872 fidelibus
2448 4820 2679 4884 nostris,
2722 4830 2824 4874 tam
2855 4834 2902 4874 el
2938 4823 3289 4891 praesentibus
3316 4839 3471 4892 qnam

1890 4917 1944 4960 et
1972 4907 2190 4972 futuris,
2230 4909 2458 4976 qualiter
2492 4911 2718 4966 veniens
2749 4913 3007 4966 Folradus
3036 4913 3338 4980 capellanus
3371 4928 3460 4980 pa-

1893 5073 2014 5111 num
2039 5057 2323 5130 78l.Cum
2384 5075 2514 5114 vero
2567 5060 2865 5126 llillterius,
2923 5075 3078 5129 quem
3114 5063 3472 5130 Sclimpﬁinus

1893 5131 2030 5182 male
2061 5129 2242 5182 scribit
2279 5129 2567 5193 llilllerius,
2605 5147 2707 5182 non
2739 5131 2962 5190 amplius
2988 5135 3188 5198 legatur
3205 5135 3466 5186 cancella-

1891 5213 1998 5252 rtns
2027 5199 2078 5250 in
2112 5199 2311 5252 chartis
2337 5209 2454 5266 post
2482 5215 2676 5252 annum
2723 5199 2848 5264 776,
2871 5206 2962 5254 sed
2992 5200 3157 5264 Rado,
3217 5207 3465 5258 eumdem

1891 5269 2242 5336 prmittlimus.

1959 5337 1986 5376 ά
2017 5338 2368 5406 Carisiagnm,
2399 5338 2549 5391 vicus
2599 5339 2662 5390 ad
2709 5339 2899 5394 lsaram
2953 5339 3206 5394 hactenus
3238 5344 3467 5395 νοίἮΙδΙΙ-

1891 5407 1996 5460 lam
2025 5408 2254 5470 Cbiersi,
2288 5409 2402 5476 sive
2449 5408 2616 5462 Kiersi
2649 5419 2902 5464 retinens.
2967 5411 3039 5465 De
3093 5412 3360 5467 Carisiaco
3410 5423 3466 5466 ct

1889 5477 2004 5548 ejus
2031 5492 2164 5548 vero
2181 5479 2284 5531 situ
2317 5479 2430 5546 lege
2458 5494 2576 5546 qua:
2605 5482 2783 5533 multis
2817 5479 2974 5534 tradit
3016 5482 3065 5533 in
3093 5481 3464 5548 disquisitione

1891 5547 2112 5622 Michael
2136 5547 2455 5622 Germanus,
2476 5549 2620 5622 apud
2643 5549 3000 5616 Mabillouetu,
3021 5553 3084 5608 tle
3109 5553 3182 5606 lle
3198 5547 3462 5622 diploma-

1891 5619 2013 5686 tit'a,
2039 5617 2129 5672 lib.
2155 5633 2206 5682 v,
2239 5634 2354 5687 pag.
2381 5616 2642 5674 “258-963.
