4034 6182
457 255 567 314 θιιι

1390 245 1446 299 Β.
1489 237 1734 296 CAllOLl
1775 231 1987 291 MAGNI
2027 224 2178 282 υΡΡ.
2215 221 2391 278 PARS
2431 219 2470 283 Ι,
2511 212 2750 273 SECTIO
2791 209 2855 264 ll.

3614 193 3738 252 960-

456 367 570 422 km
616 363 806 429 "05m,
843 371 896 418 el
937 360 1070 414 abba
1121 356 1289 412 sane“
1339 353 1608 423 Dinnysii;
1659 347 1815 404 ηοω,
1853 341 2038 400 retulit
2069 340 2113 397 Α
2144 349 2259 388 rutn
2283 326 2612 399 acpatricius
2637 324 3016 377 Romanorum.
3044 311 3357 383 lucipientia
3382 308 3533 380 regni
3556 306 3734 363 nostri

2838 422 2849 429 .
2976 419 2986 429 .
3036 426 3044 429 _
3305 407 3734 429 ..._,,._n-_:_-

462 447 792 524 privilegium
833 470 861 506 a
905 452 1144 520 patribus
1181 447 1349 501 sancti
1390 442 1660 513 Dionysii,
1690 455 1848 510 quam
1887 451 2045 490 seno—

461 547 597 600 dalis
623 545 875 600 consilius
902 556 1044 595 anno
1077 553 1219 592 nono
1247 537 1312 590 ad
1355 535 1526 590 Patris
1567 533 1775 585 Brutina
1816 543 1878 580 ex
1923 539 2043 592 pro-

463 641 628 693 misso
672 635 1033 703 Angelramno
1075 630 1329 696 episcopo
1377 634 1432 679 et
1475 621 1737 678 Willtario
1783 615 2045 681 archiepi-

465 741 628 794 scopo
657 724 1044 777 constituerunt
1075 717 1140 770 de
1172 731 1258 769 res
1297 711 1637 782 proprietatis
1675 723 1815 770 sum,
1849 704 1898 756 in
1932 703 2047 756 loco

465 817 553 884 qui
597 815 792 868 dicitur
831 811 1051 872 Salona,
1101 823 1220 877 quae
1257 817 1336 860 est
1377 811 1714 857 constructus
1756 798 1806 851 in
1848 796 2048 849 honore

465 917 664 961 sancta:
711 904 804 959 Dei
850 901 1159 964 Genitricis,
1203 908 1258 954 et
1304 899 1579 951 beatorum
1631 902 1944 962 martyrum,
1995 898 2048 940 et

467 998 840 1050 confessorum
881 1006 933 1048 et
965 993 1231 1059 virginum
1264 1007 1277 1042 :
1311 989 1399 1042 tibi
1440 995 1654 1039 sanctus
1695 981 1956 1042 Privatus,
1995 987 2052 1030 et

468 1097 684 1141 sanctus
724 1086 931 1140 Illarius
969 1081 1248 1136 confessor
1289 1078 1622 1145 requiescere
1659 1071 1905 1126 videntur
1944 1085 1959 1122 :
2000 1074 2054 1120 et

470 1195 590 1233 nn-o
617 1177 670 1230 in
701 1173 978 1244 privilegio
1004 1173 1264 1226 insertum
1296 1166 1626 1228 invenimus,
1658 1171 1716 1216 ut
1746 1175 1917 1228 neque
1949 1161 2055 1211 Αιι-

470 1269 779 1334 gelramuus
806 1263 1109 1330 episcopus,
1146 1273 1320 1326 neque
1359 1267 1698 1308 succi-ssores
1737 1250 1840 1306 sui.
1882 1260 2052 1315 neque

471 1356 900 1415 archidiaconus,
954 1368 1125 1420 neque
1173 1352 1365 1403 missus
1411 1344 1657 1400 ecclesia:
1705 1358 1814 1395 suae
1858 1339 2056 1395 Medio-

473 1452 751 1508 niatricns,
782 1445 852 1499 ibi
882 1446 932 1498 in
964 1443 1080 1512 ipso
1105 1439 1352 1494 cmunbio
1374 1433 1702 1502 pontiﬁcium
1730 1431 1928 1483 habere
1954 1442 2057 1479 non

473 1540 726 1602 debeant,
760 1539 858 1590 nisi
889 1537 934 1590 si
967 1535 1132 1586 abbas
1159 1531 1326 1585 sancti
1363 1525 1595 1596 Dionysii
1627 1523 1856 1592 expetiet
1871 1521 1902 1572 it
1924 1561 1938 1582 ,
1968 1532 2060 1572 0r-

475 1631 782 1682 dinationes
810 1625 1058 1686 faciendi,
1089 1618 1492 1675 cbrisntetandi.
1523 1627 1572 1670 et
1609 1615 1812 1668 tabulas
1843 1609 2061 1664 benedi-

477 1720 657 1775 ceudi.
703 1716 1150 1780 Interrogavinius
1179 1711 1590 1773 Augelramnum
1630 1703 1974 1772 episcopum,
2013 1699 2056 1751 si

480 1810 653 1878 ipsum
685 1806 1018 1876 privilegium
1039 1803 1345 1858 consentire
1367 1799 1633 1852 debuisset
1658 1797 1680 1848 ?
1709 1796 1772 1848 Et
1800 1795 1913 1862 ipse
1945 1791 2060 1844 nul-

483 1903 690 1956 laleuus
715 1900 1018 1968 denegavit,
1044 1897 1140 1951 nisi
1173 1897 1306 1948 sicut
1329 1903 1381 1948 et
1403 1892 1738 1946 chuenodale
1759 1885 2061 1961 [synodale]

481 1991 706 2045 consilio
730 1990 1129 2044 constituerunt
1149 1983 1445 2048 coepiscopi
1478 1981 1554 2033 sui
1578 1997 1592 2043 ;
1626 1978 1700 2032 sic
1723 1972 2061 2040 consentivtt,

481 2083 622 2136 sicut
653 2079 767 2146 ipse
808 2077 1112 2147 privilegius
1137 2075 1351 2128 clariter
1384 2069 1635 2125 innotuit.
1667 2069 1952 2134 Propterea
1983 2075 2064 2117 ta-

484 2173 588 2227 lem
631 2178 954 2240 praeceptum
983 2175 1040 2221 et
1066 2164 1532 2221 cottﬁtmationem
1576 2172 1886 2226 permanere
1926 2169 2064 2223 prte-

483 2263 710 2330 cipitnus
747 2260 813 2314 ad
863 2258 1100 2328 partibus
1141 2255 1310 2310 stricti
1359 2251 1618 2320 Dionysii,
1668 2259 1722 2302 ιιι
1771 2257 1887 2314 post
1929 2245 2069 2300 [tunc

485 2355 629 2408 diem
687 2351 864 2405 nullus
910 2347 1168 2418 quislibet
1203 2345 1610 2412 episcoporum,
1657 2353 1830 2408 neque
1879 2337 2072 2405 Angel-

487 2453 730 2504 ramnus,
762 2447 856 2492 aut
882 2449 1221 2490 successoies
1249 2435 1352 2495 sui,
1385 2431 1502 2500 ipso
1529 2429 1774 2484 emnobio
1804 2442 1908 2481 non
1935 2441 2072 2480 con-

489 2535 692 2599 tingat,
741 2527 841 2584 nisi
892 2527 958 2581 sit
1007 2527 1104 2580 sub
1152 2525 1441 2578 enninitate
1482 2531 1534 2574 et
1583 2519 1855 2590 privilegio
1902 2516 2071 2572 sancti

491 2622 751 2691 Dionysii,
792 2621 930 2674 sicut
959 2627 1183 2670 czi-toras
1210 2615 1486 2671 ecclesias.
1527 2626 1657 2679 quas
1694 2611 1760 2663 de
1800 2609 1910 2674 ipsa
1948 2621 2073 2662 casa

491 2715 663 2769 sancti
704 2710 940 2780 Dionysii
981 2707 1218 2773 aspici-re
1259 2703 1528 2756 videntur.
1583 2701 1644 2755 Et
1685 2699 1908 2752 ti-rrolas
1944 2711 2076 2765 quas

495 2807 884 2872 Angelramuns
913 2811 968 2853 ct
999 2799 1257 2853 Folradus
1301 2795 1436 2849 infra
1479 2795 1597 2860 ipso
1627 2807 1756 2859 agro
1796 2789 1992 2844 Salona
2023 2796 2077 2841 et

2144 433 2388 494 allectum
2408 429 2472 482 de
2489 435 2667 479 nostra
2688 422 2958 478 erectione
2976 419 3182 485 integro
3198 412 3487 466 auxiliante
3500 407 3738 464 Domino

2146 539 2378 608 vigilavi,
2402 545 2454 590 et
2486 549 2580 602 pro
2608 533 2720 600 ipsa
2752 529 2888 581 bona
2918 539 3081 594 opera
3131 528 3342 574 auctum
3371 532 3495 572 cum
3545 513 3739 569 consia

2149 639 2276 694 lium
2310 634 2630 704 pontelieum
2663 628 2743 680 vel
2774 627 3043 680 seniorum
3075 620 3389 688 optimatum
3423 621 3740 669 nostrorum

2149 741 2442 792 emunitate
2466 749 2561 802 pro
2591 740 2774 784 nostro
2795 721 3220 780 conﬁrmandum
3249 731 3467 784 regnum
3498 723 3553 767 et
3582 725 3742 763 mer-

2149 827 2278 883 cede
2303 829 2382 878 vel
2415 819 2814 890 inepiscendum
2849 815 3010 868 vitam
3041 821 3293 866 a-teruam
3325 818 3580 860 renovare
3603 801 3745 854 deli-

2158 918 2432 977 bctemus,
2456 911 2596 976 quod
2618 912 2690 962 ita
2713 919 2767 960 et
2789 905 3028 958 fecimus.
3052 904 3189 968 trgo
3209 905 3415 966 oportet
3437 892 3748 947 clementia

2156 1005 2446 1079 principale
2462 1004 2598 1056 inter
2611 1009 2818 1054 ceteras
2836 996 3120 1063 petitiones
3142 990 3264 1043 illud
3283 985 3424 1056 quod
3449 998 3544 1054 pro
3563 983 3749 1039 salute

2155 1077 2498 1156 adscribitur,
2529 1101 2583 1144 et
2613 1105 2709 1158 pro
2737 1089 2922 1141 divino
2968 1083 3182 1137 nomine
3213 1079 3529 1148 postulatur,
3564 1077 3752 1142 placa-

2159 1190 2260 1242 bile
2289 1186 2524 1238 auditum
2551 1193 2860 1246 suscepere,
2883 1187 2935 1230 et
2962 1173 3141 1241 procul
3164 1171 3378 1225 dubium
3401 1169 3466 1220 ad
3490 1164 3750 1220 elIectum

2161 1281 2452 1349 perducere
2473 1292 2486 1327 :
2508 1283 2770 1341 quatenus
2801 1270 2868 1323 de
2897 1267 3112 1322 caducis
3151 1264 3308 1317 rebus
3340 1258 3614 1328 μιαιεριιιίς
3643 1270 3755 1308 sa:-

2159 1345 2264 1423 culi
2303 1381 2499 1420 :rterna
2529 1361 2858 1430 conquiritur
2890 1358 3038 1424 juxta
3081 1361 3398 1421 pra-ceptum
3425 1346 3633 1401 Domini
3662 1345 3758 1397 di-

2162 1471 2346 1512 t‘ﬂttles
2381 1474 2392 1508 :
2427 1453 2608 1508 Fat-ite
2639 1452 2788 1503 vobis
2817 1448 3020 1500 amicus
3051 1444 3120 1496 de
3150 1453 3396 1495 mamona
3428 1434 3751 1502 iniquitatis.

2167 1551 2303 1616 Ergo
2326 1548 2392 1600 de
2417 1557 2667 1598 tuamone
2696 1536 2988 1608 iniquitatis
3015 1535 3164 1602 juxta
3212 1531 3380 1599 ipsius
3418 1529 3618 1581 dictum
3649 1537 3759 1577 nos

2165 1646 2376 1707 oportet
2406 1649 2642 1689 mercare
2683 1640 2880 1684 aeterna
2907 1626 3139 1680 caelestia
3171 1640 3186 1675 :
3217 1621 3378 1674 udum
3409 1617 3759 1670 sacerdotum

2174 1742 2466 1796 congruum
2485 1723 2818 1789 impertimus
2836 1715 3112 1779 beneﬁcia,
3131 1712 3502 1767 retributorem
3523 1707 3765 1760 Domino

2169 1837 2235 1876 ex
2261 1825 2358 1871 boc
2385 1817 2581 1870 habere
2603 1825 2901 1866 mereantur
2928 1808 2976 1860 in
3002 1818 3195 1859 aeterna
3219 1803 3572 1854 tabernacu'a.
3595 1798 3766 1865 igitur

2170 1910 2490 1967 venerabilis
2525 1908 2603 1960 vir
2645 1903 2904 1959 Folratlus
2940 1900 3074 1955 abba
3105 1899 3168 1950 de
3209 1895 3420 1948 basilica
3466 1890 3767 1960 peculiaris

2173 2003 2380 2073 patroni
2415 2009 2564 2055 nostr
2607 1995 2785 2050 dotnui
2819 1990 3034 2046 Dionisii
3059 1982 3468 2056 martbyris,nbi
3491 1982 3608 2048 ipse
3631 1995 3764 2048 pre—

2170 2100 2346 2150 ciosns
2371 2092 2596 2144 domnus
2621 2087 2918 2151 incorpore
2951 2080 3255 2147 requiescit,
3284 2073 3567 2127 clementia
3603 2069 3763 2136 regni

2172 2185 2338 2240 nostri
2362 2180 2699 2250 supplicavit,
2716 2191 2780 2230 eo
2804 2173 2940 2243 quod
2971 2171 3037 2224 ab
3065 2167 3490 2222 antecessoribus
3522 2163 3751 2232 regibus

2172 2293 2200 2330 ιι
2235 2280 2392 2342 longo
2422 2257 2662 2338 tempore
2707 2268 2880 2319 omnis
2909 2265 3174 2318 emunitas
3226 2261 3292 2311 de
3335 2257 3488 2310 villas
3520 2255 3766 2322 prtet'a'm

2173 2375 2370 2418 sanctae
2401 2360 2632 2415 basilicae
2674 2357 2771 2411 l'oit
2798 2366 3135 2407 concessum.
3173 2347 3321 2403 Unde
3350 2355 3404 2399 et
3451 2347 3591 2411 ipsas
3625 2357 3770 2409 prm-

2175 2457 2453 2526 ceptiones
2481 2466 2671 2506 manus
2719 2427 2995 2503 roboiatas
3026 2454 3079 2498 et
3114 2444 3262 2496 bona:
3291 2439 3565 2493 memoria:
3602 2449 3772 2504 gene-

2178 2522 2296 2601 tore
2329 2559 2450 2598 meo
2482 2539 2687 2610 Pippini
2733 2536 2961 2592 condant
3007 2535 3145 2600 regis
3173 2546 3229 2584 se
3262 2544 3368 2595 pra:
3399 2525 3646 2579 manibus
3670 2522 3775 2573 lia-

2179 2638 2307 2693 bi-re
2331 2636 2604 2697 adlirnial,
2628 2640 2681 2685 et
2707 2633 2805 2682 boc
2833 2641 2998 2696 usque
3025 2637 3164 2677 nunc
3183 2617 3554 2675 inviolabiliter
3576 2614 3775 2668 asserit

2180 2743 2302 2783 esse
2344 2731 2742 2778 C(lllSt’l’Valltlll.
2780 2716 2929 2772 Unde
2985 2715 3132 2780 petiit
3173 2723 3226 2765 ut
3276 2709 3376 2763 lioc
3410 2723 3502 2774 ter
3532 2715 3777 2758 nostram

2182 2819 2556 2872 auctoritatem
2587 2815 2762 2866 denuo
2791 2825 2884 2876 pro
2913 2823 2969 2861 re
2997 2807 3243 2858 linititate
3269 2799 3408 2854 circa
3443 2800 3556 2866 ipso
3584 2803 3779 2848 sancto

496 2899 604 2952 line
649 2899 1228 2950 coutinutavetunt.....
1282 2885 1469 2941 Smile
1519 2881 1677 2936 modo
1720 2896 1784 2934 ex
1835 2886 2076 2933 nostrum
2121 2888 2151 2914 ο
2184 2911 2318 2952 Imm
2367 2910 2445 2952 νυ,
2497 2911 2734 2952 “mnum
2773 2901 2858 2952 "ui
2887 2915 2946 2952 se
2984 2914 3105 2951 cum
3155 2893 3412 2947 “insumi

2184 2911 2322 2974 loco,
2367 2910 2446 2961 vel
2497 2911 2734 2959 homines
2773 2901 2946 2968 quise
2984 2914 3105 2951 cum
3155 2893 3446 2947 substantia
3488 2902 3672 2943 eorum
3704 2883 3778 2938 ad

496 2990 818 3060 permissum
859 2990 914 3039 et
951 2978 1416 3071 connrm'li_(.mcm
1463 2974 1663 3041 absque
1705 2971 2076 3071 ⁸¹ῙΪ⁸¹ῈΡ⁴¹¹¹¹¹ΪἚ
2107 3001 2154 3063 C
2187 2971 2547 3071 ipsa-basilica
2581 2998 2794 3049 tradunt
2823 2994 2900 3046 vel
2928 2994 3247 3047 ron-tonant,
3273 2984 3423 3054 juxta
3454 2979 3596 3051 quod
3622 2987 3786 3039 ante;

499 3056 750 3136 Detonsis
793 3074 1046 3130 Ecclesia:
1089 3068 1553 3136 impedimentum,
1600 3077 1720 3130 pars
1750 3060 1807 3116 S.
1845 3056 2080 3128 Dionysii

497 3191 602 3230 una
631 3187 754 3226 eum
782 3171 899 3236 ipso
918 3164 1165 3220 cmnobio
1189 3161 1385 3214 Salona
1417 3157 1516 3209 sub
1546 3163 1778 3206 nostram
1804 3151 2082 3203 tuitionem

500 3279 556 3322 et
586 3263 965 3319 deﬂensionem
989 3299 1004 3323 ,
1049 3266 1435 3323 procerumque
1467 3260 1770 3301 nostrorum
1793 3283 1808 3302 ,
1851 3240 2088 3310 partibus

501 3357 673 3412 sancti
721 3349 959 3422 Dionysii
1004 3347 1232 3401 debeant
1276 3343 1565 3410 respicere.
1603 3345 1658 3392 et
1697 3333 1945 3406 quicquid
1996 3345 2090 3398 per

504 3420 953 3503 commutationes
981 3451 1200 3505 regum,
1241 3443 1331 3486 aut
1360 3429 1698 3484 donationem
1719 3464 1736 3489 ,
1776 3432 1865 3476 aut
1897 3420 2092 3474 collata

507 3541 706 3594 ibidem
750 3529 928 3601 populi
963 3529 1231 3588 additum,
1263 3531 1352 3574 aut
1389 3525 1699 3583 censalum,
1741 3524 1793 3566 et
1834 3511 2091 3567 Folradus

507 3628 577 3682 de
620 3640 715 3677 sua
757 3600 845 3675 i-es
889 3619 1006 3687 ipso
1035 3613 1278 3668 rwuobio
1317 3609 1526 3672 ditavit,
1573 3605 1672 3657 sub
1709 3600 1999 3657 emunitate
2039 3607 2094 3654 et

506 3712 841 3768 deﬂeusione
877 3703 1046 3760 sancti
1093 3699 1359 3769 Dionysii,
1390 3696 1647 3761 omnique
1687 3702 1927 3756 tempore
1968 3701 2084 3756 per-

511 3812 730 3855 mittere
757 3795 1006 3853 debeant,
1027 3805 1091 3844 ex
1124 3799 1302 3842 nostra
1328 3783 1648 3837 authoritate
1671 3778 2041 3832 conlirtnatutn
2075 3792 2088 3827 ε

512 3902 572 3946 ιιι
599 3887 788 3942 melius
816 3883 1043 3938 delet-tet
1076 3879 1243 3947 ipsam
1269 3874 1728 3942 congregationem
1759 3868 1928 3923 sancti
1961 3866 2092 3919 Dio-

515 3983 652 4052 nysii
685 3992 736 4033 et
769 3976 935 4030 sancti
971 3971 1190 4034 Privati,
1221 3975 1276 4022 et
1303 3967 1472 4021 sancti
1506 3962 1699 4025 lllarii,
1741 3976 1836 4030 pro
1866 3958 2017 4013 nobis
2043 3965 2097 4011 et

517 4089 616 4143 pro
639 4071 741 4132 eis,
770 4078 1041 4132 uxoreque
1080 4070 1280 4136 nostra,
1315 4054 1521 4110 Domini
1567 4045 1982 4105 tni~ericordiam
2017 4056 2099 4100 at-

517 4161 714 4215 tentius
740 4157 1053 4223 deprecare.
1087 4150 1148 4203 Et
1190 4158 1242 4200 ιιι
1266 4130 1398 4199 lucc
1436 4143 1728 4196 autboritas
1762 4139 1961 4192 ἣν·ιηίοτ
2001 4137 2097 4188 ba-

517 4251 727 4310 ιιιτειιιιτ,
767 4246 847 4298 vel
888 4259 983 4312 per
1023 4252 1257 4308 tempora
1302 4236 1489 4288 melius
1527 4238 1893 4293 conservetur,
1937 4239 2098 4279 manu

2190 3091 2346 3146 τίω-ῖς
2376 3089 2515 3156 regis
2548 3102 2640 3155 per
2685 3100 2868 3138 eorum
2903 3081 3247 3134 auctoritates
3291 3075 3356 3128 ad
3400 3075 3514 3141 ipsa
3559 3069 3781 3123 basilica

2191 3181 2293 3235 ltoc
2322 3179 2688 3244 praestiterunt
2728 3181 2783 3227 et
2817 3171 3222 3240 conﬁrmarunt,
3269 3166 3370 3218 ltoc
3402 3162 3606 3216 iteratis
3635 3161 3784 3212 circa

2193 3271 2307 3338 ipso
2363 3266 2554 3320 abbate
2610 3260 2905 3316 concedere
2957 3269 3008 3311 et
3066 3253 3380 3311 conﬁrmare
3438 3253 3782 3304 deber-ums.

2196 3336 2316 3414 Ideo
2346 3363 2634 3424 cognoscat
2683 3347 3002 3420 tnaguetudo
3049 3362 3140 3398 seu
3184 3345 3379 3396 utiiitas
3409 3352 3606 3402 vestra,
3639 3336 3786 3407 quod

2195 3466 2288 3503 nos
2323 3461 2417 3514 pro
2449 3441 2744 3498 reverentia
2778 3441 2943 3509 ipsius
2970 3438 3136 3490 sancti
3169 3434 3266 3488 loci
3301 3431 3379 3485 vel
3423 3446 3521 3498 pro
3558 3427 3786 3495 quietim

2195 3537 2413 3591 do..iuo
2463 3530 2823 3587 famulantium
2870 3523 3285 3597 promtissimatn
3331 3520 3656 3573 voluntatem
3687 3516 3788 3569 de-

2198 3645 2302 3683 nuo
2345 3625 2676 3682 concessisse
2724 3630 2780 3676 et
2833 3619 2884 3674 in
2913 3616 3159 3673 omnibus
3203 3611 3551 3668 conﬁrmasse
3605 3614 3788 3661 vestra

2200 3725 2491 3789 cognoscat
2526 3711 2766 3768 solertia.
2803 3710 3138 3777 Quapmpter
3167 3719 3258 3774 per
3291 3703 3428 3756 banc
3464 3709 3789 3769 praeceptus,

2201 3810 2338 3879 qttod
2369 3804 2651 3875 specialius
2670 3800 3006 3857 decernimus
3034 3807 3088 3849 et
3113 3798 3164 3849 in
3198 3801 3509 3864 perpetuum
3538 3790 3788 3842 volumus

2199 3916 2318 3958 esse
2363 3911 2692 3963 mansurum,
2743 3891 3020 3962 jubemus,
3051 3898 3106 3940 ut
3137 3900 3308 3955 neque
3335 3897 3454 3947 vos,
3502 3895 3674 3949 neque
3697 3879 3793 3948 ju-

2201 4005 2404 4054 mores,
2433 4002 2527 4041 seu
2559 3995 2898 4038 succe~sores
2929 3977 3115 4042 vestri,
3145 3990 3242 4029 nec
3270 3971 3520 4043 quislibet
3545 3970 3614 4022 de
3648 3967 3792 4036 judi-

2200 4083 2343 4138 catia
2373 4087 2634 4150 potestate
2660 4077 2948 4136 accinctus,
2985 4071 3036 4123 in
3077 4067 3242 4122 curtis
3283 4065 3516 4135 praefata
3555 4062 3796 4116 basilica

2201 4171 2382 4226 domui
2417 4167 2638 4223 Dionisii
2685 4165 2771 4218 ubi
2815 4172 2867 4218 et
2916 4161 3028 4225 ubi,
3074 4159 3126 4214 in
3163 4167 3526 4226 quascumque
3547 4167 3709 4221 pagos
3738 4151 3794 4204 in

2211 4278 2376 4332 regno
2419 4262 2524 4314 Deo
2565 4253 2792 4326 propitio
2835 4261 3038 4316 nostro,
3079 4249 3220 4317 quod
3249 4246 3314 4301 ad
3341 4246 3428 4300 die
3470 4259 3595 4314 pars
3628 4242 3797 4310 ipsius

521 4352 703 4395 nostra
737 4349 950 4406 prop":
980 4334 1160 4386 sum“
1197 4343 1314 4381 um
1348 4329 1696 4384 "unanmus’
1728 4327 1784 4373 et
1810 4317 1874 4370 de
1902 4313 2098 4368 amulo
2127 4358 2182 4418 D
2218 4313 2523 4409 mliuasterii
2553 4313 2843 4418 possedere
2867 4342 2946 4397 vel
2971 4313 3249 4393 dominare
3276 4313 3503 4400 videtur,
3537 4334 3618 4387 vel
3650 4331 3796 4399 quod

521 4443 708 4486 nostro
737 4427 1106 4497 sigillavimus.

601 4522 820 4588 Signum
848 4515 1022 4571 Caroli
1054 4505 1416 4582 gloriosi~siini
1447 4501 1609 4572 regis.

603 4611 799 4665 Nomen
830 4617 877 4661 et
907 4606 1106 4674 signum
1136 4597 1430 4654 cancellorii
1459 4594 1719 4648 omissum.

602 4701 787 4758 Datum
816 4695 954 4767 quod
988 4693 1107 4746 lecit
1138 4685 1438 4743 Decembris
1465 4684 1696 4738 dies.....
1739 4694 1878 4732 anno
1909 4692 1960 4729 ιι.
2007 4675 2106 4728 lte-

528 4797 723 4865 gniinte
748 4765 945 4841 domno
976 4790 1160 4837 nostro
1189 4777 1381 4830 Carolo
1416 4788 1562 4841 rege.
1604 4774 1794 4825 Actum
1827 4765 1990 4835 Aquis
2021 4780 2108 4833 pa-

531 4863 658 4941 latio
683 4879 911 4955 publico,
940 4877 992 4930 in
1022 4871 1114 4926 Dei
1144 4869 1354 4924 nomine
1383 4864 1626 4918 l'eiciter.
1659 4863 1849 4914 Amen.

527 4966 543 4985 '
689 4954 694 4955 ⁷
1191 4954 1452 5014 xxxv".

535 5081 562 5110 a
592 5065 764 5124 Caroli
791 5059 970 5128 ﬂagiti
995 5063 1326 5128 praereptum,
1355 5064 1455 5128 quo
1481 5060 1653 5128 omnes
1682 5034 1983 5128 Dici-trioni
2007 5049 2116 5088 mo-

711 5109 1287 5188 iinimrunilatcs
1313 5109 1577 5186 conﬁrmat
1609 5119 1764 5181 (anno
1791 5109 1891 5164 '17?
1900 5114 1940 5176 ).

896 5218 990 5280 (Ex
1013 5215 1214 5274 Mabil|.,
1231 5212 1294 5260 de
1314 5209 1382 5257 lle
1416 5199 1760 5268 diplomatica.)

611 5307 835 5363 Carolus
863 5276 1030 5374 gratia
1063 5298 1154 5353 Dei
1183 5311 1275 5351 rex
1307 5293 1632 5347 Francorum
1661 5293 1716 5339 et
1741 5276 2121 5348 Lougobardo-

621 5476 646 5504 ι
674 5462 908 5518 Observa
939 5459 990 5511 in
1040 5454 1142 5508 boe
1191 5449 1477 5518 diplomate
1519 5434 1822 5518 conﬁrmari
1860 5427 2123 5518 a-‘(Zarolo

548 5500 736 5598 Maturo
758 5500 1076 5582 donatilmes
1123 5500 1306 5598 eoru'm
1334 5513 1537 5594 qnivel
1568 5526 1627 5592 se
1658 5519 1841 5598 servos
1875 5500 2125 5556 Ecclesia:

551 5579 946 5664 Q'Jt'éiinii,"vet
977 5597 1062 5663 qui
1100 5593 1163 5645 ad
1222 5579 1568 5664 ttiottasticttin
1603 5579 1900 5664 institutum
1929 5583 2128 5650 convo-

551 5642 839 5734 ιωιέἐῖζὲ
867 5642 1062 5734 sinitque
1091 5642 1272 5715 omnia
1303 5651 1643 5712 conferebant
1671 5665 1686 5715 ;
1725 5645 1864 5700 unde
1897 5642 2128 5695 maxime

2203 4461 2234 4500 a
2267 4444 2374 4498 Deo
2397 4439 2708 4496 timentibus
2730 4433 3038 4488 hominibus
3065 4444 3158 4498 per
3186 4427 3417 4495 legitima
3442 4424 3798 4475 instrumenta

2209 4534 2406 4590 ibidem
2449 4530 2546 4584 luit
2595 4538 2933 4584 concessum,
2975 4529 3066 4573 aut
3102 4519 3312 4571 inantea
3345 4513 3503 4567 fuerit
3532 4510 3802 4574 additum,

2206 4635 2365 4693 atque
2391 4621 2715 4689 delegatum,
2747 4628 2844 4668 nec
2876 4612 2940 4664 ad
2978 4623 3165 4664 causas
3209 4605 3554 4663 audiendum,
3589 4615 3688 4653 nec
3729 4599 3802 4652 ad

2211 4715 2540 4783 lidu-jIISsOI'ts
2579 4705 2898 4767 tollendum,
2947 4717 3043 4755 nec
3081 4700 3146 4752 ad
3189 4697 3334 4751 l'reda
3361 4693 3671 4756 csiendutn,
3697 4705 3804 4744 nec

2213 4806 2278 4858 ad
2314 4781 2604 4858 mansionis
2635 4795 2955 4856 faciendum,
2984 4805 3079 4844 nec
3103 4795 3334 4858 paratas,
3368 4798 3466 4838 nec
3493 4785 3629 4838 ultas
3660 4781 3806 4834 redi-

2213 4897 2442 4950 bitioues
2489 4887 2868 4958 requirendum
2920 4883 3122 4951 ingredi
3167 4895 3264 4932 nec
3330 4875 3544 4944 exigere
3588 4885 3808 4942 quoque

2222 4998 2462 5052 tempore
2491 4981 2699 5048 penitus
2721 4991 2825 5029 non
2849 4978 3219 5042 ptzesumatur,
3242 4967 3342 5020 nisi
3369 4963 3615 5034 quiequid
3642 4965 3810 5014 tiscus

2217 5051 2399 5132 noster
2429 5070 2621 5126 exinde
2654 5065 2885 5138 potnt-rit
2915 5073 3155 5130 sperare,
3185 5057 3364 5109 omnia
3393 5064 3445 5107 et
3477 5053 3527 5104 in
3557 5051 3811 5102 omnibus

2221 5181 2317 5238 pro
2339 5161 2599 5218 mercedis
2626 5167 2821 5212 nostra:
2869 5150 3218 5219 conpendium
3246 5159 3364 5200 cum
3403 5141 3584 5195 omnis
3626 5139 3813 5194 fredus

2220 5233 2285 5314 ad
2310 5259 2571 5325 integrum
2595 5250 2807 5305 sibimet
2828 5257 3116 5300 concessus
3145 5241 3223 5310 (ut
3245 5238 3444 5291 dictum
3467 5233 3570 5303 est)
3600 5233 3813 5301 inspec-

2226 5411 2671 5474 monasteritrrum
2727 5403 3010 5474 facultates
3052 5402 3416 5474 accreverunt.
3466 5387 3600 5470 Nota
3634 5385 3813 5474 Ietia‘aa

2225 5454 2670 5553 ibiéiii'gintiori
2692 5454 2822 5533 meo,
2842 5454 2944 5553 qua
2973 5467 3200 5553 Carolus
3218 5459 3571 5553 ιιιῑιιιςεηιξξ
3589 5454 3818 5553 ἓξζὲ-

2681 5561 2744 5599 ex
2777 5527 2996 5630 arc'bivo
3019 5535 3186 5630 sanqti
3217 5531 3488 5613 Michaelis
3501 5529 3564 5580 ad
3589 5527 3818 5591 llosall.

2471 5607 2654 5689 plurali
2682 5614 2840 5669 modo
2879 5612 2929 5666 in
2958 5618 3103 5666 testu
3130 5606 3382 5674 loquitur.
