4034 6182
230 369 317 424 9ὒ1

524 366 754 422 CUDEX
799 364 1328 422 DlPLOMATlClJS.
1369 398 1439 410 —
1480 364 1795 424 PRIVILEG

1917 391 1986 402 —
2015 361 2055 416 I.
2100 360 2345 418 PRlVlL.
2389 362 2522 418 I‘Ell
2562 363 2840 419 CALLUE
2881 363 3168 422 PARTES.

3365 363 3475 424 96!

223 493 293 535 tas
328 483 467 549 ips-rs
507 487 889 550 pra-ceptioues
927 485 1248 537 anteriurmn
1291 501 1495 551 regum,
1533 485 1614 537 vel
1646 485 1793 550 juxta
1822 485 1872 543 Α
1899 479 1980 532 sui
2014 488 2230 547 propter
2255 496 2448 535 nomen
2482 480 2686 534 Domini
2725 482 2809 535 vel
2839 482 3006 536 sancti
3054 479 3327 536 Michaelis
3377 485 3477 537 sub

219 576 346 642 quod
387 587 624 640 prteseus
672 584 851 625 nostra
899 582 1186 628 conterrere
1228 576 1432 628 videtur
1482 575 1794 636 auctoritas,

218 662 458 732 quicquid
492 661 607 729 ipse
635 672 854 716 sanctus
881 663 1029 716 locus
1059 665 1123 716 ad
1151 665 1238 716 die
1270 677 1528 733 prarsente
1557 666 1638 733 (ut
1664 664 1798 716 dixi-

219 759 347 823 mus)
381 754 576 807 habere
618 753 847 817 videtur,
888 770 1044 822 quam
1091 757 1229 823 quod
1283 757 1333 810 in
1382 758 1716 824 linalllltttltllll
1765 769 1795 807 a

221 846 320 898 Deo
354 845 659 897 timentibus
690 842 992 897 hominibus
1040 845 1120 898 vel
1151 861 1180 898 a
1225 847 1378 899 nobis
1410 846 1602 898 ibidu-m
1636 845 1791 897 fuerit

221 936 457 990 additum
504 935 586 988 vel
631 937 918 1002 conlatum,
963 951 1057 990 seu
1100 936 1520 1006 quibuscumque
1565 937 1706 1005 juste
1736 945 1791 990 et

217 1024 603 1078 rationabiliter
646 1039 766 1078 cum
817 1038 980 1080 omne
1025 1025 1330 1080 substaucia
1383 1041 1478 1080 sua
1534 1027 1599 1079 ad
1646 1027 1791 1093 ipsus

215 1119 536 1172 monasterio
557 1133 616 1171 se
633 1117 928 1183 tradiderit,
953 1127 1007 1172 et
1029 1135 1114 1174 res
1136 1135 1259 1174 suas
1285 1136 1376 1190 per
1399 1122 1625 1189 legitima
1651 1133 1792 1173 stru-

218 1217 394 1263 mcnta
420 1208 614 1261 ibidem
646 1209 970 1276 delegaverit
1002 1210 1082 1262 vel
1113 1211 1424 1275 tirmaverit,
1457 1213 1554 1264 sub
1583 1211 1786 1278 integra

215 1297 502 1353 emunitate
551 1298 616 1352 ad
649 1299 735 1353 die
768 1310 1030 1366 praesente
1077 1304 1254 1355 valeat
1284 1303 1530 1356 resedere
1571 1304 1788 1373 quietus

211 1400 370 1458 atque
417 1404 660 1452 securus,
709 1399 764 1444 ct
808 1392 900 1458 (ut
927 1390 1124 1444 dictum
1155 1394 1267 1462 est)
1315 1393 1560 1462 quicqui-l
1596 1395 1789 1448 exinde

213 1482 432 1536 forsitan
466 1483 626 1536 ﬁscus
655 1491 839 1535 noster
868 1497 1087 1550 sperare
1126 1492 1391 1552 potuerat,
1422 1483 1474 1539 in
1506 1483 1790 1537 luminari-

209 1570 302 1626 bus
347 1572 429 1624 vel
469 1571 522 1625 in
570 1570 848 1637 stipendiis
891 1587 986 1625 seu
1023 1582 1076 1626 et
1117 1574 1168 1627 iu
1208 1574 1471 1628 elimoniis
1499 1589 1786 1643 pauperum

209 1661 377 1728 ipsius
422 1661 732 1714 monasterii
779 1663 1084 1730 perenniter
1113 1679 1209 1730 pro
1239 1666 1436 1720 nostris
1458 1666 1689 1718 oraculis
1718 1665 1784 1720 ad

208 1752 472 1819 integrum
504 1751 557 1805 in
587 1751 767 1804 omnia
801 1761 856 1806 et
882 1768 944 1806 ex
976 1753 1223 1808 omnibus
1253 1755 1321 1809 sit
1362 1770 1674 1809 concessum
1705 1764 1788 1808 at-

1901 571 2105 637 integre
2133 571 2442 625 eutunitatis
2489 571 2703 626 nomine
2750 572 2894 639 ipsas
2938 587 3024 626 res
3073 572 3246 626 valeat
3294 573 3473 628 domi-

1899 678 2047 718 nare.
2081 663 2434 732 Precipientes
2463 681 2590 736 ergo
2613 665 2861 734 iubemus
2884 709 2900 734 ,
2954 676 3012 720 ut
3041 683 3216 737 neque
3237 683 3350 733 vos,
3383 684 3477 722 ne-

1896 770 1998 822 que
2021 756 2280 822 iuniores,
2312 769 2402 810 aut
2426 773 2764 813 surcessores
2792 759 2971 824 vestri,
3005 774 3103 814 nec
3125 759 3226 813 ulla
3256 761 3472 828 publica

1889 845 2170 915 judiciaria
2205 858 2441 914 potestas
2464 865 2797 918 quocumque
2827 858 3068 916 tempore
3096 851 3147 904 in
3171 849 3330 902 villas
3358 851 3473 901 ubi-

1892 950 2126 1004 cumque
2156 935 2207 989 in
2237 951 2402 1004 regno
2433 947 2640 1002 nostro,
2670 937 2769 1005 ipsi
2799 938 3028 992 ecclesie
3071 946 3162 992 aut
3191 937 3356 1007 regia,
3387 949 3478 989 aut

1895 1025 2226 1091 privatorum
2274 1025 2357 1079 vel
2416 1025 2676 1079 bonorum
2737 1027 3010 1080 hominum
3062 1027 3306 1095 largitate
3359 1027 3471 1080 col-

1896 1115 2050 1180 latas,
2080 1117 2163 1171 vel
2187 1132 2290 1184 que
2311 1117 2524 1172 inantea
2557 1133 2652 1186 per
2679 1116 2840 1171 Deum
2867 1119 3114 1172 timentes
3144 1117 3341 1172 l‘uerint
3362 1121 3474 1171 col-

1891 1205 2016 1270 late,
2038 1207 2102 1259 ad
2129 1207 2422 1260 audiendas
2443 1207 2825 1262 altercationes
2855 1206 3083 1276 ingredi,
3111 1216 3202 1261 aut
3229 1206 3375 1261 l'reda
3399 1207 3468 1262 de

1888 1295 2120 1362 qualibet
2142 1311 2299 1350 causa
2329 1299 2561 1365 exigere,
2609 1312 2707 1352 nec
2737 1297 2908 1351 mansi
2933 1313 3063 1363 rues,
3090 1307 3180 1352 aut
3207 1308 3419 1366 paratas
3447 1339 3464 1360 .

1888 1386 1970 1439 vel
2037 1385 2372 1452 ﬁdeiussores
2429 1388 2616 1442 tollere
2670 1389 3022 1457 presumatis;
3067 1389 3163 1442 sed
3212 1388 3467 1455 quidqud

1888 1475 2082 1530 exinde
2108 1476 2552 1543 deservientibus,
2584 1479 2673 1547 qui
2705 1489 2828 1532 sunt
2883 1479 3018 1532 intra
3069 1493 3226 1548 agros
3257 1479 3340 1532 vel
3388 1480 3469 1530 vi-

1892 1578 2044 1630 neas,
2072 1581 2165 1619 seu
2195 1579 2358 1632 super
2386 1576 2557 1621 terras
2582 1569 2822 1637 predicte
2849 1570 3078 1624 ecclesie
3105 1570 3164 1623 S.
3198 1568 3471 1624 Michaelis

1889 1667 2312 1722 comtnanentes,
2347 1660 2429 1714 vel
2464 1659 2552 1727 qui
2579 1661 2771 1714 alicubi
2793 1667 3168 1726 comtnaneut;
3199 1673 3250 1715 et
3276 1661 3470 1715 ibidem

1897 1746 2135 1814 legitimo
2163 1750 2353 1804 ordine
2381 1753 2621 1820 aspicere
2653 1752 2918 1818 videntur,
2951 1755 3111 1807 ﬁscus
3159 1762 3342 1808 noster
3384 1762 3477 1808 aut

207 1857 304 1913 que
332 1843 594 1894 indultum
632 1857 644 1894 :
681 1851 735 1894 ut
759 1842 837 1895 eis
863 1843 1054 1896 melius
1095 1843 1324 1897 delectet
1363 1859 1457 1912 pro
1496 1844 1787 1898 stabilitate
1823 1820 1868 1880 Β
1892 1835 1959 1889 de
1989 1835 2158 1902 Γτυάθο
2187 1849 2280 1892 mu
2325 1841 2679 1910 undicumqne
2708 1843 2902 1910 Ρηιεΐίι
2952 1857 3169 1907 silem“?
3197 1858 3260 1897 εἰ
3293 1855 3472 1898 "05"a

203 1933 354 2004 regni
390 1933 554 1987 nostri
594 1932 676 1986 vel
719 1947 814 2002 pro
844 1935 1061 2000 quietint
1107 1935 1434 2001 quibuslibet
1467 1936 1645 1990 Liudis
1689 1953 1785 1989 no-

204 2024 328 2078 stris
360 2020 568 2075 Domini
607 2022 1029 2076 misericordiam
1069 2025 1344 2078 adtencius
1386 2025 1695 2094 deprecare.
1729 2027 1792 2081 Et

203 2122 256 2165 ut
283 2113 403 2166 haec
432 2111 722 2165 auctoritas
753 2112 950 2166 nostris
983 2123 1037 2166 et
1069 2114 1260 2168 tuturis
1294 2117 1621 2183 temporibus
1647 2118 1790 2172 circa

204 2203 320 2269 ipso
368 2211 554 2255 sancto
595 2200 712 2254 loco
757 2203 1065 2268 perenniter
1103 2205 1252 2256 ﬁrma
1291 2213 1344 2257 et
1384 2206 1628 2259 inviolata
1675 2223 1792 2274 per-

209 2305 428 2352 maneat
479 2295 560 2348 vel
613 2309 706 2363 per
744 2308 982 2362 tempora
1031 2296 1214 2350 inlaesa
1265 2299 1595 2351 custoditur
1634 2310 1792 2366 atque

202 2394 575 2448 conservetur,
606 2397 654 2439 et
682 2385 748 2439 ab
794 2386 1041 2438 omnibus
1063 2384 1262 2454 judicis
1291 2387 1483 2439 melius
1511 2388 1788 2452 credatur;

204 2479 424 2548 propria
453 2491 611 2530 manu
643 2477 988 2530 aunotatione
1013 2477 1312 2530 studuimus
1342 2479 1679 2534 adumbrare.

278 2567 505 2637 Signum
534 2567 710 2621 Caroli
739 2567 1107 2636 gloriosis~imi
1141 2569 1301 2637 regis.

271 2661 576 2716 Ciltbertus
625 2659 690 2714 ad
741 2661 910 2714 vicem
960 2658 1194 2713 Radonis
1225 2661 1509 2729 recognovi
1552 2671 1604 2717 et
1659 2663 1789 2716 sul)-

197 2755 304 2810 acri
316 2754 423 2822 νεῖ.

271 2845 408 2898 Data
441 2842 491 2896 in
524 2856 709 2896 mense
734 2841 923 2898 Octob.
954 2857 1094 2895 armo
1127 2857 1180 2896 ιι
1213 2852 1268 2896 et
1297 2843 1483 2910 quinto
1512 2844 1663 2913 regni
1697 2858 1792 2897 no-

196 2936 324 2990 atri.

266 3030 468 3081 Actum
495 3021 771 3093 Goddinga
796 3022 918 3076 villa
952 3022 1002 3075 in
1033 3020 1123 3076 Dei
1150 3022 1366 3077 nomine
1393 3021 1642 3077 feliciter.

855 3110 1142 3166 XXXVIII.

1890 1928 2216 1997 indulgentia
2252 1948 2346 2001 pro
2377 1934 2548 1987 futura
2590 1936 2766 1990 salute
2821 1936 2872 1989 in
2915 1937 3262 1991 luminaribus
3310 1937 3476 2006 ip~ius

1891 2021 2118 2074 ecclesie
2150 2039 2242 2088 per
2265 2039 2477 2078 manum
2508 2026 2777 2094 agentium
2807 2041 2994 2080 eorum
3015 2028 3080 2079 ad
3113 2027 3280 2095 ipsam
3305 2031 3473 2100 eccle-

1891 2110 2022 2163 siam
2051 2112 2290 2179 proliciat
2320 2115 2370 2168 in
2429 2125 2771 2183 parp-tuum;
2819 2118 3040 2186 etquod
3098 2132 3194 2172 nos
3253 2130 3472 2189 propter

1893 2215 2088 2256 nomen
2116 2202 2323 2257 Domini
2352 2214 2408 2258 et
2438 2206 2615 2260 anime
2642 2208 2823 2261 nostre
2849 2208 3141 2262 remedium
3164 2246 3182 2272 ,
3235 2224 3331 2262 seu
3381 2224 3480 2264 nos

1892 2302 2057 2343 stram
2087 2292 2498 2360 subsequentem
2547 2297 2852 2365 progeniem
2884 2298 3036 2366 plena
3081 2298 3364 2354 devotione
3395 2301 3476 2355 iu-

1891 2379 2172 2446 dulsimus,
2198 2398 2296 2437 nec
2339 2385 2533 2454 regalis
2561 2389 2859 2440 sublimitas
2893 2425 2909 2452 ,
2966 2403 3065 2444 nec
3116 2383 3466 2458 quorumliM

1886 2470 2124 2538 judicum
2169 2489 2288 2529 sera
2317 2476 2580 2542 cupiditas
2635 2479 2908 2549 relragare
2935 2489 3176 2548 temptet.
3205 2484 3269 2535 Et
3297 2470 3464 2532 υιίιεο

1891 2563 2184 2615 auctoritas
2215 2566 2421 2616 llrtnior
2464 2565 2742 2628 trahentur,
2771 2571 2854 2620 vel
2881 2581 2913 2634 p
2936 2583 2975 2618 'r
3005 2578 3238 2636 tempora
3279 2561 3469 2613 Itlelim

1892 2663 2262 2717 conservetur,
2292 2667 2449 2705 manu
2492 2656 2705 2723 propria
2759 2657 2946 2710 subter
2993 2671 3110 2710 eam
3142 2650 3474 2707 decrevimus

1893 2741 2170 2806 roborare,
2199 2750 2254 2795 et
2281 2741 2347 2796 de
2372 2745 2532 2796 anulo
2578 2756 2762 2797 nostro
2782 2745 3039 2813 iussimus
3065 2740 3320 2809 stgillare.

1967 2832 2191 2900 Signum
2221 2831 2396 2885 Caroli
2425 2835 2793 2900 glorio~issimi
2820 2836 2976 2902 regis.

1969 2920 2390 2974 Ercbatubaldus
2421 2921 2487 2975 ad
2517 2923 2682 2976 vicem
2709 2921 2941 2976 Ratlonis
2971 2920 3252 2986 recognovi
3273 2927 3327 2971 et
3348 2917 3476 2970 sub-

1895 3008 2109 3077 scripsi.

1971 3099 2156 3152 Datum
2187 3099 2238 3152 in
2273 3113 2455 3152 mense
2481 3097 2754 3160 .laltllarltt,
2786 3112 2927 3148 anno
2954 3095 3162 3149 decimo
3191 3093 3340 3164 regni
3381 3109 3480 3148 no-

195 3209 225 3237 ⁴¹
263 3206 512 3277 Diploma
542 3203 716 3258 Caroli
751 3201 974 3277 Magni.
1016 3200 1408 3277 quo‘couﬁrmat
1450 3202 1582 3277 aqua
1604 3213 1652 3255 ει
1674 3219 1790 3269 ρης.
1817 3175 1868 3240 C
1897 3184 2014 3245 stri.
2048 3193 2234 3244 Actum
2269 3191 2296 3230 δ
2321 3191 2590 3244 Aristellio
2621 3230 2636 3254 ,
2690 3188 2886 3258 palatio
2914 3188 3144 3258 publico,
3178 3188 3230 3242 in
3260 3186 3353 3242 Dei
3377 3203 3476 3243 uo-

265 3270 524 3401 jesat'onea
563 3273 869 3414 )ntonuslerii
901 3270 1278 3342 llonaugiensis
1311 3273 1420 3342 (an.
1450 3272 1553 3326 778
1578 3316 1590 3340 ,
1627 3288 1793 3326 mense

309 3363 552 3400 anuarro.

309 3363 552 3400 anuarto.

324 3439 427 3493 (lix
454 3436 767 3494 Graadldier,
799 3431 929 3482 Hist.
950 3431 1012 3496 de
1032 3429 1230 3492 l‘Eglise
1251 3430 1314 3480 de
1335 3429 1672 3494 Strnsbourg.)

270 3520 502 3575 Carolus
555 3517 723 3587 gratia
760 3515 847 3567 Dei
907 3528 996 3568 rex
1031 3512 1354 3566 Fr'aucurutn
1405 3522 1458 3565 et
1491 3509 1795 3578 Langobar-

200 3613 427 3674 dorum,
458 3624 520 3663 ac
550 3607 804 3677 patricius
837 3605 1194 3657 Romanorum
1223 3641 1238 3666 ,
1295 3601 1539 3654 otiruibus
1586 3603 1796 3668 episco-

200 3704 311 3772 pis,
338 3697 645 3763 abbatibus,
681 3695 932 3759 ducibus,
977 3691 1260 3745 comitibus
1292 3732 1307 3756 ,
1358 3692 1686 3756 domesticis,
1719 3690 1796 3743 vi-

198 3793 394 3857 Cariis,
423 3789 763 3853 centenariis,
786 3787 867 3840 vel
892 3785 1138 3838 omnibus
1161 3784 1336 3837 missis
1358 3785 1555 3838 nostris
1583 3785 1794 3836 discur-

199 3884 454 3938 rentibus
497 3879 835 3950 presentibus
887 3876 1090 3929 scilicet
1146 3885 1196 3928 et
1245 3875 1460 3928 l’uturis.
1511 3874 1794 3927 Maximum

198 3973 361 4044 regni
389 3971 554 4026 nostri
585 3969 638 4022 in
669 3972 769 4022 hoc
791 3982 990 4036 augere
1015 3967 1289 4020 credimus
1319 3964 1730 4031 munimentum,
1750 3967 1794 4020 si

200 4063 469 4118 beneﬁcia
497 4069 795 4130 Opportuna
830 4059 960 4112 locis
1008 4057 1358 4111 ecclesiarum
1390 4057 1630 4112 benivola
1659 4059 1795 4112 deli-

203 4157 493 4212 beratione
518 4152 886 4215 concedimus,
915 4165 978 4204 ac
1002 4149 1226 4204 Domino
1257 4159 1564 4219 prOIegeute
1594 4151 1795 4204 stabili-

200 4260 290 4304 ter
318 4249 611 4318 perdurare
640 4245 975 4298 conlldimus.
1027 4243 1188 4314 Igitur
1211 4242 1420 4296 noverit
1451 4244 1668 4295 solertia
1705 4257 1792 4296 ve-

197 4352 342 4402 stra,
374 4338 494 4410 quia
527 4353 623 4393 nos
651 4337 718 4390 ad
780 4335 1090 4402 petitionem
1147 4331 1465 4386 venerabilis
1497 4332 1598 4385 viri
1653 4333 1797 4387 Beati

197 4430 422 4487 abbatis
449 4431 552 4484 tale
585 4446 678 4497 pro
707 4439 892 4482 eterna
945 4426 1296 4480 retributione
1334 4424 1648 4480 beneﬁcium
1699 4425 1798 4477 visi

1893 3281 2034 3334 mine
2065 3277 2174 3333 lelii
2195 3280 2316 3336 iter.
2352 3281 2540 3333 Amen.

2571 3365 2816 3421 XXXlX.

1894 3451 2220 3522 Prteceptum
2269 3451 2444 3504 Caroli
2489 3449 2669 3522 Magni
2698 3468 2792 3522 pro
2835 3450 3112 3522 Nimfridio
3159 3449 3341 3506 abbate
3369 3469 3478 3506 mo-

2249 3523 2458 3574 nasterii
2481 3521 2769 3573 Cruuensia
2799 3524 2948 3585 (anu.
2974 3519 3120 3589 W9).

2201 3610 2294 3674 (Ex
2325 3609 2382 3658 Ι).
2410 3611 2656 3672 Douquet,
2696 3609 2891 3659 Recueil
2910 3611 2996 3660 des
3022 3609 3170 3674 Hist.)

1965 3692 2189 3747 Carolus
2217 3693 2385 3762 gratia
2421 3692 2513 3745 Dei
2571 3709 2659 3744 rex
2718 3691 3041 3746 Francorum
3073 3703 3128 3746 et
3177 3694 3482 3763 Lougobar-

1896 3786 2109 3852 dorum,
2139 3802 2200 3839 ac
2230 3787 2482 3855 patricius
2522 3772 2941 3838 Βυιιιιιιιιιιιιιιι.’
2961 3787 3218 3842 Omnibus
3264 3791 3480 3857 episco-

1900 3882 1979 3947 pis
1998 3919 2014 3943 ,
2052 3879 2351 3944 abbatibus,
2378 3878 2623 3940 ducibus,
2653 3879 2963 3942 comitibus,
2996 3878 3206 3932 vic..riis
3233 3922 3248 3944 ,
3302 3891 3484 3934 cente-

1899 3969 2086 4031 nariis,
2116 3979 2168 4022 et
2198 3968 2468 4021 universis
2506 3967 2750 4020 lidelibus
2785 3976 2980 4020 sancta:
3013 3967 3106 4022 Dei
3133 3969 3378 4023 ecclesiae
3425 3979 3481 4024 et

1900 4061 2116 4124 nostris,
2153 4059 2500 4126 praesentibus
2531 4068 2586 4110 et
2615 4057 2803 4110 tuturis
2833 4097 2847 4121 ,
2906 4071 3087 4110 nozum
3132 4061 3202 4112 sit
3251 4061 3481 4125 qualiter

1897 4151 1977 4204 vir
2007 4149 2330 4203 venerabilis
2387 4147 2704 4201 Nimliidius
2748 4147 2910 4199 abbas
2959 4147 3232 4199 serenitati
3283 4159 3481 4202 nostra

1898 4239 2162 4308 SuggeSsit
2191 4253 2256 4291 eo
2283 4237 2420 4304 quod
2452 4238 2565 4305 ipse
2614 4250 2718 4288 una
2745 4249 2866 4288 cum
2897 4235 3171 4289 monachis
3203 4235 3314 4290 suis
3341 4237 3483 4292 intra

1899 4346 2138 4385 eretnnm
2169 4329 2221 4383 in
2251 4329 2516 4383 territorio
2541 4326 2874 4380 narbonense
2902 4341 3062 4391 super
3091 4325 3308 4380 lluvtum
3339 4327 3478 4383 Uro-

1902 4421 2137 4486 bionem,
2172 4419 2226 4475 iu
2268 4421 2386 4474 loco
2438 4428 2775 4486 amni-upaute
2803 4417 3069 4480 Novalias,
3102 4418 3482 4474 monasterium

199 4537 402 4576 sumus
430 4522 740 4584 indulsisse,
763 4529 819 4572 ut
842 4520 894 4572 in
926 4518 1074 4571 villas
1097 4517 1178 4571 vel
1214 4530 1301 4572 res
1350 4514 1580 4570 ecclesie
1628 4514 1797 4569 sancti
1829 4529 1880 4590 υ
1903 4514 1954 4566 in
1985 4514 2190 4567 honore
2236 4518 2435 4565 sancte
2467 4508 2560 4563 Dei
2587 4509 2860 4576 genitricis
2890 4525 3209 4578 semperque
3264 4511 3486 4580 virginis

201 4612 526 4670 Michahelis
554 4609 859 4678 archangeli
889 4610 958 4664 de
1005 4609 1330 4662 tnuuasterio
1357 4607 1497 4676 quod
1541 4615 1626 4660 est
1669 4621 1794 4660 con-

202 4718 478 4765 structum
511 4706 561 4759 in
593 4705 762 4758 insula
811 4702 982 4756 Rheni
1013 4717 1114 4770 que
1156 4710 1376 4755 vocatur
1425 4698 1764 4768 Hohenangia
1787 4742 1800 4765 ,

205 4813 353 4869 quas
380 4797 611 4864 presenti
647 4804 887 4862 tempore
913 4835 927 4857 ,
984 4803 1072 4844 aut
1105 4800 1287 4844 “05th
1308 4831 1323 4856 ,
1383 4801 1473 4843 aut
1525 4789 1806 4857 cujuslibet

207 4905 448 4945 munere
488 4889 687 4942 habere
716 4888 942 4950 videtur,
975 4886 1053 4938 vel
1104 4896 1234 4949 quas
1286 4882 1536 4951 deinceps
1589 4883 1638 4934 in
1686 4880 1807 4949 jure

203 4983 393 5052 ipsius
421 4980 588 5033 sancti
623 4980 720 5032 loci
773 4977 996 5032 voluerit
1049 4975 1228 5028 divina
1280 4974 1448 5041 pietas
1502 4972 1801 5041 ampliare.

204 5075 405 5130 nullus
460 5073 614 5142 iudex
675 5071 912 5139 publicus
963 5068 1027 5120 ad
1081 5079 1269 5121 causas
1315 5065 1672 5126 audiendum,
1725 5064 1807 5118 vel

206 5165 376 5220 l’reda
408 5165 637 5231 undique
667 5161 985 5229 exigendum
1018 5171 1231 5226 qu0que
1282 5165 1520 5222 tempore
1549 5171 1652 5207 non
1683 5169 1805 5221 pre-

203 5241 397 5310 sutnat
424 5253 624 5324 ingredi
658 5269 670 5304 :
703 5252 794 5304 sed
821 5249 1088 5318 predictus
1120 5249 1334 5312 Beatus,
1362 5247 1441 5299 vel
1462 5257 1807 5298 succes~orcs

293 5401 325 5428 ⁸
357 5393 605 5446 Chartam
640 5391 776 5444 hanc
797 5393 900 5453 iatn
933 5387 1216 5441 ediderunt
1243 5383 1513 5442 Mabillou.
1540 5385 1805 5453 in_Atina-

206 5462 372 5518 libus
399 5465 512 5515 ord.
545 5465 710 5514 sancti
737 5451 1003 5513 Benedicti
1029 5497 1044 5519 .
1099 5465 1230 5510 tom.
1282 5455 1342 5512 ll.
1371 5469 1487 5522 pag.
1513 5451 1617 5507 699
1643 5493 1656 5516 ,
1711 5451 1806 5505 Ee-

207 5537 381 5592 card.
405 5530 605 5599 Origiu.
633 5528 1234 5599 llabsburg._Ausrriac.
1268 5539 1392 5599 pag.
1414 5524 1537 5588 ωδ,
1567 5524 1806 5599 lituique-

208 5615 334 5664 lus,
363 5591 413 5654 itt
444 5591 759 5669 scriptorih.
798 5591 904 5652 rer:
935 5597 1148 5661 Fratre,
1187 5591 1314 5669 tum.
1356 5592 1417 5655 V,
1451 5607 1569 5669 ιιειςξ.
1596 5591 1730 5669 πει..
1754 5601 1807 5645 et

206 5661 608 5737 Sclimpllinus,
642 5671 808 5723 Alsat.
837 5669 1054 5736 diplotn.
1103 5679 1232 5719 tum.
1267 5665 1305 5730 I,
1339 5676 1456 5731 pag.
1492 5661 1580 5726 50,
1605 5664 1696 5715 scd
1722 5665 1806 5714 iu-

205 5753 490 5796 CUt'rt‘Cle.

294 5808 330 5848 δ
370 5809 528 5866 Hodie
558 5809 764 5866 llerstal
822 5807 886 5861 ad
929 5806 1124 5862 Mosam
1177 5818 1339 5874 prupe
1387 5802 1640 5857 Lcodium
1668 5840 1682 5865 ,
1740 5801 1806 5854 de

1905 4604 2084 4659 Mariae
2115 4618 2256 4658 novo
2293 4618 2456 4672 opere
2483 4603 2902 4667 construxisset,
2937 4602 3113 4672 ibique
3148 4603 3361 4668 domos,
3389 4621 3487 4659 ec-

1903 4695 2094 4750 clesias
2123 4704 2178 4748 et
2205 4695 2332 4748 alias
2383 4691 2736 4747 habitationes
2784 4694 3138 4760 aediﬁcasset,
3195 4705 3249 4749 et
3296 4696 3484 4751 vineas

1906 4792 2218 4862 plantasset,
2248 4800 2302 4844 et
2330 4805 2550 4857 campos
2577 4789 2642 4842 ad
2675 4789 3048 4853 laborandum,
3085 4801 3106 4828 ε
3165 4801 3217 4843 et
3243 4802 3390 4859 prata
3418 4792 3486 4844 de

1905 4899 2070 4938 censu
2101 4893 2402 4937 nostrorum
2454 4883 2708 4946 ﬁdelium,
2731 4891 2837 4935 etc.
2873 4920 2888 4934 .
2925 4920 2940 4934 .
2975 4919 2987 4932 .
3023 4921 3036 4936 .
3073 4882 3344 4935 hominum
3392 4897 3486 4937 ac-

1906 4975 2158 5043 cepisset.
2183 4974 2335 5040 Quod
2373 4989 2540 5041 usqne
2569 4987 2730 5033 nunc,
2762 4974 2894 5024 sicut
2929 4971 3142 5034 asserit,
3169 4987 3290 5024 cum
3315 4973 3485 5039 acqui-

1909 5063 2029 5117 tatis
2058 5063 2245 5116 ordine
2271 5062 2473 5127 absque
2528 5060 2690 5112 ullius
2717 5059 3096 5111 contrarietate
3120 5071 3177 5110 se
3208 5059 3402 5112 habere
3431 5069 3486 5114 et

1911 5153 2180 5222 possidere
2237 5152 2530 5220 proﬁtetur.
2579 5151 2804 5218 Ideoque
2855 5149 3003 5216 petiit
3056 5149 3488 5204 celsitudtnino-

1908 5259 2034 5299 stne
2060 5254 2117 5298 ut
2144 5259 2242 5298 nos
2270 5243 2317 5297 ei
2358 5251 2410 5296 et
2434 5239 2708 5295 monachis
2735 5238 2844 5292 suis
2895 5240 3254 5308 supradictum
3288 5240 3482 5303 lucum,

1908 5395 2016 5444 quo
2045 5379 2205 5432 ﬂtttlla
2251 5373 2584 5444 protulerunt
2616 5369 3075 5444 Ceru_tatms_apuil
3109 5369 3445 5444 blablllonem
3463 5413 3480 5435 ,

1911 5439 1978 5504 de
2002 5449 2079 5502 Rc
2105 5439 2467 5516 diplomatica,
2499 5442 2700 5516 lib.‘t_v,
2731 5453 2848 5510 pag.
2873 5439 2979 5494 “280'
2996 5479 3013 5506 ,
3060 5449 3114 5495 et
3143 5440 3387 5506 Paullini,
3415 5441 3484 5495 de

1908 5519 2063 5586 Pagis
2092 5509 2556 5586 Ge'rtuaniau,‘pag.
2589 5509 2678 5564 84.

1984 5576 2012 5628 ἶ
2040 5584 2368 5642 M..b:llanius
2399 5576 2649 5637 libfxxrv
2683 5579 2873 5634 Annal.
2927 5577 3148 5643 Benetl.,
3179 5595 3234 5632 ιι.
3267 5576 3360 5642 86,
3394 5578 3476 5634 le-

1908 5660 2018 5728 git,
2074 5668 2158 5724 atq
2184 5673 2228 5708 te
2287 5663 2432 5721 prata
2464 5668 2492 5706 a
2547 5651 2814 5706 ιιδο.ι1ιι›υε
2860 5661 2913 5705 et
2964 5651 3193 5704 dominis
3242 5649 3478 5704 locorum

1911 5730 2226 5796 accepisset.
