4034 6182
520 380 624 435 95

1422 363 1479 416 Β.
1521 359 1766 415 CAllOLl
1809 356 2016 410 λιλακι
2056 355 2205 408 UPP.
2249 354 2421 407 ΡΜὶὸ
2463 354 2505 406 1.
2548 348 2786 406 SECTID
2825 345 2887 399 ll.

3670 339 3784 392 {lC-5

520 505 639 545 cum
668 489 814 545 omni
837 484 1129 554 adiacentia
1176 494 1270 533 seu
1302 474 1620 544 pertinentia
1652 513 1666 535 ,
1725 472 2096 534 undecumque
2125 471 2171 528 Α
2201 465 2559 529 decernimus,
2585 461 2726 530 quod
2758 455 3134 528 perpetualiter
3181 469 3489 508 mansurum
3530 468 3652 508 esse
3690 455 3784 521 ju-

523 583 636 648 ipse
665 589 719 633 et
745 574 988 630 monachi
1015 574 1091 625 sui
1119 569 1183 622 ad
1208 581 1444 635 praeeris
1459 562 1602 631 iuste
1629 573 1680 614 et
1712 557 2094 612 rationabiliter

522 646 696 722 vestiti
729 680 848 720 esse
876 670 1188 723 noscuntur,
1218 657 1466 722 deinceps
1494 651 1816 718 indulgentia
1837 657 2018 700 nostra
2042 646 2093 698 in

523 761 860 823 eleemosyna
885 761 1060 805 nostra
1091 747 1386 801 concedere
1423 753 1477 798 et
1517 740 1834 796 conﬁrmare
1865 739 2096 789 debere-

525 858 658 896 mus.
690 843 852 909 Cujus
877 842 1186 908 petitionem
1235 836 1495 900 denegare
1543 829 1840 890 noluimus;
1879 825 1969 879 sed
2001 839 2097 889 pro

524 933 783 987 nu-rcedis
848 943 1042 985 nnatrie
1096 937 1379 996 augmento
1429 924 1501 976 ita
1543 919 1914 978 concessisse,
1963 927 2017 967 et
2044 915 2098 966 in

524 1024 768 1078 erunibus
787 1024 1131 1077 conﬁrmasse
1187 1015 1510 1084 cognoscite.
1572 1010 1944 1074 Prtecipientes
1973 1021 2100 1069 ergo

525 1118 788 1184 iubemus,
813 1126 867 1168 ut
889 1129 1061 1181 neque
1083 1126 1196 1173 vos,
1229 1119 1399 1173 itaque
1428 1105 1664 1173 iuniores
1693 1116 1786 1154 seu
1817 1113 2098 1151 successo-

526 1221 717 1273 resque
765 1205 925 1257 vestri
985 1211 1280 1254 memorato
1324 1197 1438 1250 viro
1482 1191 1770 1247 venerabili
1823 1187 2103 1241 Niml'ritl-iu

527 1297 702 1352 abbati
735 1307 824 1347 aut
863 1292 1263 1346 successoribus
1312 1288 1424 1340 suis
1465 1286 1532 1339 de
1580 1281 1897 1349 supradictis
1929 1279 2057 1332 locis
2083 1316 2104 1342 ,

529 1389 667 1438 unde
693 1387 754 1435 ad
791 1396 1028 1449 praesens
1055 1381 1167 1447 ipse
1197 1389 1249 1430 et
1303 1374 1545 1428 monachi
1579 1373 1658 1424 sui
1690 1387 1810 1424 cum
1841 1370 2106 1436 azquttatis

529 1475 723 1528 ordine
752 1488 813 1524 ac
837 1471 980 1540 juste
1025 1484 1085 1521 ac
1117 1464 1498 1521 rationabiliter
1528 1461 1696 1515 vestiti
1721 1476 1840 1513 esse
1870 1473 2105 1511 noscun-

533 1578 639 1628 tur,
685 1565 1028 1630 inquietatem
1063 1557 1267 1629 [Ισόγιε.
1323 1549 1637 1622 inquietare]
1667 1561 1756 1603 aut
1783 1549 2106 1602 calumniam

529 1667 804 1723 generare,
835 1667 932 1704 nec
963 1649 1157 1717 aliquid
1179 1647 1371 1703 exinde
1396 1643 1528 1715 [per
1558 1641 1864 1710 injustittant
1896 1637 1958 1708 ⁸]
1981 1639 2106 1688 abs-

534 1743 745 1796 trahere
794 1751 880 1794 aut
911 1741 1150 1792 minuere
1179 1750 1393 1804 quoquo
1447 1742 1687 1798 tempore
1745 1737 2101 1795 praesumatis.

2199 554 2408 616 bemus,
2435 562 2490 606 ut
2521 567 2611 620 per
2639 550 2774 604 ullos
2806 556 3006 616 portus,
3042 560 3216 613 neque
3258 561 3350 612 per
3385 546 3627 598 civitates
3667 555 3786 598 tam

2199 643 2248 694 in
2280 643 2521 695 llodomo
2547 654 2705 707 quant
2751 649 2806 692 et
2837 638 2886 690 in
2924 635 3124 696 Wicus,
3159 650 3329 701 neque
3369 638 3422 686 in
3473 634 3786 697 Ambianis,

2201 747 2370 798 neque
2403 732 2452 784 in
2477 729 2742 796 Trejccto,
2773 740 2947 794 neque
2997 725 3048 776 in
3095 723 3410 785 Dnrstadte,
3466 738 3634 791 neque
3683 738 3792 791 per

2201 836 2386 874 omnes
2415 831 2621 886 portus,
2645 832 2708 872 ac
2729 827 2966 870 sanctam
2992 814 3334 874 Mammium,
3369 827 3539 881 neque
3560 813 3791 874 alicubi.

2202 928 2372 980 neipre
2415 913 2464 963 in
2498 909 2762 963 l’arisiaco
2783 950 2797 970 ,
2857 922 3027 975 neque
3059 907 3110 958 in
3144 905 3418 959 Ambianis
3443 941 3459 966 .
3510 920 3682 973 neque
3733 906 3796 959 in

2204 1002 2531 1073 Burgundio,
2572 1001 2624 1053 in
2671 1013 2805 1067 pago
2841 996 3141 1064 'l‘rigasino,
3172 1011 3344 1064 neque
3370 996 3423 1048 in
3475 996 3750 1050 Senonico
3772 1031 3794 1058 ς

2205 1109 2295 1161 per
2341 1107 2527 1146 onmes
2569 1091 2812 1143 civitates
2856 1087 3118 1149 similiter,
3153 1087 3469 1150 ubicumque
3515 1086 3566 1137 in
3597 1100 3798 1153 regna,

2205 1182 2432 1250 propitio
2461 1181 2706 1242 Christo,
2753 1186 2968 1242 nostra,
3027 1187 3119 1228 aut
3173 1176 3317 1242 pagis
3356 1175 3438 1228 vel
3496 1174 3801 1228 territorii!»

2204 1270 2503 1323 'l'helonens
2531 1268 2794 1335 exigatur,
2821 1282 2919 1320 nec
2957 1266 3023 1320 de
3064 1265 3278 1328 navale,
3301 1278 3398 1318 nec
3425 1266 3490 1316 de
3540 1265 3750 1316 carrale
3775 1302 3800 1326 ,

2206 1374 2378 1426 neque
2402 1358 2468 1412 de
2497 1369 2726 1419 sauntas,
2763 1370 2932 1423 neque
2954 1355 3020 1408 de
3067 1363 3212 1406 trava
3240 1353 3542 1413 evectione.
3570 1367 3667 1406 nec
3699 1367 3800 1405 ro-

2208 1449 2387 1513 tatico,
2421 1462 2520 1500 nec
2569 1446 2860 1514 pontatico,
2896 1458 2992 1497 nec
3027 1444 3353 1509 pulveratico
3379 1483 3393 1505 ,
3439 1457 3537 1495 nec
3589 1441 3802 1495 saluta-

2210 1540 2337 1604 tico,
2373 1552 2469 1591 nec
2499 1533 2828 1603 cespitatico,
2865 1548 2962 1587 nec
3001 1534 3106 1586 ulla
3136 1532 3450 1586 redibitinne
3474 1569 3492 1596 ,
3547 1531 3687 1600 quod
3726 1531 3804 1584 li-

2208 1644 2330 1683 scns
2361 1637 2540 1682 noster
2562 1624 2758 1680 exinde
2791 1633 2995 1689 poterat
3027 1637 3265 1688 Sperate,
3299 1636 3394 1675 nec
3428 1636 3536 1684 vus,
3565 1636 3664 1675 nec
3705 1621 3808 1690 juc

2212 1721 2392 1784 niores
2438 1728 2886 1783 successoresque
2917 1713 3077 1767 vestri
3109 1707 3313 1767 eisdem
3343 1730 3445 1766 nun
3506 1714 3806 1782 requiratis

533 1834 636 1887 Sed
657 1848 748 1899 per
771 1833 1154 1884 liaucnostram
1179 1825 1553 1878 authuritatcm
1575 1833 1628 1876 et
1647 1818 1946 1876 continuati
1972 1831 2107 1870 nem
2141 1806 2181 1863 Β
2214 1826 2311 1864 nec
2333 1810 2618 1872 coactetis;
2645 1806 2739 1862 sed
2763 1807 2936 1860 omnia
2961 1805 3015 1860 in
3044 1804 3292 1859 omnibus
3343 1814 3558 1874 propter
3591 1820 3807 1859 nomen

535 1925 765 1977 habeant
787 1921 838 1974 in
877 1919 1196 1974 eleemosina
1229 1925 1408 1968 nostra
1433 1914 1682 1978 omnique
1709 1921 1948 1977 tempore
1970 1924 2108 1961 cuna

533 2030 746 2069 cessum
771 2028 786 2075 ;
821 2013 890 2064 ita
919 2021 974 2065 ut
1005 2009 1195 2062 melius
1217 2009 1296 2060 eis
1320 2006 1554 2059 delectet
1581 2018 1676 2070 pro
1714 2001 1864 2056 nobis
1886 2011 1938 2052 et
1989 1999 2112 2053 lilais

536 2116 592 2160 et
621 2104 828 2158 liltabus
857 2101 1098 2161 nostris,
1155 2113 1250 2152 seu
1295 2105 1481 2149 cuncta
1534 2091 1730 2146 lanulia
1773 2091 1965 2144 domus
2019 2106 2114 2142 no-

534 2208 683 2251 strae.
718 2235 732 2247 .
768 2235 782 2248 .
817 2233 832 2246 .
866 2229 878 2244 .
915 2190 1120 2246 Doruiui
1171 2185 1590 2242 misericordiam
1619 2181 1888 2237 adtentius
1914 2181 2112 2248 depre-

543 2301 685 2340 care.
733 2285 798 2339 Et
826 2283 927 2337 huc
959 2282 1069 2335 hinc
1094 2281 1382 2336 auctoritas
1409 2276 1605 2332 lirtnior
1633 2275 1908 2337 habeatur,
1925 2281 1975 2326 et
1997 2271 2116 2344 [per

553 2374 798 2445 impera]
825 2375 1016 2429 melius
1042 2380 1421 2436 conservetur,
1470 2381 1662 2421 manus
1687 2375 1884 2420 nostrae
1934 2366 2116 2432 signa-

549 2460 878 2522 Wllksubter
899 2482 1016 2522 eam
1049 2465 1304 2519 roborare
1345 2462 1698 2523 dect‘evintuS,
1723 2468 1778 2514 et
1807 2459 1872 2512 tle
1922 2455 2118 2512 annulo

553 2561 736 2603 ιιυ-ιτο
759 2556 988 2624 sigillam
1009 2555 1264 2622 jussimus
1297 2553 1344 2601 ι’.

1283 2659 1392 2713 XL.

557 2769 875 2838 Prwceptnnt
904 2769 1067 2828 Caroli
1115 2773 1289 2841 Magni
1322 2789 1412 2834 pro
1442 2771 1748 2822 momisicrio
1783 2763 1845 2822 S.
1877 2765 2119 2821 Germani

1039 2859 1070 2891 α
1103 2842 1272 2895 Pralis
1304 2845 1446 2911 (ann.
1473 2842 1621 2906 7711).

1025 2943 1118 3005 (le
1149 2947 1204 2995 D.
1233 2951 1473 3010 Buuqnet',
1503 2949 1642 3008 ibid.)

625 3051 844 3104 Carolus
876 3051 1036 3118 gratia
1073 3049 1160 3103 Dei
1195 3066 1282 3102 rex
1307 3052 1626 3105 Francorum
1660 3062 1709 3101 et
1745 3050 1796 3102 Lt
1821 3047 2118 3118 ngobardo-

550 3160 688 3204 rum,
720 3151 877 3210 atque
901 3142 1147 3205 patricius
1172 3137 1547 3204 llornanorum,
1571 3142 1814 3194 oninihns
1832 3139 2094 3208 episcopis

552 3229 854 3290 abbatibus,
879 3231 1179 3292 comitibus.
1209 3247 1300 3286 seu
1326 3233 1621 3299 junioribus
1653 3235 1864 3285 nostris.
1889 3230 1944 3285 Si
1966 3247 2119 3298 opor-

555 3334 679 3373 tuna
697 3320 949 3374 beneﬁcia
978 3322 1041 3373 ad
1065 3321 1182 3374 loca
1211 3333 1512 3376 sanctarum
1535 3323 1902 3388 ecclesiarum,
1923 3321 2005 3374 vel
2033 3337 2123 3374 sa-

551 3412 853 3466 cerdotibus
879 3422 1128 3480 prmstare
1170 3429 1272 3465 non
1303 3413 1596 3467 desinimus
1619 3455 1633 3477 ,
1664 3415 1762 3467 hoc
1815 3429 1909 3466 nos
1945 3412 2122 3480 procul

549 3502 711 3555 dubio
740 3503 803 3555 ad
824 3514 1074 3556 :eternam
1123 3503 1502 3556 beatitudinem
1560 3503 1859 3557 retribuere
1905 3499 2125 3556 conlidi-

555 3604 692 3642 tuus.
722 3589 883 3656 igitur
908 3599 1194 3656 cognoscat
1248 3588 1556 3657 magnitudo
1603 3605 1695 3642 seu
1729 3591 1922 3643 utilitas
1953 3600 2123 3642 vestra

552 3677 775 3744 qualiter
805 3676 1125 3731 venerabilis
1155 3678 1235 3730 vir
1285 3677 1578 3731 llrobertus
1609 3677 1777 3733 abbas
1803 3680 1870 3732 de
1901 3679 2120 3731 basitica

556 3771 722 3824 sancti
758 3769 1020 3822 Vincentii
1047 3769 1127 3822 vel
1164 3768 1346 3822 domui
1377 3767 1666 3830 Germani,
1724 3771 1809 3822 ubi
1861 3768 1976 3836 ipse
2008 3785 2125 3834 prc-

557 3863 724 3914 tiosus
751 3875 976 3929 corpore
1032 3857 1350 3928 requiescit,
1405 3859 1698 3920 clementia:
1768 3859 1912 3926 regni
1962 3858 2125 3911 nostri

555 3950 840 4020 suggessit,
872 3961 923 4002 ct
954 3950 1362 4018 praeceptionem
1393 3949 1571 4001 domui
1602 3961 1654 4002 et
1672 3949 1928 4017 genitoris
1959 3948 2124 4001 nostri

557 4048 711 4096 home
733 4040 1004 4096 memoria:
1033 4037 1239 4108 l’ippiui
1268 4039 1532 4108 quondam
1560 4039 1702 4107 regis
1719 4039 1872 4093 nobis
1891 4037 2127 4091 Ostendit

555 4133 916 4202 relegendant,
947 4131 1040 4185 ubi
1067 4132 1396 4198 repperimus
1428 4131 1558 4183 inser
1572 4137 1680 4182 tum
1712 4130 1940 4197 qualiter
1973 4143 2124 4194 prop-

559 4233 639 4278 ter
669 4238 860 4276 nomen
897 4221 1100 4276 Domini
1133 4229 1186 4274 et
1206 4219 1322 4286 ejus
1352 4218 1538 4271 merita
1572 4217 2012 4286 componentibus
2035 4216 2128 4269 be-

555 4315 807 4369 nelicium
851 4315 1154 4381 praestitisse
1181 4311 1522 4380 Cognoscitur
1547 4351 1564 4376 ,
1610 4320 1664 4364 ut
1711 4310 1864 4362 anuis
1905 4307 2129 4377 singulis

561 4404 877 4469 ubicumque
901 4403 951 4455 in
983 4418 1146 4468 tcgnn
1173 4411 1354 4454 nostro
1378 4400 1716 4467 negocianles
1763 4398 1932 4466 ipsius
1960 4394 2126 4451 sancti

2213 1897 2418 1955 Domini
2447 1901 2559 1966 ipse
2588 1897 2773 1963 abbas,
2805 1897 2886 1951 vel
2945 1910 3284 1950 successores
3313 1895 3416 1959 sui,
3441 1908 3534 1949 aut
3585 1910 3801 1949 meum.

2215 2004 2327 2045 rata
2359 1988 2583 2044 ecclesia
2615 1987 2786 2042 sancti
2812 1984 3072 2040 \'incentii
3104 1987 3185 2038 Vel
3209 1985 3390 2040 dom-ni
3418 1983 3673 2040 Germani
3705 1985 3806 2036 ha-

2215 2083 2372 2135 beant
2401 2079 2684 2142 indultum,
2718 2088 2774 2130 ut
2801 2077 2882 2131 vel
2905 2077 2968 2130 ad
2990 2076 3269 2130 luminaria
3301 2078 3469 2145 ipsius
3495 2078 3669 2130 sancti
3691 2078 3802 2130 loci

2218 2171 2458 2238 proﬁciat
2486 2171 2536 2224 in
2561 2168 2878 2237 augmentis.
2931 2167 3280 2236 Adjnngimus
3306 2169 3464 2221 etiam
3488 2168 3808 2220 thelonenur

2218 2263 2366 2317 illum
2417 2273 2573 2329 quem
2607 2256 2873 2312 Gerardus
2924 2258 3092 2311 contis
3138 2256 3206 2312 tle
3256 2255 3404 2310 Villa:
3438 2257 3600 2310 Nora:
3647 2265 3806 2310 curle

2217 2350 2388 2406 sancti
2419 2349 2672 2405 Germani
2705 2350 2854 2402 visus
2881 2346 2977 2402 fuit
3003 2349 3286 2416 recepisse,
3310 2357 3369 2400 ut
3395 2346 3652 2414 deinceps
3673 2361 3805 2415 pars

2218 2443 2385 2497 sancti
2415 2439 2663 2496 Germani
2698 2439 2812 2507 ipso
2866 2439 3109 2495 thelooeo
3135 2455 3255 2493 cum
3300 2440 3443 2493 omni
3498 2441 3808 2508 integritate

2224 2539 2274 2590 in
2322 2546 2500 2590 nostra
2557 2535 2846 2588 elemosina
2903 2532 2969 2586 ad
3017 2534 3295 2586 luminaria
3344 2533 3513 2599 ipsius
3559 2531 3808 2585 ecclesia:

2222 2631 2464 2696 recipere
2494 2628 2724 2680 debeant
2756 2627 2956 2692 absque
2983 2624 3206 2691 alicuius
3234 2624 3640 2685 contrarietate,
3665 2635 3804 2689 qua-

2221 2733 2451 2786 cumque
2481 2718 2796 2771 auctoritate
2841 2715 3110 2782 perpetuis
3160 2714 3488 2782 temporibus
3540 2714 3812 2776 valitura.

2227 2826 2389 2864 manu
2421 2820 2596 2861 nostra
2627 2807 2835 2876 propria
2873 2805 3207 2858 dtcrcvimus
3227 2807 3505 2859 roborare.

2298 2901 2514 2970 Signum
2545 2901 2716 2953 Caroli
2748 2898 3119 2968 gloriosissimi
3145 2899 3301 2964 regis.

2293 2998 2515 3063 Optatos
2538 2996 2603 3046 ad
2633 2994 2802 3046 vicem
2837 2990 3069 3044 Rationis
3101 2990 3407 3058 recognovi.

2296 3087 2422 3142 Data
2450 3103 2498 3139 Vl
2530 3084 2642 3140 Cal.
2678 3084 2896 3154 Aprilis,
2930 3098 3070 3136 anno
3101 3098 3152 3135 ιι
3184 3092 3238 3136 et
3267 3098 3296 3134 v
3329 3083 3477 3150 regni
3512 3081 3706 3162 nostri.

2101 3181 2114 3205 ’
2151 3159 2197 3222 ε
2298 3181 2484 3234 Actum
2514 3176 2820 3232 Haristallio
2853 3174 3046 3243 palatio
3071 3174 3301 3240 publico.

2945 3281 3074 3338 XLI.

2230 3406 2470 3476 Diploma
2513 3402 2680 3457 Caroli
2731 3399 2912 3468 Magni
2949 3414 3048 3476 pro
3083 3396 3406 3476 Cabil_n_rt_e_nsi
3462 3394 3527 3450 S.
3570 3393 3808 3448 Marcelli

2680 3465 2990 3523 nioitosterie
3021 3469 3179 3535 (anno
3209 3465 3359 3533 779).

2717 3581 2812 3641 (Ex
2838 3580 2896 3630 D.
2922 3579 3163 3639 Bouquet,
3187 3576 3326 3636 ibid.)

2296 3689 2523 3742 Carolus
2574 3685 2665 3738 Dei
2715 3683 2882 3754 gratia
2933 3696 3023 3735 rex
3059 3681 3382 3734 Francorum
3411 3689 3467 3731 et
3496 3676 3809 3745 Longobar-

2231 3783 2440 3842 mirum,
2477 3793 2540 3830 ac
2571 3777 2820 3844 patriciis
2852 3775 3226 3836 Romanorum,
3260 3771 3509 3824 omnibus
3558 3769 3808 3838 gentibus

2231 3869 2446 3939 lr‘orte,
2498 3864 2793 3936 agentibus]
2847 3864 3043 3918 nostris
3086 3874 3192 3915 tam
3245 3855 3594 3929 prseseuiibus
3646 3874 3806 3928 quasi

2233 3961 2442 4015 futuris.
2491 3960 2720 4013 iuvante
2763 3955 3008 4017 Domino,
3055 3953 3146 4021 qui
3195 3967 3292 4006 nos
3329 3953 3386 4004 in
3420 3952 3610 4004 solium
3659 3949 3808 4017 regni

2228 4051 2522 4112 constituit,
2555 4047 2842 4115 principale
2869 4043 3082 4112 quidem
3129 4041 3426 4095 clementia
3465 4049 3663 4092 nostra:
3699 4052 3806 4102 est,

2229 4149 2544 4195 Cunctorum
2598 4133 3008 4189 accommodare
3057 4145 3236 4185 aurem
3286 4130 3564 4198 benignam
3611 4128 3806 4180 utilita-

2234 4229 2395 4289 tibus,
2461 4227 2726 4294 pra-cipue
2778 4237 2897 4291 quae
2937 4237 3030 4288 pro
3083 4218 3396 4283 conitendio
3444 4218 3744 4269 animarum
3778 4231 3808 4266 a

2234 4315 2729 4386 praedecessoribus
2767 4311 2964 4366 "Gallis
2995 4311 3207 4377 regibus
3232 4311 3299 4361 ad
3328 4309 3441 4361 loca
3464 4308 3804 4360 ecclesiarum

2237 4409 2525 4475 probatth
2551 4419 2678 4459 esse
2706 4403 2930 4462 indulta.
2970 4401 3159 4455 devota
3204 4409 3380 4454 mente
3409 4399 3666 4453 debemus
3690 4413 3806 4466 per-

563 4495 663 4547 loci
699 4510 917 4560 pergere
951 4494 1170 4556 vellent,
1199 4494 1336 4544 sicut
1375 4492 1487 4559 ipse
1517 4489 1808 4543 lirobertus
1828 4489 1988 4542 abbas
2018 4502 2129 4541 nte-
2160 4500 2209 4559 ι)
2243 4497 2504 4565 pendere,
2532 4505 2587 4548 et
2609 4507 2846 4561 congrua
2867 4491 3142 4555 beneﬁcia,
3167 4498 3224 4544 ut
3247 4504 3545 4544 mereamur
3573 4490 3642 4543 ad
3667 4504 3808 4542 mu.

565 4600 716 4638 reare
737 4586 962 4648 videtur,
989 4594 1092 4635 tam
1123 4585 1187 4636 ad
1218 4584 1496 4636 luminaria
1524 4586 1899 4651 comparanda,
1934 4581 2022 4636 vel.
2038 4595 2132 4648 pro

563 4673 764 4739 reliqua
828 4674 1144 4725 necessitate
1194 4674 1555 4726 discurrentes
1611 4681 1717 4724 tam
1769 4673 1904 4724 ultra
1947 4671 2133 4738 Ligere

566 4775 864 4832 qnamcatra
891 4762 1096 4829 Ligcl‘e,
1119 4762 1202 4814 vel
1226 4763 1274 4814 in
1297 4763 1776 4831 llurgundia,etiam
1795 4763 1846 4814 in
1863 4762 2134 4815 Provineia

565 4853 648 4905 vol
675 4855 724 4905 in
760 4852 1003 4915 Francia,
1034 4868 1189 4920 quam
1237 4861 1289 4904 ct
1321 4854 1371 4904 in
1399 4852 1611 4905 Austria
1637 4894 1651 4911 ,
1707 4852 2023 4918 ubicumque
2081 4851 2130 4903 in

566 4955 750 5010 regna,
778 4941 988 4996 Christo
1018 4941 1262 5010 propitio,
1287 4953 1465 4996 nostra
1492 4956 1712 5010 pergere
1737 4941 1956 5004 vellent,
1985 4941 2132 4992 nullo

566 5039 838 5095 lhefonco,
872 5049 967 5087 nec
1014 5034 1082 5088 de
1111 5047 1342 5097 saumas,
1372 5048 1469 5086 nec
1489 5036 1557 5087 de
1595 5033 1859 5101 carrigine
1891 5072 1908 5096 ,
1966 5047 2136 5099 neque

567 5125 634 5177 de
664 5123 892 5192 navigio,
925 5139 1096 5190 neque
1127 5123 1192 5177 de
1219 5123 1451 5191 qualibet
1495 5122 1810 5176 redibitione
1839 5122 2039 5175 exinde
2069 5121 2134 5174 ad

572 5223 773 5280 partem
801 5213 912 5265 lisci
941 5214 1130 5276 nostri,
1165 5213 1312 5266 missi
1351 5212 1434 5266 sui
1462 5213 1820 5266 discurrentes
1848 5212 2138 5266 dissdlvcre

571 5320 674 5357 non
697 5303 944 5356 debeant.
978 5302 1262 5370 Propterea
1308 5318 1402 5371 per
1447 5314 1763 5372 praesentem
1813 5313 2136 5371 praeceptum

645 5488 671 5516 ι
696 5476 821 5546 Quae
852 5475 1058 5546 uncinis
1086 5476 1425 5530 includuntur
1457 5478 1556 5546 legi
1585 5493 1688 5531 non
1731 5485 2032 5546 potuerunt.

645 5547 674 5620 li
703 5545 907 5620 Caetera
937 5544 1477 5620 deesse‘inautograp
1503 5544 1550 5599 .1,
1581 5552 1690 5620 fere
1733 5544 1897 5620 exeso
1920 5559 2141 5603 testatur

580 5613 778 5685 primus
825 5616 1014 5666 editor.
1049 5613 1378 5669 Mabillonius
1435 5613 1608 5670 (einen
1659 5617 1774 5670 loco
1819 5617 1928 5685 jam
1979 5619 2142 5672 citato

577 5679 738 5759 tradit
769 5683 865 5759 hoc
890 5694 1206 5759 praecultum
1239 5685 1418 5759 datum
1441 5687 1632 5759 luisse
1662 5688 1714 5740 in
1760 5679 1951 5754 palatio
1999 5690 2141 5756 regio

581 5749 926 5812 (.ompeu'dio,
959 5766 1022 5801 xv
1057 5752 1316 5808 Kalendas
1364 5753 1657 5818 Februarii,
1683 5749 1822 5810 anno
1872 5759 2014 5825 regni
2038 5749 2137 5810 Ca-

2234 4588 2424 4642 cedent
2452 4601 2571 4640 esse
2595 4583 2899 4652 participes,
2925 4595 3028 4636 non
3057 4595 3273 4650 negare;
3297 4581 3390 4633 sed
3409 4580 3602 4633 robore
3621 4578 3806 4647 majori

2237 4692 2330 4743 pro
2379 4677 2577 4728 nostris
2628 4673 2860 4726 oraculis
2899 4667 3238 4725 continuare.
3293 4669 3455 4738 Igitur
3501 4667 3808 4736 magniﬁcus

2235 4769 2533 4822 linebeitus
2573 4765 2853 4832 episcopus
2880 4777 3159 4829 rectorque
3208 4760 3439 4814 basilica:
3466 4761 3635 4813 sancti
3664 4757 3808 4810 nar-

2233 4858 2385 4921 celli,
2407 4871 2523 4924 qua)
2554 4855 2764 4923 ponitur
2787 4851 2884 4905 sub
2912 4852 3161 4919 oppidum
3181 4839 3501 4904 Cabilouie'e
3531 4854 3696 4912 urbis,
3717 4851 3808 4902 ubi

2239 4952 2351 5015 ipse
2384 4947 2654 5013 prcciosus
2685 4944 2893 4997 Domini
2918 4952 3118 5012 martyr
3159 4942 3210 4994 in
3254 4956 3480 5010 corpore
3503 4942 3808 5011 requiescit,

2238 5052 2430 5090 nostra:
2459 5034 2759 5089 cetsitudini
2781 5035 2951 5088 intulit
2976 5038 3384 5104 suggestionem.
3407 5050 3470 5089 eo
3496 5037 3637 5101 quod
3660 5050 3812 5088 alite.

2235 5142 2479 5181 cessures
2515 5128 2683 5180 nostri
2705 5127 2998 5181 anteriores
3028 5142 3199 5194 reges,
3253 5131 3337 5180 vel
3358 5129 3509 5179 bona:
3540 5144 3809 5180 tneruonz

2237 5219 2461 5272 domnus
2486 5228 2538 5272 et
2566 5218 2772 5286 genitor
2805 5229 2986 5272 noster
3029 5218 3243 5286 Pipinus
3286 5221 3549 5282 quondam
3579 5236 3669 5272 rex
3719 5235 3810 5284 per

2237 5324 2418 5363 eorum
2447 5311 2832 5376 prteccptiones
2859 5310 3086 5378 integras
3116 5309 3475 5365 immunitates
3501 5312 3596 5378 ipsi
3624 5326 3808 5363 motu-

2241 5485 2338 5538 roli
2399 5483 2698 5537 undecimo.
2759 5484 2847 5538 lla:
2905 5494 3044 5539 nota:
3099 5485 3486 5553 clironolugicm
3540 5486 3815 5542 conciliari

2241 5563 2506 5621 nequeunt
2547 5569 2665 5607 cunt
2720 5554 2782 5606 iis
2811 5571 2928 5621 qua:
2965 5564 3142 5608 narrat
3189 5557 3448 5609 annalista
3509 5556 3818 5610 Lauresha-

2246 5625 2478 5676 mensis:
2511 5642 2528 5673 ι
2571 5624 2680 5677 Rex
2705 5624 2769 5678 de
2803 5625 3121 5685 llaristallio,
3154 5627 3243 5678 ubi
3273 5628 3618 5686 hiemaverat,
3642 5639 3695 5680 et
3727 5628 3820 5676 ubi

2241 5693 2476 5746 Natalem
2525 5694 2731 5747 Domini
2783 5711 2844 5746 ac
2888 5706 3128 5747 sanctum
3167 5696 3367 5748 Pascha
3408 5697 3817 5756 celebraverat,

2245 5765 2410 5832 prima
2445 5763 2583 5818 veris
2624 5766 2876 5833 temperie
2920 5781 3137 5819 tnovens
3171 5763 3552 5834 chlpcndium
3583 5766 3746 5820 venit.
3788 5784 3809 5811 ι
