4034 6182
197 338 296 395 969

494 340 724 398 CODEX
766 336 1289 396 DIPLOMATICUS.
1324 365 1396 380 -—-
1434 336 1774 395 PBNILBGI

1891 368 1960 381 -
1999 340 2039 395 ι.
2082 339 2331 396 Ριιινῑι..
2377 341 2508 397 PER
2546 343 2820 399 GALLI/E
2859 344 3145 401 PARTES.
3354 345 3457 403 979

196 455 257 512 tri
284 467 373 510 res
400 452 743 522 proprietatis
780 467 892 508 sua
933 453 996 505 in'
1018 465 1156 520 pago
1186 451 1546 515 Scarponinse
1575 451 1628 504 in
1657 449 1778 504 loco
1809 453 1864 509 At
1884 464 1994 503 rem
2025 451 2193 505 sancti
2239 452 2459 507 Dionisii
2503 452 3090 523 Sonarciagam-viilam
3132 457 3329 514 habere
3361 477 3464 528 po-

194 561 290 620 que
332 546 532 602 dicitur
567 539 1068 615 Basigunde-curte,
1118 551 1604 610 quantumcumque
1648 555 1783 594 cum.

194 639 418 694 Petrone
440 638 693 707 episcopo
723 635 1043 690 Virduninse
1061 676 1075 698 ,
1116 648 1210 687 seu
1247 643 1302 686 et
1329 636 1555 686 Ammone
1583 632 1776 686 abbate

192 730 533 786 commutavit
555 767 572 792 ,
601 735 655 780 et
693 725 942 796 quicquid
981 726 1046 778 ad
1075 726 1192 793 ipso
1219 725 1336 776 loco
1365 723 1602 790 aspicere
1631 721 1776 775 vide—

193 830 294 888 tur,
328 829 494 875 totum
523 828 580 874 et
604 817 670 872 ad
705 821 966 885 integrum
1003 816 1152 872 dedit
1184 814 1250 869 ad
1281 823 1431 884 parte
1459 813 1783 868 Eulimianas-

190 911 473 968 abbatissa.
515 909 620 964 Sed
660 923 771 978 pro
799 909 1003 977 integra
1051 907 1314 960 ﬁrmitate
1354 903 1619 972 petierunt
1659 903 1773 972 ipse

189 1002 350 1059 abbas
383 1011 438 1057 et
480 999 752 1056 abbatissa
803 997 1107 1053 celsitudini
1159 1007 1384 1059 nostrai,
1429 1005 1485 1048 ut
1531 993 1634 1047 hoc
1679 1007 1775 1062 per

190 1101 423 1149 nostr-am
462 1090 834 1147 auctoritatem
883 1089 1204 1144 conﬁrmare
1241 1088 1562 1142 deberemus
1595 1103 1607 1138 :
1641 1101 1772 1154 quo-

186 1201 301 1241 rum
329 1184 673 1256 petitionibus
700 1183 927 1253 gratanti
955 1184 1133 1236 animo
1165 1182 1234 1236 ita
1267 1181 1578 1250 praestitisse
1608 1181 1687 1234 vel
1718 1179 1769 1232 in

183 1278 433 1333 omnibus
470 1275 825 1331 conﬁrmasse
860 1273 1188 1343 cognoscite.
1235 1272 1612 1339 Praecipiemus
1642 1286 1771 1337 ergo

182 1368 463 1438 iubemus,
495 1365 826 1435 utqnicquid
855 1378 978 1431 pars
1000 1363 1247 1418 contullit
1273 1361 1404 1430 parti
1422 1401 1438 1423 .
1465 1371 1554 1414 aut
1585 1377 1614 1413 e
1642 1375 1769 1414 con—

185 1469 264 1516 tra
293 1463 346 1515 in
371 1473 643 1526 conpensu
671 1457 904 1526 recepit,
936 1458 1202 1525 inspectas
1222 1456 1365 1524 ipsas
1388 1453 1769 1508 commutatio-

186 1563 306 1615 nes,
339 1551 477 1606 sicut
507 1561 720 1618 pereas
745 1547 1080 1610 declaratur.
1109 1547 1178 1599 ab
1225 1546 1323 1599 hac
1356 1545 1458 1598 die
1496 1559 1590 1612 per
1634 1543 1770 1597 hanc

183 1651 422 1696 nostram
449 1640 821 1696 auctoritatem
855 1638 1106 1702 habendi,
1143 1637 1381 1702 tenendi,
1414 1637 1597 1701 dandi,
1621 1651 1770 1688 com-

182 1731 459 1798 mutandi,
500 1731 598 1786 velr
628 1729 875 1800 quicquid
913 1729 1108 1784 exinde
1151 1727 1514 1794 unusquisque
1550 1727 1689 1794 quod
1735 1741 1764 1777 a

1879 541 2104 594 tuisseot
2125 560 2136 594 :
2157 543 2248 596 sed
2272 541 2370 611 ipsi
2393 558 2487 613 per
2512 559 2638 599 suos
2663 545 2886 600 vuadios
2911 545 3106 601 ibidem
3137 547 3188 602 in
3219 556 3470 614 praesenti

1876 631 2148 698 pratatum
2180 631 2422 687 Adonem
2447 633 2762 688 advocatum
2791 635 2960 688 sancti
2995 636 3213 691 Dionisii
3248 640 3470 693 investi~

1874 733 2092 784 verunt.
2118 733 2172 777 et
2196 725 2352 778 tidem
2383 725 2608 790 exinde,
2647 727 2786 781 sicut
2822 725 2904 781 lex
2935 727 3228 791 continuit,
3267 728 3468 784 ibidem

1875 812 2135 866 iecerunt.
2163 813 2394 867 Proinde
2413 824 2732 882 oportunum
2758 815 2856 869 fuit
2879 815 2977 884 ipsi
3006 815 3180 870 Adoni
3201 816 3464 871 advocato

1873 901 2038 954 sancti
2074 902 2317 967 Dionisii,
2344 915 2404 958 ut
2430 904 2590 958 talem
2622 905 2862 959 notitiam
2886 905 3149 960 bonorum
3182 904 3461 960 hominum

1876 1007 2034 1045 manu
2085 994 2384 1056 ﬁrmatam,
2433 994 2513 1050 vel
2558 994 2725 1062 ipsius
2769 996 2980 1049 comitis
3011 996 3227 1051 nomine
3257 997 3464 1063 Iiiierii,

1872 1097 1968 1138 seu
1996 1085 2083 1152 qui
2133 1085 2331 1139 ibidem
2380 1085 2592 1159 fuerunt
2623 1087 2869 1142 sedentes
2893 1128 2908 1153 ,
2941 1088 3206 1157 prendere
3245 1100 3299 1144 et
3327 1089 3469 1144 acci-

1871 1190 2000 1247 pere
2026 1177 2268 1243 deberet,
2295 1180 2438 1248 quod
2464 1183 2535 1232 ita
2565 1189 2620 1234 et
2647 1178 2805 1245 fecit,
2833 1191 2887 1234 ut
2913 1181 2978 1235 ad
3004 1182 3219 1250 longum
3253 1191 3461 1243 tempus
3529 1237 3532 1240 ,

1873 1267 2038 1334 ipsam
2068 1283 2181 1321 rem
2203 1269 2783 1339 Sonarciagamwillam
2810 1282 2992 1327 contra
3015 1274 3123 1340 jam
3156 1274 3330 1329 dictos
3361 1275 3455 1328 ho-

1873 1360 2042 1414 mines
2067 1360 2132 1413 ad
2156 1368 2362 1428 partem
2382 1363 2549 1416 sancti
2579 1363 2793 1417 Dionisii
2821 1364 3014 1420 habeat
3034 1365 3466 1420 evindicatamvet

1870 1451 2195 1519 etidigatam.
2219 1452 2370 1508 Unde
2387 1463 2443 1508 et
2464 1453 2756 1509 advocatus
2779 1459 2946 1509 sancti
2981 1456 3302 1511 Dionisiivel
3331 1455 3461 1520 Ful-

1872 1542 1986 1595 radi
2007 1542 2215 1597 abbatis
2237 1543 2480 1598 videlicet
2505 1544 2622 1598 Ade
2643 1560 2791 1598 suam
2815 1546 3052 1600 notitiam
3076 1561 3232 1613 quant
3257 1561 3316 1600 se
3343 1561 3464 1615 pro-

1873 1635 2048 1705 posuit
2078 1635 2274 1692 habere
2300 1645 2420 1692 ante
2441 1651 2538 1691 nos
2557 1639 2759 1708 legibus
2777 1639 2968 1705 optulit
2992 1639 3075 1692 vel
3105 1640 3468 1708 adpraaseuta-

1871 1725 1946 1781 vit
1969 1727 2034 1780 ad
2063 1727 2416 1796 religendum.
2457 1729 2671 1783 Relecta
2694 1732 2805 1796 ipsa
2836 1732 3050 1797 notitia,
3079 1732 3461 1801 interrogatum

179 1824 298 1895 iure
327 1837 426 1878 suo
451 1823 660 1890 accepit
685 1822 750 1876 ad
777 1819 1401 1890 proiectum-earumdem
1421 1819 1766 1874 ecclesiarum
1809 1803 1853 1861 Β
1878 1815 1980 1870 fuit
2010 1817 2126 1885 ipso
2158 1817 2339 1884 Riiero
2364 1818 2582 1883 comite,
2615 1820 2658 1872 si
2694 1820 2808 1873 hac
2837 1835 2994 1876 causa
3027 1821 3108 1874 vel
3139 1821 3250 1889 ipsa
3283 1823 3468 1876 nositia

179 1927 441 1970 exercere
459 1913 714 1977 voluerit,
739 1911 963 1968 liberam
986 1926 1048 1965 ac
1067 1911 1427 1966 ﬁrmissimam
1453 1913 1503 1964 in
1528 1909 1772 1966 omnibus

179 2003 403 2058 habiant
429 2009 748 2072 potestatem
795 2019 810 2055 :
851 2011 905 2055 ut
937 2017 1110 2068 neque
1135 2016 1166 2054 a
1201 2000 1456 2069 praedicto
1495 2003 1686 2057 abbate
1720 2011 1776 2056 et

176 2095 449 2150 abbatissa
467 2133 484 2159 ,
521 2108 694 2163 neque
723 2093 791 2148 ab
815 2107 998 2147 eorum
1027 2091 1434 2148 successoribus
1466 2093 1628 2148 ullum
1657 2110 1774 2146 Illll-

179 2199 350 2253 quam
377 2193 614 2251 tempore
653 2183 795 2251 ipsas
820 2184 1264 2236 commutationes
1291 2182 1574 2240 violentur.
1616 2183 1769 2238 Unde

179 2275 320 2329 duas
345 2273 780 2329 conﬁrmationes
805 2289 910 2326 uno
936 2282 1122 2327 tenore
1151 2274 1480 2343 conscriptas
1511 2273 1625 2328 fieri
1651 2275 1770 2344 jus-

177 2364 376 2432 simus,
402 2377 542 2433 quas
563 2372 618 2418 et
646 2377 802 2417 manu
833 2363 1047 2432 propria
1077 2364 1415 2417 firmavimus
1433 2372 1487 2418 et
1515 2364 1583 2418 de
1612 2364 1772 2419 anulo

175 2469 372 2512 nostro
403 2457 637 2526 sigillare
664 2454 942 2525 iussimus.

255 2548 478 2616 Signum
508 2546 683 2602 Caroli
717 2547 1087 2614 gloriosissimi
1115 2549 1273 2618 regis.

252 2637 583 2693 Widolaieus
609 2638 673 2691 ad
701 2639 870 2694 vicem
897 2638 1133 2694 Radouis
1165 2640 1472 2707 recognovi.

252 2731 390 2786 Data
420 2730 472 2784 in
502 2731 961 2787 meoseOctobris
992 2747 1132 2786 anno
1160 2747 1275 2788 sttit
1299 2742 1353 2786 et
1373 2747 1462 2786 vni
1500 2733 1774 2801 regni-no-

166 2821 300 2880 stri.
335 2823 526 2878 Actum
561 2824 848 2879 llaristalio
881 2824 1076 2895 palatio
1110 2825 1320 2895 publico
1353 2825 1530 2881 in-Dei
1561 2827 1773 2882 nomine

169 2915 434 2992 feliciter.

878 3011 1082 3066 XLVII.

165 3065 579 3176 Placitumsub
618 3102 1318 3176 CaroloMagnohabitum,
1351 3108 1402 3160 iu
1440 3123 1539 3175 quo
1569 3108 1768 3164 Sonar-

244 3171 543 3246 ciegu-villa
581 3177 706 3246 pagi
741 3171 1280 3246 Tenen-'Dionysiuno
1316 3171 1621 3232 monasterio
1663 3181 1775 3233 vin-

247 3244 460 3297 dicatur
486 3245 648 3316 (anno
680 3245 828 3311 ⁸782)ρ

744 3354 837 3416 (Ex
858 3355 1220 3419 Mabill.,ibid.)

249 3457 484 3513 Carolus
507 3459 673 3530 gratia
706 3459 800 3516 Dei
830 3475 923 3515 rev
959 3463 1283 3518 Francorum
1309 3471 1364 3518 et
1389 3465 1770 3535 Langobardo.

162 3567 308 3607 rum
340 3565 406 3604 ac
446 3551 696 3618 patricius
736 3551 1116 3607 Romanorum.
1151 3554 1281 3609 Cum
1326 3571 1422 3610 nos
1461 3557 1511 3610 in
1557 3557 1645 3611 Dei
1679 3573 1776 3612 no-

163 3642 336 3696 mine
376 3640 642 3696 Carisiaco
674 3643 795 3696 villa
839 3645 1034 3712 palatio
1072 3656 1256 3699 nostro
1299 3647 1362 3699 ad
1405 3649 1775 3703 universorum

153 3746 384 3787 causas
411 3732 701 3788 audiendas
738 3743 794 3787 et
828 3743 975 3788 recto
1011 3734 1211 3804 judicio
1249 3738 1608 3791 terminandas
1648 3739 1778 3793 resi-

153 3825 480 3887 deremns;
529 3824 708 3893 ibique
756 3823 978 3880 veniens
1024 3828 1310 3880 advocatus
1357 3828 1524 3882 sancti
1580 3828 1776 3883 Dionisi

152 3914 264 3968 vel
303 3911 519 3966 Fulradi
562 3913 803 3978 abbatis,
837 3915 1050 3968 nomine
1080 3917 1213 3979 Adn,
1245 3916 1398 3970 nobis
1436 3919 1774 3986 suggerebat,

146 4005 374 4059 dicens
400 4041 416 4064 ,
463 4017 528 4057 eo
570 4005 710 4072 quod
755 4007 891 4057 inter
932 4003 1237 4059 Riieronem
1279 4007 1526 4061 comitem
1569 4017 1621 4061 et
1650 4022 1777 4063 suos

143 4093 492 4160 escapinios
520 4095 571 4148 in
601 4109 735 4164 pago
759 4095 963 4162 Tellao,
991 4097 1041 4150 in
1074 4099 1234 4150 malle
1262 4098 1471 4166 publico
1496 4099 1583 4166 qui
1613 4113 1774 4152 voca-

140 4199 266 4244 tur
315 4185 636 4251 Turcarias,
688 4188 1032 4252 advenisset,
1079 4198 1132 4243 et
1171 4189 1410 4242 homines
1452 4189 1656 4258 aliquos
1695 4188 1776 4243 his

137 4277 497 4335 nominibus
540 4277 876 4344 Godniunm,
913 4286 969 4332 et
993 4293 1312 4348 germanum
1357 4295 1510 4334 suum
1558 4279 1774 4333 Flodoi-

134 4387 316 4428 num
344 4409 362 4434 ,
409 4376 465 4423 et
508 4383 815 4436 germanam
859 4383 1047 4425 eorum
1098 4369 1534 4434 Damascianam,
1581 4369 1673 4423 sed
1723 4379 1778 4423 et

1798 3143 1850 3206 (Σ

1878 1920 1998 1961 vera
2021 1914 2087 1960 .et
2121 1921 2282 1962 verax
2310 1918 2424 1962 erat
2471 1916 2563 1962 aut
2604 1924 2731 1963 non.
2777 1908 2880 1965 Sed
2913 1912 3026 1978 ipse
3058 1911 3265 1966 Riferus
3288 1927 3470 1968 comes

1877 1998 2031 2052 nob’is
2074 1999 2252 2053 taliter
2294 2013 2447 2052 suum
2483 2001 2704 2066 praibuit
2739 2001 3130 2067 teStimonium,
3174 2003 3315 2070 quod
3355 2005 3471 2059 iure

1877 2101 2034 2142 causa
2081 2089 2162 2140 vel
2208 2087 2318 2157 ipsa
2359 2089 2542 2143 notitia
2585 2105 2706 2144 vera
2747 2100 2802 2146 et
2838 2107 2999 2145 verax
3045 2101 3206 2146 esset.
3243 2092 3472 2147 Proinde

1879 2190 1974 2230 nos
2007 2176 2180 2230 taliter
2211 2191 2314 2231 una
2344 2193 2464 2232 cum
2506 2179 2748 2234 ﬁdelibus
2779 2183 3005 2245 n‘ostris,
3037 2183 3086 2235 id
3117 2192 3200 2237 est
3226 2198 3345 2237 cum
3377 2183 3470 2237 iti-

1875 2266 2077 2321 t-hardo
2125 2267 2352 2332 comite,
2407 2270 2718 2325 Gunthardo
2758 2273 2984 2333 comite,
3029 2272 3338 2327 Teudbaldo
3381 2290 3471 2327 en-

1877 2360 2004 2413 mite
2023 2399 2038 2425 ,
2072 2358 2292 2415 Griione
2314 2402 2328 2424 ,
2354 2361 2618 2428 Geroldo,
2642 2364 2935 2419 Nortboldo
2955 2406 2968 2429 ,
2997 2365 3298 2437 Wincgiso,
3325 2365 3458 2420 W-al-

1876 2449 2028 2502 berto
2049 2489 2064 2513 ,
2095 2449 2348 2514 Gisoldo,
2377 2452 2610 2518 Aroiuo,
2636 2453 2931 2509 Teutholdo
2949 2496 2963 2520 ,
2993 2455 3282 2509 Constabili
3302 2496 3318 2520 ,
3343 2456 3471 2510 Wo-

1881 2540 2030 2592 raldo
2057 2541 2257 2595 comite
2281 2543 2456 2608 palatii
2482 2554 2662 2598 nostro
2682 2588 2697 2612 ,
2727 2546 2808 2599 vel
2831 2547 3048 2615 reliquis
3065 2549 3467 2616 quamplurimis

1878 2629 1976 2683 visi
2019 2629 2214 2686 luimus
2261 2631 2558 2699 indicasse,
2611 2643 2668 2686 ut
2709 2634 2834 2688 dum
2885 2636 2998 2704 ipse
3039 2635 3250 2690 ltil’erus
3288 2653 3470 2690 comes

1879 2720 2058 2776 taliter
2104 2723 2256 2775 nobis
2301 2739 2453 2778 suum
2503 2725 2685 2780 tribuit
2734 2730 3124 2794 testimoiiium,
3167 2728 3307 2797 quod
3358 2730 3472 2783 iure

1874 2823 2035 2864 causa
2063 2812 2145 2866 vel
2177 2812 2287 2879 ipsa
2326 2815 2510 2868 notitia
2551 2829 2676 2868 vera
2707 2827 2758 2869 et
2789 2829 2947 2869 verax
2981 2826 3160 2882 esset;
3191 2828 3468 2886 propterea

1870 2899 2119 2968 jubemus
2141 2943 2156 2969 ,
2193 2910 2249 2955 ut
2285 2903 2407 2971 quia
2445 2903 2578 2957 hanc
2607 2919 2821 2958 causam
2855 2907 2932 2959 sic
2965 2915 3137 2959 actam
3167 2907 3248 2962 vel
3277 2918 3470 2976 perpe-

1876 3002 2068 3048 tratam
2119 3007 2239 3048 esse
2293 2994 2679 3063 cognovimus,
2731 2996 3126 3064 suprascriptus
3181 2996 3470 3050 advocatus

1879 3083 2048 3140 sancti
2080 3083 2300 3138 Dionisii
2337 3097 2524 3139 contra
2553 3100 2696 3154 saepe
2730 3086 2902 3141 dictos
2943 3085 3185 3141 homines
3237 3089 3472 3157 inspecta

1882 3191 1976 3231 sua
2007 3175 2190 3231 notitia
2216 3176 2324 3245 jam
2349 3177 2544 3231 dictam
2568 3177 2748 3232 villain
2771 3177 3151 3249 Souarciagam
3179 3179 3243 3233 ad
3269 3192 3471 3249 partem

1876 3269 2045 3323 sancti
2089 3267 2312 3322 Dionisii
2348 3269 2494 3323 omni
2523 3279 2760 3340 tempore
2791 3270 2983 3326 habeat
3007 3271 3358 3326 evindicatam
3387 3284 3471 3324 at»

1879 3373 1981 3428 que
2011 3358 2310 3413 eiidicatam
2334 3398 2352 3425 ,
2384 3369 2438 3414 et
2465 3362 2535 3414 sit
2572 3361 2710 3415 inter
2757 3361 2904 3429 ipsos
2946 3362 2997 3416 in
3041 3362 3376 3430 postmodum
3407 3376 3475 3416 ex

1880 3449 1978 3503 hac
2007 3463 2065 3502 re
2093 3449 2238 3502 omni
2279 3459 2514 3518 tempore
2556 3452 2727 3520 sopita
2758 3463 2811 3507 et
2851 3451 3068 3507 deﬁnita
3102 3460 3260 3522 atque
3290 3452 3474 3505 incon-

1879 3541 2028 3594 vulsa
2060 3540 2322 3596 causatio.

1950 3641 1975 3668 α
2029 3628 2322 3683 Withet'ius
2373 3631 2616 3684 notarius
2660 3631 2725 3686 ad
2775 3633 2946 3688 vicem
2994 3632 3274 3688 Chrotardi
3323 3646 3474 3687 reco-

1880 3720 2059 3787 gnovi.

1951 3810 2082 3863 Data
2119 3818 2300 3863 tuettSt:
2331 3812 2606 3865 Decembri
2639 3811 2724 3866 die
2755 3828 2874 3876 xw,
2906 3829 3049 3868 anno
3083 3830 3171 3869 XIV
3199 3829 3348 3884 regni
3371 3831 3470 3870 nu-

1877 3905 1970 3953 stri
2001 3902 2051 3953 in
2085 3903 2174 3955 Dei
2209 3905 2424 3956 nomine
2454 3902 2698 3958 feliciter.

2570 4037 2791 4092 XLVIII.

1882 4145 2200 4216 I’iarreptum
2223 4147 2393 4219 Caroli
2432 4146 2606 4218 Magni
2644 4150 2778 4218 regis
2823 4167 2915 4219 pro
2969 4151 3247 4205 Turaueusi
3300 4155 3465 4205 sancti

2201 4218 2409 4270 Martini
2458 4222 2762 4272 monasterio
2809 4218 2967 4289 (anno
2989 4220 3144 4287 782).

2188 4343 2282 4406 (Ex
2304 4343 2363 4392 D.
2385 4347 2632 4408 Bouqttet,
2676 4345 2873 4396 Recueil
2895 4344 2981 4396 des
3009 4347 3159 4408 Hist.)

133 4459 517 4528 Andgarinm
557 4467 612 4512 et
657 4458 1059 4513 Ercammarnm
1103 4469 1158 4514 et
1193 4459 1476 4514 Jouatham
1521 4452 1774 4529 interpei-
1808 4494 1870 4554 0.
1949 4468 2170 4524 Carolus
2199 4467 2365 4537 gratia
2399 4468 2490 4522 Dei
2525 4483 2614 4522 rex
2644 4468 2969 4523 Francorum
3009 4480 3064 4522 et
3093 4469 3470 4538 Loug‘obardo-

128 4550 378 4612 lasset,
410 4557 657 4614 repetens
684 4547 752 4601 ab
782 4548 861 4603 eis
889 4560 937 4602 et
967 4548 1179 4614 dicens,
1208 4565 1274 4604 eo
1300 4550 1439 4619 quod
1467 4564 1578 4604 rem
1607 4552 1774 4605 sancti

126 4637 419 4694 Dionisii
454 4639 504 4689 in
541 4637 656 4705 ipso
689 4652 822 4706 pago
851 4637 1068 4702 'l‘ellao,
1105 4640 1156 4692 in
1190 4639 1309 4694 loco
1345 4639 1433 4709 qui
1461 4639 1656 4696 dicitur
1688 4641 1780 4696 So-

118 4728 594 4796 narciaga-villa
621 4744 784 4797 super
813 4729 1034 4784 lluvium
1071 4729 1167 4784 ltta
1187 4770 1202 4795 ,
1234 4747 1390 4798 quem
1421 4742 1633 4788 sanctus
1663 4731 1782 4788 Dio-

118 4820 366 4880 nisius
397 4832 492 4886 per
517 4832 674 4872 suum
702 4819 978 4874 brachium
1005 4821 1356 4889 conquisivit,
1388 4835 1508 4892 post
1550 4839 1612 4879 se
1646 4826 1779 4886 reti-

115 4911 398 4969 ﬂebant
429 4908 480 4962 in
512 4923 607 4962 sua
642 4916 906 4976 potestate
944 4909 1085 4964 malo
1117 4913 1324 4966 ordine.
1369 4913 1474 4967 Sed
1517 4915 1614 4984 ipsi
1662 4914 1781 4971 Flo-

110 5004 308 5060 doin
324 5013 390 5052 us
405 5009 468 5053 .et
491 4998 770 5054 Goduinus
790 5008 1052 5054 eteorum
1079 5017 1331 5072 germana
1363 5005 1658 5074 Damascia,
1687 5009 1780 5064 sed

105 5105 190 5153 ει
234 5089 566 5158 Antgarius
595 5100 652 5144 et
682 5089 1058 5144 Ercammarus
1087 5101 1139 5144 et
1165 5092 1424 5149 Jonathas
1450 5097 1501 5149 in
1535 5101 1783 5164 praesenti

105 5185 424 5241 aderant
454 5196 470 5234 :
495 5191 548 5234 et
574 5195 695 5234 cum
726 5180 1149 5250 interrogaretur
1173 5183 1239 5236 ab
1267 5183 1344 5236 eis
1371 5193 1544 5239 utrum
1571 5188 1694 5255 quid
1718 5189 1785 5244 de

102 5279 266 5335 hac
312 5284 489 5325 causa
515 5281 700 5326 contra
731 5272 999 5326 hominem
1041 5273 1255 5328 nomine
1284 5275 1522 5331 Adonem
1562 5279 1786 5333 advoca-

104 5379 289 5425 tum
339 5362 518 5415 sancti
552 5361 774 5416 Dionisii
800 5363 980 5418 dicere
1013 5365 1242 5429 vellent;
1277 5381 1560 5436 numquam
1601 5377 1787 5434 potue-

95 5466 303 5519 runt
348 5453 566 5509 tradere
595 5453 676 5508 vel
705 5453 974 5511 deducere
1000 5455 1284 5526 rationem,
1311 5474 1405 5528 per
1428 5475 1587 5529 quam
1617 5463 1785 5530 ipsam

210 5621 260 5650 ιι
311 5602 563 5671 Dubium
612 5615 694 5659 est
742 5622 808 5660 an
835 5605 1130 5664 Witherius
1162 5613 1398 5668 notarius
1430 5624 1538 5668 tum
1570 5616 1786 5671 ordina-

84 5683 271 5741 riuis
319 5673 518 5755 fuerit.
545 5670 1057 5755 W_i_th_erins_quippc
1077 5693 1386 5755 numeratur
1414 5687 1624 5755 quidem
1651 5689 1789 5742 inter

86 5745 448 5809 notarios
467 5745 640 5799 Caroli
685 5746 856 5818 Magni
881 5745 1262 5821 itiiperatoris,
1313 5756 1405 5810 sed
1432 5745 1558 5811 'nou
1609 5760 1784 5827 regis:

490 5836 758 5899 Ριτκοι..
806 5842 1055 5905 XCVII.

1883 4576 2022 4627 rum,
2053 4575 2116 4616 ac
2149 4561 2404 4630 patricius
2457 4561 2844 4625 Romanorum,
2876 4563 3138 4616 omnibus-
3165 4563 3468 4629 abbatibus,

1882 4655 2116 4723 virisque
2161 4653 2485 4720 illustribus,
2509 4653 2755 4717 ducibus,
2788 4655 3094 4719 comitibus,
3127 4655 3464 4721 domesticis,

1879 4744 2230 4814 grallonibus,
2272 4744 2504 4807 vicariis,
2535 4746 2855 4800 centenariis
2880 4786 2894 4811 ,
2929 4746 3337 4814 junioribusupie
3368 4765 3466 4801 una

1881 4838 2032 4901 stris,
2050 4847 2209 4906 atque
2225 4835 2398 4890 missis
2425 4837 2622 4892 nostris
2641 4839 3083 4898 discurrentibus.
3112 4841 3465 4907 praesentibus

1883 4929 2126 4985 videlicet
2157 4939 2208 4984 et
2239 4929 2452 4984 futuris.
2505 4929 2667 4984 Decet
2724 4933 2867 4985 enim
2924 4931 3116 4998 regalis
3161 4933 3465 4984 ciet-tentia:

1884 5021 2200 5091 dignitatem
2251 5030 2442 5075 cuncta
2469 5034 2586 5089 quae
2629 5036 2656 5072 a
2705 5022 3074 5076 sacerdotibus
3131 5022 3463 5076 rationabitia

1884 5112 2152 5182 postulata
2179 5110 2394 5179 fuerint,
2415 5111 2620 5166 sollerti
2651 5125 2775 5164 cura
2810 5111 3142 5179 prospicere,
3172 5121 3226 5165 et
3268 5125 3462 5178 oppor-

1887 5212 2014 5255 tnua
2047 5201 2130 5256 vel
2156 5217 2390 5271 congrua
2424 5203 2502 5256 eis
2533 5201 2786 5255 beneﬁcia
2832 5215 2936 5254 non
2985 5201 3270 5268 denegare,
3312 5211 3468 5254 antc-

1889 5296 2207 5363 riorumque
2236 5308 2418 5362 regum
2451 5305 2566 5347 aeta
2600 5293 2807 5362 plenius
2837 5309 2954 5360 qum
2979 5308 3072 5358 pro
3116 5293 3206 5347 Dei
3228 5302 3354 5347 sunt
3385 5295 3466 5346 iu-

1887 5385 2042 5450 tuitu,
2069 5384 2407 5438 conﬁrmare.
2437 5383 2602 5451 Igitur
2633 5384 2953 5437 venerabilis
2983 5384 3063 5437 vir
3089 5383 3313 5438 Itherius
3332 5385 3469 5438 abba

1886 5471 1956 5527 de
1981 5472 2204 5527 basilica
2231 5471 2516 5542 peculiaris
2548 5472 2951 5541 patronirnostri
3000 5473 3057 5528 S.
3110 5473 3341 5539 Martini,
3376 5474 3466 5526 ubi

1888 5638 1987 5678 nec
2035 5625 2387 5680 Chrotardum
2440 5628 2970 5685 archicancellarinm
3027 5632 3149 5684 alihi
3206 5632 3465 5687 invenio:

1887 5694 2026 5761 quod
2074 5695 2306 5818 o‘iﬁcium
2351 5697 2618 5754 llitherins
2645 5701 2707 5754 ad
2743 5716 2940 5756 annum
2983 5701 3048 5757 l2
3101 5705 3245 5772 regni
3291 5705 3468 5758 Caroli

1888 5779 2096 5818 exercui
2127 5804 2142 5818 .

1888 5779 2142 5821 exercuit.

2996 5865 3070 5923 31
