4034 6182
608 321 706 376 971

1469 322 1529 376 ll.
1571 322 1815 379 CAROLI
1857 325 2070 382 MAGNI
2108 326 2263 382 OPP.
2305 326 2482 383 PARS
2523 328 2564 385 Ι.
2607 327 2851 386 SECTIO
2888 329 2954 388 ΙΙ.

3756 335 3858 391 97?.

614 444 729 509 ipse
755 441 1017 510 pretiosus
1045 442 1272 496 domnus
1305 443 1356 494 in
1386 457 1611 510 corpore
1639 445 1945 512 requiescit,
1969 447 2178 500 emuni-
2207 448 2255 506 Α
2284 447 2340 491 ιιι
2368 438 2482 506 ipse
2523 438 2683 506 abba.
2726 441 2805 494 νθΙ
2846 439 3121 504 mimae“.
3144 440 3231 495 vel
3275 455 3400 495 casa
3447 446 3617 498 sancti
3662 444 3860 500 Martial

608 540 750 588 tates
790 533 1144 601 gloriosorum
1191 548 1375 601 regum
1431 545 1831 590 antecessorum
1890 550 2190 591 nostrorum

611 627 859 681 manibus
898 641 1081 681 eorum
1133 627 1437 694 roboratas,
1493 638 1652 698 atque
1701 631 1882 683 domni
1938 630 2192 699 genitoris

606 723 772 778 nostri
807 721 1012 791 Pippini
1037 723 1192 777 bonae
1218 723 1496 777 memoriae
1538 723 1806 790 quondam
1854 725 2016 793 regis,
2040 725 2194 778 nobis

605 811 824 880 protulit
870 811 936 865 ad
987 812 1299 881 relegendas
1340 813 1468 885 [ubi
1494 814 1867 870 continebatur
1898 814 2190 885 insertum]

603 903 832 972 qualiter
853 903 1093 973 praedicti
1121 919 1276 973 reges
1305 919 1401 973 pro
1422 905 1723 960 reverentia
1774 904 1940 974 ipsius
1990 904 2191 960 beatis-

605 992 725 1045 simi
757 991 815 1046 S.
846 991 1052 1047 Martini
1078 991 1148 1047 de
1171 993 1329 1047 rebus
1351 993 1519 1062 ipsius
1551 998 1601 1047 in
1634 1007 1816 1064 regna,
1846 993 1959 1048 Deo
2008 993 2190 1063 propi-

605 1084 703 1146 tio,
732 1093 932 1147 nostra,
959 1084 1196 1149 AuStria,
1233 1083 1478 1138 Neustria
1500 1124 1515 1149 ,
1540 1083 1844 1153 Burgundio
1862 1127 1876 1149 ,
1910 1084 2190 1151 Aquitania

601 1184 656 1228 et
686 1175 992 1240 Provincia,
1025 1174 1094 1228 de
1122 1175 1370 1228 omnibus
1393 1175 1557 1230 rebus
1575 1185 1630 1228 et
1659 1174 1998 1229 facultatibus
2026 1175 2191 1242 ipsius

605 1263 894 1319 beatissimi
917 1264 974 1319 8.
994 1264 1230 1330 Martini,
1251 1265 1428 1332 quiete
1446 1265 1497 1318 in
1521 1279 1682 1334 regna
1705 1265 1950 1334 superius
1971 1264 2188 1331 scripta,

603 1355 1027 1422 quibuscumque
1074 1355 1204 1409 locis
1247 1353 1539 1424 majoribus
1590 1355 1676 1410 vel
1717 1354 2032 1419 minoribus,
2081 1363 2186 1406 tam

602 1448 746 1516 quod
779 1461 874 1516 per
904 1446 1288 1515 praeceptiones
1315 1446 1397 1501 vel
1427 1445 1782 1514 indulgentias
1823 1461 1918 1500 seu
1965 1446 2188 1499 emuni-

601 1550 736 1594 tates
765 1555 973 1609 regum,
999 1539 1079 1593 vel
1125 1554 1152 1592 a
1203 1537 1505 1592 christianis
1547 1537 1852 1591 hominibus
1900 1545 2061 1606 atque
2107 1538 2185 1590 di.

599 1633 769 1687 versis
821 1633 1180 1686 contractibus
1230 1631 1413 1703 (quam
1473 1632 1612 1701 quod
1663 1631 1781 1701 per)
1835 1633 2184 1686 instrumenta

599 1732 867 1776 cartarum
890 1721 955 1776 ad
985 1721 1258 1790 praefatam
1282 1737 1458 1776 casam
1487 1721 1580 1777 Dei
1603 1721 1929 1777 confessoris
1957 1723 2016 1776 8.
2046 1720 2182 1775 Mar-

2296 528 2430 583 duas
2471 540 2650 598 partes
2699 529 2981 599 recipiant,
3012 533 3168 586 tertia
3228 547 3357 586 vero
3413 549 3534 601 pars
3588 536 3638 588 in
3691 535 3864 590 fisteum

2295 622 2460 672 nostri
2486 621 2669 674 sacelli
2697 623 2902 684 veniat,
2929 632 2986 674 ut
3015 638 3118 676 non
3151 623 3389 677 delectet
3412 639 3532 692 quae
3573 642 3665 693 pro
3697 628 3867 680 divino

2297 711 2494 786 intuitu
2547 713 2918 767 sacerdotibus
2965 723 3092 767 sunt
3145 714 3376 781 indulta,
3426 717 3508 769 vel
3559 719 3866 773 anteriorum

2292 818 2478 872 regum
2505 804 2828 857 emunitates
2853 805 2934 858 vel
2965 814 3202 860 nostram
3229 807 3298 859 ab
3347 808 3526 877 impiis
3577 808 3869 863 hominibus

2293 893 2539 950 lacerari.
2597 894 2704 950 Sed
2762 896 3132 964 undecumque
3179 898 3246 952 ad
3305 914 3541 968 prtesens
3593 900 3698 969 ipsa
3741 914 3868 955 casa

2293 982 2355 1037 S.
2381 982 2600 1038 Martini
2627 987 2816 1038 vestita
2847 1000 2970 1039 esse
3000 988 3230 1053 videtur,
3259 990 3340 1042 vel
3373 990 3584 1045 inautea
3603 1005 3633 1044 a
3661 992 3870 1061 quibus-

2291 1089 2519 1143 cumque
2546 1075 2655 1130 Deo
2684 1077 2936 1130 timentes
2977 1076 3167 1149 [Deum
3198 1079 3534 1152 timentibus]
3589 1082 3670 1136 vel
3714 1084 3871 1137 bonis

2295 1167 2600 1222 hominibus
2628 1169 2811 1223 datum
2845 1171 2926 1223 vel
2953 1171 3212 1226 collatum
3243 1171 3422 1239 fuerit,
3446 1175 3546 1229 sub
3568 1175 3870 1229 emunitatis

2293 1257 2447 1312 titulo
2494 1259 2764 1314 resideat:
2791 1273 2848 1314 et
2875 1263 3198 1332 quicumque
3241 1265 3305 1317 ad
3355 1267 3520 1332 ipsam
3561 1281 3727 1320 casam
3773 1267 3869 1321 Dei

2291 1348 2492 1418 aliquid
2515 1347 2647 1405 da're
2676 1351 2966 1418 voluerint,
2996 1367 3059 1408 ex
3091 1365 3270 1409 nostra
3297 1359 3611 1411 auctoritate
3639 1357 3869 1411 habeant

2290 1438 2558 1494 licentiant
2576 1441 2822 1507 faciendi,
2844 1454 2896 1497 et
2916 1443 3017 1498 sub
3037 1446 3347 1500 emunitatis
3369 1447 3524 1502 titulo
3543 1448 3728 1515 absque
3748 1449 3867 1501 ulla

2292 1531 2456 1586 fiscali
2505 1541 2768 1602 potestate
2811 1535 2992 1603 quiete
3037 1536 3308 1591 resideat:
3340 1549 3394 1593 et
3424 1539 3664 1609 quicquid
3701 1539 3874 1595 liacua

2291 1625 2700 1680 consuetudinis
2723 1625 2902 1680 habuit
2920 1628 3234 1697 recipiendi,
3255 1631 3306 1683 in
3330 1630 3668 1684 Iuminaribus
3694 1630 3873 1699 ipsius

2289 1717 2458 1769 sancti
2484 1732 2584 1786 pro
2617 1726 2796 1772 nostra
2819 1719 3159 1790 eleemosyna
3189 1720 3254 1773 ad
3297 1735 3538 1790 praesens
3590 1723 3639 1776 in
3689 1724 3871 1776 recisa

599 1815 692 1867 tini
726 1813 822 1867 fuit
844 1813 1092 1867 collatum
1117 1814 1198 1867 vel
1220 1814 1649 1883 delegatum,aut
1678 1814 1730 1867 in
1763 1814 1950 1870 futuris
1980 1823 2180 1883 tempo-
2214 1799 2261 1859 Β
2288 1815 2648 1874 computetur.
2672 1823 2792 1862 cum
2820 1809 2936 1876 ipsa
2963 1810 3348 1876 subsequentia
3378 1819 3484 1865 tam
3523 1812 3634 1877 ipse
3677 1810 3822 1864 abba
3841 1851 3860 1874 .

597 1907 746 1960 ribus
775 1905 1077 1960 addendum
1110 1905 1194 1959 vel
1219 1906 1596 1974 delegandum,
1622 1907 2099 1970 confirmaverunt,
2125 1915 2180 1959 ut

591 1997 694 2050 sub
735 1995 1034 2051 emunitate
1084 2004 1263 2049 nostra
1315 1996 1458 2064 ipsas
1510 2011 1597 2050 res
1650 1996 1733 2050 vel
1794 1995 1892 2064 ipsi
1937 1996 2178 2049 homines

591 2088 648 2142 8.
671 2085 882 2141 Martini
908 2088 1089 2140 vivere
1119 2087 1372 2141 debeant.
1412 2087 1614 2142 Idcirco
1650 2103 1808 2156 supra
1835 2088 2008 2141 dictus
2034 2088 2174 2143 ltlte-

589 2175 701 2229 rius
746 2177 881 2231 abba
935 2179 1278 2232 serenitatem
1333 2179 1482 2247 regni
1523 2181 1688 2233 nostri
1725 2179 1895 2246 petiit,
1923 2189 1980 2234 ut
2027 2182 2077 2233 In
2125 2182 2175 2235 id

591 2264 767 2334 ipsum
795 2267 1083 2322 roborandi
1115 2267 1430 2322 beneficium
1457 2269 1635 2338 largiri
1679 2269 2021 2324 deberemus.
2067 2269 2174 2323 Cu-

585 2359 673 2426 jus
723 2375 823 2414 nos
879 2363 1190 2430 petitionem
1258 2363 1706 2432 consentientes,
1759 2373 1812 2420 et
1883 2367 2173 2432 patrocinia

584 2453 641 2504 8.
673 2449 886 2506 Martini
911 2464 1257 2518 venerantes,
1290 2455 1430 2507 sicut
1469 2469 1826 2522 praecessores
1865 2471 2018 2524 reges
2065 2457 2167 2510 sin-

584 2541 843 2609 gulariter
875 2543 1179 2608 explerent,
1210 2553 1262 2596 et
1293 2557 1389 2596 nos
1439 2543 1540 2598 hoc
1581 2545 1925 2613 indulgentiae
1973 2547 2173 2602 donum

585 2639 858 2698 gratanter
889 2631 1208 2700 praestitisse
1227 2634 1556 2700 cognoscite.
1579 2632 1959 2702 Praceipientes
1979 2637 2173 2706 quippe

584 2733 636 2773 ut
660 2736 850 2776 omnes
883 2735 971 2776 res
1001 2721 1170 2792 ipsius
1201 2723 1494 2778 beatissimi
1524 2726 1580 2780 S.
1623 2725 1856 2793 Martini,
1887 2737 2172 2797 quantum-

582 2828 810 2883 cumque
836 2814 889 2868 in
920 2827 1104 2883 regna,
1135 2814 1247 2868 Deo
1279 2814 1530 2884 propitio,
1560 2825 1763 2885 nostra,
1790 2826 1897 2871 tam
1936 2819 1986 2872 in
2020 2819 2172 2873 villas

581 2913 637 2957 et
662 2904 860 2973 praedia
891 2904 1094 2974 majora
1123 2904 1207 2959 vel
1255 2905 1486 2972 modica,
1511 2920 1606 2961 seu
1641 2908 1725 2962 vel
1767 2923 1955 2963 omnes
2002 2909 2170 2964 facul-

589 3003 726 3048 tates
749 2995 1042 3049 beatissimi
1090 2996 1148 3051 S.
1197 2995 1410 3050 Martini
1456 2997 1557 3052 sub
1605 2998 1910 3053 emunitatis
1957 2999 2166 3056 titulum

584 3087 883 3140 consistere
957 3085 1224 3152 debeant,
1301 3099 1358 3141 ut
1425 3087 1601 3143 nullus
1677 3089 1840 3157 judex
1922 3091 2163 3159 publicus

2282 1910 2440 1963 quam
2494 1906 2549 1950 et
2586 1911 2927 1952 successores
2975 1899 3056 1953 sui
3109 1914 3298 1955 omnes
3344 1915 3430 1955 res
3473 1900 3638 1970 ipsius
3687 1904 3870 1955 salicti

2280 1986 2519 2054 Martini,
2543 1989 2643 2044 sub
2671 1990 2875 2060 integra
2905 1991 3199 2047 emunitate
3223 1995 3603 2062 perpetualiter
3631 1994 3872 2048 debeant

2279 2078 2480 2134 habere
2502 2091 2555 2134 et
2580 2081 2880 2148 p0ssidere.
2907 2081 2974 2135 Et
2996 2081 3042 2136 si
3072 2085 3356 2137 ante-actis
3403 2075 3722 2151 temporibus
3770 2100 3874 2154 per

2278 2167 2512 2236 aliquam
2545 2169 2920 2238 negligentiam
2975 2173 3057 2225 vel
3111 2171 3438 2240 tepiditatem
3479 2173 3722 2226 abbatu
3773 2187 3875 2229 aut

2278 2258 2970 2327 praesumtionemjudicum
3003 2260 3072 2314 de
3114 2262 3226 2327 ipsa
3257 2262 3548 2315 emunitate
3573 2263 3867 2331 quicquam

2277 2346 2602 2412 minuatum,
2637 2348 3356 2424 irruptum,convulsutuque
3400 2359 3489 2403 aut
3526 2349 3868 2404 confracta

2277 2435 2396 2502 fuit,
2411 2436 2738 2491 omnimodis
2753 2437 2834 2491 his
2857 2438 3054 2492 nostris
3078 2439 3480 2493 auctoritatibus
3501 2449 3554 2494 et
3575 2441 3866 2496 beneficiis

2275 2533 2625 2580 restauretur.
2673 2527 2739 2580 Et
2783 2527 3006 2582 ulterius
3031 2527 3231 2582 nullum
3288 2540 3546 2594 nostrum,
3570 2531 3868 2601 nullusque

2272 2615 2552 2686 iuniorum
2607 2627 2910 2674 nostrorum
2971 2632 3062 2674 aut
3113 2635 3482 2676 successorum
3547 2621 3869 2692 infrangere

2276 2707 2417 2775 quod
2449 2710 2838 2776 consensimus,
2869 2718 2959 2764 aut
2990 2711 3189 2767 violare
3212 2727 3315 2766 non
3367 2723 3649 2782 prasumat
3681 2730 3693 2767 :
3731 2716 3871 2779 sed,

2275 2799 2418 2854 sicut
2444 2801 2691 2869 superius
2719 2801 2920 2856 dictum
2945 2811 3047 2868 est,
3079 2818 3200 2859 cum
3230 2803 3534 2873 plenissima
3563 2806 3877 2861 emunitate

2280 2888 2552 2959 (pacifice)
2584 2905 2704 2945 cum
2735 2891 2828 2947 Dei
2856 2891 3123 2962 adjutorio
3145 2893 3228 2948 vel
3253 2904 3432 2948 nostra
3474 2904 3640 2964 gratia
3671 2899 3880 2953 omnia

2274 2979 2506 3045 valeant,
2548 2995 2670 3050 quae
2691 2981 2793 3036 sibi
2821 2981 2942 3034 data
2977 2985 3056 3038 vel
3081 2983 3254 3038 danda
3302 2983 3519 3051 fuerint,
3553 2971 3877 3052 possidere.

2275 3067 2339 3121 Et
2369 3066 2603 3122 buchzcc
2629 3071 2912 3139 praeceptio
2935 3071 3075 3125 circa
3101 3071 3268 3142 ipsam
3293 3087 3468 3126 casam
3519 3087 3584 3126 ac
3633 3087 3882 3130 venera-

587 3177 698 3230 ﬁsci
760 3178 926 3232 ηοεηί
980 3177 1032 3230 in
1083 3151 1217 3246 jam’
1249 3178 1419 3233 dictas
1445 3181 1612 3234 .vmas
1645 3151 1725 3235 ..ζει
1767 3151 2045 3237 fucum,”
2083 3185 2161 3251 ip-
2192 3151 2238 3212 C
2273 3160 2432 3215 bilem
2459 3161 2742 3216 ecclesiam
2768 3162 2939 3218 sancti
2957 3163 3165 3219 Mattini
3189 3180 3284 3233 pro
3307 3165 3499 3219 futuris
3523 3166 3878 3233 temporibus

584 3267 696 3321 sius
723 3267 892 3320 sancti
919 3267 983 3321 ad
1030 3267 1424 3336 agendum,vel
1473 3283 1662 3324 causas
1701 3271 1766 3326 ad
1814 3273 2159 3339 audiendum,

578 3376 673 3416 seu
698 3361 844 3416 fretla
877 3363 959 3417 vel
1015 3363 1319 3416 inferendas
1367 3365 1752 3428 exactamlnni,
1779 3366 1862 3420 vel
1897 3366 2168 3422 telonenm

578 3452 894 3517 tollendum,
922 3463 1014 3507 aut
1049 3455 1253 3508 nullutn
1301 3455 1600 3525 ingressmn
1644 3471 1737 3511 seu
1785 3457 2059 3512 itttroitutn
2108 3459 2160 3514 in

581 3541 738 3596 villas
765 3542 824 3596 S.
849 3541 1059 3596 Martini
1094 3543 1289 3598 habere
1314 3556 1599 3614 przesumat
1626 3564 1636 3598 :
1673 3547 1763 3600 sed
1792 3548 2039 3616 quicquid
2063 3563 2159 3604 ex-

578 3633 707 3688 inde
735 3635 801 3689 ab
831 3635 1062 3703 antiqttis
1092 3637 1421 3702 temporibus
1450 3641 1606 3694 fiscus
1627 3650 1827 3706 noster,
1867 3651 1972 3694 tam
2027 3657 2160 3709 prat-

578 3724 737 3789 terito
763 3740 922 3796 quam
955 3735 1008 3780 et
1036 3737 1300 3796 prmsente
1329 3738 1572 3798 tempore
1618 3731 1861 3799 accipere
1896 3733 1978 3787 vel
2029 3748 2161 3788 exa-

581 3827 725 3871 c1are
741 3831 1110 3886 consueverat,
1125 3822 1302 3875 omnia
1321 3831 1374 3876 et
1389 3838 1452 3876 ex
1470 3822 1716 3877 omnibus
1736 3839 1800 3878 ex
1826 3826 1953 3879 fisco
1977 3833 2161 3880 nostro

577 3910 840 3978 cedimus,
866 3922 920 3965 ut
945 3912 995 3965 in
1029 3913 1378 3968 Iuminaribus
1408 3915 1572 3983 ipsius
1603 3915 1892 3970 beatissimi
1924 3916 1983 3971 S.
2012 3915 2156 3970 Mar-

581 3998 698 4066 tini,
728 4001 809 4054 vel
836 4003 885 4054 in
915 4001 1166 4056 alimonia
1193 4019 1504 4072 pauperum,
1534 4019 1626 4058 seu
1669 4005 1927 4073 stipendia
1977 4021 2160 4059 mona-

575 4090 796 4142 chorum
815 4090 1060 4158 proficiat
1076 4091 1126 4143 in
1143 4101 1506 4160 augmentum.
1532 4090 1597 4146 Et
1618 4093 1816 4147 nullam
1839 4091 2157 4165 potestatem

573 4180 733 4247 iudex
765 4181 1004 4248 publicus
1035 4181 1146 4236 fisci
1179 4184 1344 4237 nostri
1373 4197 1537 4252 super
1577 4185 1827 4252 praefatas
1868 4187 2024 4240 villas
2069 4187 2151 4241 vel

575 4269 851 4324 facultates
875 4268 932 4324 S.
966 4268 1177 4324 Martini
1203 4287 1296 4340 per
1329 4272 1714 4344 qualecumque
1753 4274 2020 4344 ingenium
2065 4279 2161 4330 ha-

2269 3251 2439 3304 valeat
2464 3252 2779 3320 perdurare,
2813 3268 2973 3308 manu
3007 3256 3219 3324 propria
3250 3270 3367 3310 eam
3400 3257 3584 3312 subter
3615 3259 3873 3314 firmavi-

2265 3355 2403 3406 mus,
2428 3352 2481 3396 et
2507 3342 2649 3396 anuli
2676 3343 2848 3397 nostri
2878 3343 3236 3412 impressione
3264 3346 3613 3416 signavimus.

2337 3431 2556 3500 Signum
2587 3432 2761 3486 Caroli
2787 3432 3157 3502 gloriosissimi
3188 3435 3356 3506 regis.

2343 3523 2494 3576 ltado
2524 3523 2713 3592 l'cll'gll
2736 3533 2789 3578 et
2810 3524 3110 3592 suscripsit.

2336 3613 2466 3668 Data
2502 3617 2553 3668 in
2580 3630 2763 3670 mense
2787 3616 3134 3685 Aprili,anno
3156 3634 3186 3672 x
3210 3627 3264 3674 et
3285 3631 3310 3659 α
3338 3634 3450 3674 vtnt
3478 3623 3628 3690 regni
3659 3625 3870 3678 nostri.

2262 3705 2453 3760 Actum
2485 3713 2513 3750 ιι
2544 3706 2764 3762 Casiaco
2798 3709 2995 3776 palatio
3023 3710 3192 3779 regio,
3224 3711 3278 3765 in
3307 3711 3402 3766 Dei
3441 3715 3659 3769 nomine
3684 3713 3872 3770 felici-

2267 3809 2369 3854 tcr.
2401 3802 2591 3853 Anien.

2960 3870 3143 3926 XLIX.

2265 3958 2484 4013 Donatio
2541 3957 2879 4028 llii’degarda:
2927 3962 3120 4030 regina:
3177 3979 3268 4026 pro
3321 3970 3632 4019 monasterio
3686 3970 3871 4024 meri

2770 4034 2971 4098 Aruul/t
3003 4034 3160 4104 (anuo
3189 4031 3340 4101 785).

2716 4121 2810 4181 (Ex
2832 4122 2963 4172 dom.
2988 4123 3218 4183 Calmet.,
3245 4125 3392 4186 ibid.)

2335 4205 2658 4276 llildegarda
2685 4209 2853 4277 gratia
2881 4209 2968 4262 Dei
2994 4209 3319 4264 Francorum
3353 4212 3557 4282 regina.
3583 4211 3864 4283 Quidquid

2264 4299 2406 4351 enim
2433 4299 2565 4352 locis
2586 4309 2895 4353 sanctorum
2921 4299 3301 4354 venerabilium
3338 4301 3408 4356 ob
3454 4317 3700 4358 amorem
3755 4305 3866 4358 Do-

576 4361 704 4415 be'e
733 4372 1161 4457 3‘31'3008905031
1243 4366 1350 4457 εθίξ
1376 4366 1446 4457 "ll
1483 4366 1627 4419 οῐηηί
1673 4365 1833 4420 Πεθθίί
1875 4378 2154 4435 Ροιεειθιθν
2264 4386 2390 4439 mini
2421 4388 2592 4440 noSIri
2610 4386 2734 4442 Jesu
2751 4387 2947 4441 Christi
2971 4390 3314 4444 concedimus
3335 4390 3421 4445 vel
3442 4393 3862 4457 confirmatis,

577 4457 733 4516 atque
753 4449 820 4504 de
843 4451 1110 4550 praedictis
1135 4451 1295 4506 rebus
1318 4452 1376 4553 ξι
1402 4453 1614 4553 Martini
1639 4471 1848 4523 semper
1870 4469 2157 4553 extraneos
2185 4493 2237 4553 υ
2267 4478 2367 4532 hoc
2395 4480 2548 4532 nobis
2578 4480 2762 4546 procul
2789 4480 2954 4534 dubio
2981 4483 3046 4535 ad
3092 4482 3394 4538 mercedem
3444 4487 3783 4553 animarum,
3808 4449 3868 4543 et

577 4548 626 4635 ῗῖί
655 4548 893 4639 “imm”
921 4541 1011 4646 Sil:
1041 4551 1096 4596 ει
1140 4557 1241 4642 "(Fc
1290 4544 1483 4646 δῇψιξξ
1539 4561 1787 4646 υξηίιιιίιηι
1826 4549 2156 4605 οοοθείοηθε
2185 4541 2231 4553 υ
2259 4567 2484 4621 salutem
2535 4570 2806 4623 credimus
2853 4574 3137 4640 pervenire
3191 4588 3506 4643 corporum.
3559 4578 3733 4646 Igitur
3756 4594 3864 4631 no-

579 4630 871 4696 inquirere,
901 4632 1040 4685 unde
1064 4634 1303 4687 homines
1325 4635 1379 4689 S.
1425 4634 1634 4690 Martini
1684 4637 2021 4708 dispendium
2074 4643 2154 4696 fa-

2285 4675 2368 4712 um
2395 4659 2467 4713 sit
2515 4659 2754 4714 omnium
2806 4661 3039 4716 fidelium
3102 4673 3406 4719 nostrorum
3459 4668 3862 4737 magnitudini.

576 4730 700 4772 cere
728 4719 976 4786 debeant,
1023 4723 1094 4775 sit
1138 4739 1298 4778 ausus
1349 4741 1718 4793 praesumere:
1757 4733 1851 4785 sed
1903 4734 2158 4803 inspecta:

2285 4752 2605 4804 irtesentium
2635 4762 2686 4805 et
2711 4749 3031 4820 futurorum,
3062 4755 3290 4823 qualiter
3320 4771 3418 4811 nos
3439 4771 3562 4811 cum
3595 4761 3865 4818 consilio.

579 4820 897 4864 coniunuates
925 4820 1249 4868 arueriorum
1299 4831 1502 4885 regum,
1540 4820 1832 4874 velnostra
1885 4823 1938 4876 in
1979 4825 2152 4877 omni-

579 4901 670 4920 ,ΜΔ
712 4915 766 4920 η
1150 4903 1206 4920 η,
1273 4908 1282 4916 .
1346 4907 1374 4920 ..
1461 4914 1464 4916 .
1541 4909 1560 4920 η
1666 4914 1672 4920 .
1983 4913 1996 4920 -

2285 4843 2534 4895 'oluntate
2564 4853 2618 4896 et
2651 4844 2914 4910 permissu
2941 4820 3121 4897 domui
3144 4854 3198 4898 et
3227 4845 3445 4914 gloriosi
3475 4849 3653 4917 magni
3680 4851 3872 4920 impe-

575 4901 675 4955 bUS
707 4913 1111 4957 εοηεοτνουιυτ.
1147 4903 1212 4958 Ει
1240 4908 1283 4959 Si
1308 4907 1499 4975 aliquis
1539 4909 1700 4963 fuerit
1727 4927 1930 4979 eomes,
1964 4913 2156 4969 dome-
2260 4932 2452 4983 [amris
2479 4901 2678 4992 ουτοιῖ,
2710 4931 2775 4983 ad
2820 4930 3092 4985 basilicam
3139 4901 3258 5002 (Ιυὲ
3303 4944 3388 4989 εει
3435 4901 3869 4993 ροηδῖτυαδῐίιι

575 4993 758 5055 sticus,
777 5007 872 5048 seu
901 4995 1092 5062 grafio,
1123 4996 1372 5060 vicarius,
1408 4999 1489 5052 vel
1533 5001 1808 5068 tribunus,
1839 5020 1932 5058 seu
1977 5007 2157 5072 quali-

2285 5033 2462 5073 ionore
2493 5021 2665 5075 sancti
2697 5019 2884 5075 Jacobi
2906 5024 3158 5090 apostoli,
3190 5025 3270 5078 vel
3299 5036 3623 5081 caeterorum
3650 5031 3872 5086 beato-

573 5097 803 5184 cuntque
840 5084 1116 5188 iudiciaria
1152 5097 1415 5156 potestate
1459 5091 1786 5160 succinctus,
1830 5098 1918 5163 qui
1976 5095 2155 5150 indul-
2258 5125 2373 5163 rum
2403 5111 2794 5179 apostolorum,
2825 5113 2915 5167 ubi
2943 5084 3175 5170 scilicth
3215 5117 3529 5188 Arnulpbus
3583 5121 3871 5186 pretiosus

574 5175 806 5243 gentiam
858 5187 910 5280 et
943 5177 1232 5234 bonitatem
1269 5180 1475 5248 piorum
1505 5193 1559 5236 et
1604 5195 1808 5280 patrum
1851 5196 2152 5242 nostrorum
2256 5217 2482 5271 corpore
2514 5207 2820 5272 requiescit,
2857 5215 3061 5274 partem
3085 5175 3596 5275 dotatalicii'nostri,
3625 5212 3701 5265 ab
3743 5214 3872 5280 ipso

575 5280 778 5332 regum,
807 5266 887 5319 vel
914 5277 1154 5321 nostram
1185 5273 1597 5340 praeceptionem
1629 5273 1924 5344 irrumpere
1953 5291 2016 5332 ae
2040 5279 2153 5332 vioo

2285 5293 2498 5347 iiissimo
2521 5292 2846 5362 imperatore
2870 5295 3021 5349 nobis
3047 5300 3313 5363 concessi,
3333 5299 3433 5352 hoc
3455 5310 3536 5353 est
3571 5300 3870 5360 νεοθνὴς.

577 5355 683 5407 lare
724 5357 1102 5422 praesumserit,
1155 5370 1530 5415 sescentorum
1573 5363 2027 5420 solidorum-auri
2089 5367 2154 5422 ad

2285 5393 2311 5437 at
2339 5385 2529 5438 subtus
2554 5395 2758 5439 curtem
2794 5386 2952 5441 sitam
2982 5387 3034 5440 in
3065 5387 3256 5441 ducatu
3279 5390 3562 5459 Moslinge,
3600 5391 3653 5443 in
3680 5392 3875 5444 comi-

578 5450 999 5511 purumexcocti
1030 5462 1311 5504 numerum
1340 5466 1399 5505 se
1421 5463 1711 5522 cognoscat
1737 5455 1802 5508 ad
1849 5455 2016 5525 ipsam
2065 5471 2155 5511 ca-

2285 5487 2366 5530 atu
2395 5474 2642 5545 Mctensi,
2665 5493 2766 5530 una
2789 5493 2910 5531 cum
2943 5479 3274 5548 appendiciis
3305 5450 3606 5536 ete.clesia
3637 5484 3704 5536 in
3753 5483 3881 5536 Iso-

575 5549 688 5587 snm
715 5537 884 5591 sancti
911 5536 1122 5594 Martini
1148 5541 1232 5596 vel
1261 5542 1484 5600 abbates
1513 5560 1639 5602 suos
1663 5547 1998 5603 multandum
2033 5566 2048 5604 :
2084 5551 2154 5605 ita

2285 5580 2388 5621 lore
2434 5567 2655 5636 pretiosi
2708 5536 3069 5639 Arnulphi-in
3114 5571 3369 5640 praedicta
3416 5573 3543 5628 villa
3591 5573 3882 5630 Vacat-ias

650 5683 677 5757 ξ
713 5683 1095 5757 (hirrigemlum
1126 5708 1238 5748 \‘lll.

651 5702 1238 5783 glhfltfigﬁqtlgﬂ-t'ill.
1287 5764 1323 5783 η
1390 5766 1448 5778 Η
1820 5771 1831 5781 .
2257 5703 2454 5783 [ascita
2508 5702 2730 5783 garolus
2795 5708 3113 5776 celebravit,
3171 5719 3229 5766 ut
3289 5721 3554 5770 testantur
3611 5713 3880 5769 Annales

720 5753 891 5810 Forte
921 5758 1232 5830 legendum,
1284 5764 1581 5836 Carisiaga;
1649 5784 1771 5826 nam
1820 5771 1872 5827 in
1921 5787 1985 5828 ea
2027 5772 2150 5830 villa

2257 5775 2566 5845 Egiultardi.
