4034 6182
213 369 306 426 973
490 361 720 421 CODEX
759 355 1286 417 DIPLOMATICUS.
1329 385 1398 396 —-
1439 349 1854 410 PBIVILEGIA.
1895 377 1966 390 —-
2006 349 2043 400 l.
2087 345 2337 401 PRIVIL.
2380 343 2516 401 PER
2553 341 2831 398 GALLIE
2873 341 3169 400 PARTES.
3357 343 3466 400 974

212 489 530 541 constructa,
561 492 681 532 cum
715 475 858 528 omni
892 471 1218 540 integritate,
1251 477 1358 522 tam
1393 467 1580 530 terris,
1609 462 1785 517 dumi-
1816 470 1862 522 Α
1891 475 2012 512 cum
2041 459 2380 528 appenditils,
2408 455 2652 512 ecclesiis
2683 467 2806 524 quae
2834 455 2898 509 ad
2943 456 3112 520 ipsam
3135 456 3313 509 villam
3347 471 3472 525 per.

212 577 323 638 bus,
348 569 610 632 aediﬁciis,
637 566 937 630 accolabus,
969 561 1269 633 mancipiis,
1318 561 1512 632 sylvis,
1559 556 1783 625 campis,
1893 554 2062 606 liuere
2109 551 2390 616 videntur,
2427 565 2548 603 cum
2591 548 2736 602 omni
2785 547 3111 616 integritate,
3145 559 3250 601 tam
3298 552 3478 614 terris,

213 665 396 735 pratis,
433 661 666 730 pascuis,
693 658 868 726 aquis,
901 669 1228 724 aquarumve
1251 647 1786 716 decursibus,omnia
1893 641 2162 706 domibus,
2187 639 2452 702 aediﬁciis,
2484 638 2787 703 accolabus,
2823 637 3123 704 mancipiis,
3155 639 3350 702 vineis,
3389 641 3482 694 sil-

210 729 260 812 et
289 769 353 809 ex
379 729 650 814 omnibus,
685 765 780 815 per
811 750 946 801 hanc
978 757 1215 801 nostram
1244 746 1622 800 authoritatem
1661 755 1790 796 con-

1955 748 1993 796 s,
2025 733 2249 800 campis,
2283 729 2482 798 pratis,
2513 729 2752 798 pascuis,
2779 730 2929 798 aquis
2950 770 2965 793 ,
3021 744 3350 798 aquarumve
3391 735 3486 786 dc-

209 845 448 903 cedimus
477 853 532 898 et
584 841 952 897 condonamus
1001 839 1383 908 perpetualiter
1412 836 1476 890 ad
1512 832 1793 902 possiden-
1893 827 2174 891 cursibus;
2208 826 2384 880 omnia
2413 835 2468 880 et
2489 841 2552 880 ex
2581 827 2828 879 omnibus
2853 841 2946 894 per
2970 830 3107 879 hanc
3131 835 3368 880 nostram
3394 841 3484 878 au-

211 939 332 992 dunt
351 979 365 1002 ,
390 951 510 1003 quae
537 935 714 988 omnia
742 947 864 1006 cum
897 931 1212 998 adjacentiis
1235 929 1366 997 suis,
1398 929 1520 982 ideo
1547 925 1794 995 speciali-
1897 921 2204 974 tltoritatem
2223 919 2596 985 concedimus,
2612 919 2696 972 vel
2723 919 3088 972 condonamus
3105 919 3488 987 perpetualitcr

213 1039 290 1084 ter
321 1027 376 1081 in
407 1027 524 1096 ipso
551 1026 668 1078 loco
716 1021 1085 1086 concedimus,
1111 1021 1234 1090 quia
1275 1021 1371 1084 ibi,
1401 1019 1509 1072 Deo
1555 1015 1792 1084 favente,
1897 1010 1962 1062 ad
1996 1009 2376 1078 possidendum
2404 1027 2416 1061 :
2444 1025 2601 1076 quam
2631 1009 2808 1062 villam
2841 1023 2961 1062 cum
2993 1009 3242 1064 omnibus
3261 1009 3374 1063 suis
3395 1009 3492 1061 ad-

212 1130 436 1186 corpore
457 1115 738 1186 quiescere
787 1111 1052 1166 volumus.
1103 1113 1170 1165 Et
1211 1112 1332 1178 quia
1382 1109 1582 1164 scimus
1633 1107 1796 1160 multa
1895 1100 2144 1170 jacentiis
2175 1101 2298 1153 ideo
2324 1099 2636 1167 specialiter
2664 1101 2714 1152 in
2742 1099 2858 1167 ipso
2887 1107 3072 1152 sancto
3103 1099 3220 1152 loco
3241 1098 3494 1153 concedi-

212 1226 330 1280 qua:
357 1209 505 1278 prius
533 1207 772 1260 studiose
803 1205 953 1268 liunt,
985 1215 1164 1272 postea
1195 1201 1578 1273 refrigescente
1615 1200 1798 1254 chari-
1903 1207 2040 1258 mus,
2073 1201 2130 1245 ut
2153 1191 2348 1246 exinde
2377 1207 2473 1260 pro
2505 1191 2744 1244 remedio
2778 1191 3045 1258 praedicta:
3099 1191 3344 1261 caujogis
3389 1207 3490 1245 noo

215 1314 356 1371 tate,
401 1302 454 1356 in
504 1299 882 1371 negligentiam
937 1297 1214 1358 devenire,
1263 1297 1382 1350 ideo
1435 1293 1800 1348 interdicimus

1957 1297 2048 1346 rte,
2075 1281 2330 1336 continue
2353 1282 2442 1335 die
2471 1290 2738 1350 noctuque
2761 1282 3042 1335 luminaria
3071 1283 3136 1336 ad
3167 1285 3282 1351 ejus
3311 1286 3494 1349 sepul-

213 1391 462 1446 ontuibus
484 1389 791 1454 abbatibus,
819 1401 913 1442 seu
957 1385 1270 1442 custodibus
1296 1385 1538 1454 ejusdem
1581 1395 1803 1437 venera-
1903 1373 2092 1426 clll’um
2153 1371 2266 1425 fieri
2313 1372 2564 1426 debeant.
2617 1372 2681 1425 Et
2716 1374 2836 1441 quia
2888 1374 3090 1427 scimus
3155 1375 3318 1428 multa
3373 1391 3496 1445 qua:

217 1479 338 1534 bilis
367 1479 494 1542 loci,
525 1485 582 1532 et
614 1493 708 1546 per
728 1476 968 1530 divinum
997 1491 1092 1530 eos
1122 1475 1454 1530 obtestamur
1479 1487 1728 1535 examen,
1747 1479 1804 1524 ut
1909 1465 2058 1531 prius
2082 1464 2320 1518 studiose
2377 1467 2527 1528 liunl,
2551 1474 2736 1534 postea
2787 1465 3173 1535 rel'rigesccnte
3213 1467 3501 1531 citat-itate,

213 1573 322 1642 iam
351 1570 526 1625 dictas
551 1584 640 1623 res
669 1582 940 1637 nunquam
971 1576 1300 1637 pmsumam
1336 1565 1496 1620 alicui
1545 1563 1806 1619 beneﬂcio
1911 1555 1968 1607 iit
1995 1554 2372 1624 negligentiam
2399 1555 2672 1620 devenire,
2707 1556 2912 1610 idcirco
2937 1558 3304 1613 interdicimus
3329 1563 3500 1613 omni-

215 1659 482 1723 tribuere.
509 1673 608 1713 nec
638 1673 734 1729 per
763 1657 1084 1727 precariam,
1116 1665 1175 1711 υι
1203 1655 1316 1710 ﬁeri
1346 1655 1514 1720 solet,
1543 1655 1803 1721 pra-bere,
1916 1646 2014 1699 bus
2039 1647 2325 1702 abbatibus
2373 1649 2488 1701 sive
2534 1649 2845 1702 custodibus
2892 1648 3134 1719 ejusdem
3187 1651 3509 1706 venerabilis
3577 1663 3582 1668 '

222 1765 324 1810 nec
356 1750 423 1803 ad
453 1747 653 1803 nullum
680 1747 900 1801 omnino
929 1747 1086 1802 istius
1117 1746 1296 1801 saeculi
1328 1760 1483 1800 usum
1513 1745 1804 1806 inﬂectere,
1917 1739 2040 1802 loci,
2076 1749 2132 1794 et
2156 1755 2250 1808 per
2277 1741 2517 1794 divinum
2544 1756 2636 1796 eos
2665 1743 2998 1797 obtestamur
3019 1757 3271 1808 examen,
3300 1756 3356 1798 ut
3395 1743 3506 1814 jam

214 1841 310 1895 sed
343 1853 564 1907 semper
595 1841 648 1892 in
673 1837 864 1892 eodem
901 1835 1194 1892 venerabili
1243 1835 1362 1891 loco
1409 1836 1475 1890 ad
1525 1849 1652 1889 usus
1702 1823 1890 1888 Deo-B
1923 1831 2086 1884 latam
2119 1831 2302 1884 villam
2336 1847 2608 1901 nunquam
2661 1842 2988 1900 praesumant
3041 1833 3200 1902 alicui
3253 1833 3511 1889 beneﬁcio

215 1933 290 1987 ibi
322 1929 672 1986 servientium
705 1929 999 1998 perpetuali
1029 1927 1148 1996 jure
1185 1926 1398 1982 subdita
1441 1933 1807 1994 permaneant.
1917 1924 2176 1992 tribuere,
2203 1940 2300 1979 nec
2329 1939 2422 1994 per
2445 1927 2766 1994 precariam,
2792 1927 2978 1982 utlieri
3003 1929 3224 1995 assolet,
3245 1931 3506 1998 praebere.

216 2023 274 2080 Si
299 2023 426 2092 quis
455 2032 631 2076 autem
661 2037 727 2075 ex
755 2021 1038 2074 abbatibus
1055 2018 1349 2074 venerandi
1371 2017 1512 2072 illius
1535 2016 1636 2071 loci
1679 2016 1814 2069 banc
1917 2033 2018 2072 nec
2043 2018 2108 2072 ad
2145 2019 2346 2073 nullum
2381 2021 2602 2074 omnino
2630 2021 2784 2075 istius
2807 2022 2992 2076 saeculi
3024 2038 3175 2076 usum
3201 2023 3508 2082 inflectere;

221 2123 479 2168 nostram
511 2113 840 2167 voluntatem
869 2111 1066 2166 violare
1108 2109 1528 2179 prtesumpserit,
1557 2117 1814 2162 aeternam
1918 2110 2034 2175 sed,
2067 2121 2124 2162 ut
2151 2111 2408 2176 diximus,
2433 2127 2530 2180 pro
2561 2112 2798 2167 remedio
2845 2113 3040 2168 animae
3089 2115 3254 2184 ipsius
3301 2113 3514 2170 dilecta:

217 2221 332 2260 non
379 2205 560 2260 valeat
581 2205 817 2274 eﬂugere
846 2203 1268 2266 damnationem,
1301 2214 1354 2258 et
1382 2203 1593 2257 beatum
1621 2201 1816 2254 adver-
1923 2200 2174 2270 conjugis
2203 2211 2402 2256 nostra:
2427 2203 2766 2272 llildegarde,
2787 2205 2850 2256 ad
2871 2205 3042 2273 ipsum
3069 2215 3310 2259 sanctum
3340 2207 3514 2259 locum

215 2313 342 2352 sum
367 2296 818 2365 seArnulpbum,
844 2311 950 2350 non
977 2295 1300 2365 adjutorem,
1325 2294 1420 2349 sed
1453 2294 1631 2362 potius
1683 2308 1821 2348 seu-
1922 2293 2638 2348 luminariaincessabiliter
2685 2295 2847 2360 ﬁant;
2904 2305 2958 2350 et
3006 2295 3147 2364 quod
3205 2311 3268 2351 ex
3328 2296 3516 2351 iisdem

215 2391 322 2445 tiat
356 2399 747 2444 accusatorem.
779 2390 978 2442 Omnes
1010 2397 1186 2442 autem
1241 2397 1456 2442 nostros
1501 2387 1594 2456 qui
1653 2384 1822 2440 futuri
1928 2383 2280 2438 luminaribus
2302 2385 2656 2454 superfuerit,
2687 2387 2762 2438 illi
2812 2386 3009 2440 exinde
3060 2387 3404 2455 prmordinati
3452 2391 3518 2438 :lil

215 2489 374 2543 sunt,
400 2493 496 2548 per
522 2477 794 2534 Christum
821 2479 912 2534 Dei
943 2478 1133 2532 Filium
1163 2479 1558 2545 redemptorem
1583 2477 1821 2531 omnium
1925 2477 2051 2545 ipsis
2080 2477 2392 2531 custodibus
2423 2479 2650 2542 alantur,
2685 2481 2774 2548 qui
2819 2493 2913 2546 pro
2943 2493 3086 2546 srpe
3129 2477 3252 2534 faue
3303 2479 3514 2533 dilecta:

214 2573 568 2640 adjuramus,
601 2580 656 2627 et
695 2573 1038 2640 exposcimus
1086 2583 1451 2634 successores,
1485 2569 1600 2624 sive
1647 2571 1828 2638 cnjus-
1929 2575 2127 2620 nostra:
2153 2568 2400 2638 conjugis
2438 2568 2614 2622 anima
2645 2582 2668 2608 ιι
2705 2569 2897 2622 missas
2924 2570 3164 2639 quotidie
3197 2571 3296 2625 fuci
3317 2577 3416 2632 ent,
3439 2572 3524 2624 vel

226 2677 480 2730 cumque
509 2661 716 2715 ordinis
737 2662 968 2730 judices,
999 2671 1056 2716 ut
1086 2663 1262 2716 nullus
1304 2661 1406 2716 hoc
1447 2662 1591 2730 quod
1639 2661 1830 2716 statui-
1935 2657 2282 2725 psalmodiam
2315 2667 2370 2712 et
2400 2675 2586 2728 preces
2635 2659 2690 2714 in
2733 2671 3028 2729 conspectu
3077 2659 3286 2714 Domini
3334 2661 3527 2730 iugiter

213 2769 350 2808 mus
401 2751 596 2806 audeat
651 2753 994 2820 irrumpere,
1053 2762 1108 2806 et
1158 2751 1398 2820 quolibet
1452 2749 1614 2806 modo
1670 2751 1830 2806 aliter
1931 2748 2227 2805 ell'undant.
2281 2751 2334 2804 Si
2380 2753 2500 2820 quis
2554 2761 2731 2806 autem
2781 2767 2844 2805 ex
2905 2751 3186 2807 abbatibus
3231 2755 3518 2807 venerandi

213 2861 400 2915 quam
433 2845 720 2909 voluimus,
753 2844 1060 2900 immutare.
1089 2845 1242 2912 Quod
1275 2844 1320 2898 si
1353 2845 1474 2914 quis
1516 2859 1702 2899 eorum
1755 2843 1834 2897 l'a-
1933 2840 2079 2895 illius
2113 2841 2215 2895 loci
2243 2842 2379 2894 lianc
2409 2853 2645 2896 nostram
2670 2857 2736 2895 vo
2765 2851 3001 2896 untatem
3029 2842 3231 2897 vrolare
3261 2857 3524 2910 praesum-

213 2951 364 2992 cere
401 2935 709 2999 tentaverit,
743 2933 1002 3004 quidquid
1025 2935 1140 3003 ipse
1167 2935 1437 2998 statuerit,
1459 2947 1488 2984 a
1519 2948 1618 2987 suo
1637 2933 1836 2987 sentiat.
1943 2935 2130 3002 pserit,
2164 2946 2419 2988 intentam
2447 2933 2683 3004 ell‘ugere
2711 2949 2819 2987 non
2874 2935 3047 2988 valeat
3091 2933 3490 2989 damnationem
3513 2978 3527 2996 ,

211 3023 549 3082 adversario
568 3025 820 3090 convelli,
839 3035 894 3080 et
921 3023 1424 3094 insuperjudicium
1448 3024 1520 3078 sit
1547 3022 1834 3078 habiturus
1939 3038 1994 3082 et
2023 3027 2238 3082 beatum
2271 3029 2556 3083 adversum
2585 3043 2644 3082 se
2675 3027 3036 3095 Arnulphum,
3069 3043 3174 3082 non
3204 3026 3527 3096 adiutorem.

212 3118 548 3180 nobiscum,
573 3130 754 3170 coram
783 3116 1082 3182 justissimo
1107 3115 1310 3184 judice.
1339 3117 1404 3168 Et
1427 3123 1485 3168 ut
1507 3115 1622 3168 haec
1645 3115 1838 3169 autho-
1867 3177 1906 3187 _
1939 3117 2034 3172 sed
2064 3118 2239 3187 potius
2267 3118 2463 3172 sentiat
2488 3126 2887 3182 accusatorem;
2933 3119 3028 3171 sed
3072 3125 3126 3170 et
3165 3131 3352 3170 servos
3402 3115 3493 3171 Dei
3514 3159 3528 3180 ,

211 3207 368 3259 ritas
443 3177 650 3256 ﬁrmior
701 3177 980 3266 babeatnr,
1037 3177 1126 3256 vel
1177 3201 1446 3256 diuturnis
1504 3199 1836 3268 temporibus

1955 3209 2044 3278 tui
2063 3177 2128 3262 ad
2157 3208 2260 3264 ltoc
2281 3222 2415 3277 opus
2445 3207 2790 3278 praeordinati
2820 3177 3037 3271 fuerint,
3079 3221 3174 3275 per
3201 3177 3530 3261 individuum

211 3297 440 3352 melius
465 3305 842 3358 conservetur,
873 3293 1100 3348 domnus
1130 3302 1314 3348 noster
1343 3301 1398 3347 et
1427 3292 1706 3362 piissimus
1729 3291 1838 3346 lm-

1955 3311 2143 3357 sanclat
2165 3301 2441 3356 Trinitatis
2471 3317 2667 3356 nomen
2719 3301 3050 3372 adjuramus,
3082 3311 3140 3355 ut
3187 3301 3384 3355 nullam
3443 3317 3534 3356 ue-

209 3395 461 3456 [σετθιοτ
476 3385 702 3441 animus
715 3384 913 3439 ηοεῑτίε
937 3383 1546 3438 Ῑίῧθηιίεείηῖθθθηυθηε
1570 3383 1836 3450 Ρΐθεῖδιιει
1863 3389 1866 3392 ’
1940 3392 2245 3461 gligentiam
2272 3391 2495 3456 faciant;
2527 3391 2680 3462 quin,
2706 3400 2760 3442 ut
2786 3391 3121 3460 praemissum
3145 3400 3250 3455 est,
3271 3391 3527 3445 continue

211 3493 412 3532 [ratio
452 3475 668 3545 propria
699 3475 1190 3541 subteradnotavit,
1217 3483 1272 3528 et
1299 3474 1366 3529 de
1392 3475 1592 3529 annulo
1621 3489 1721 3528 suo
1768 3475 1841 3528 si-

1955 3486 1998 3535 ln
2031 3483 2364 3537 orationibus
2389 3495 2441 3536 et
2471 3485 2756 3539 missarum
2788 3482 3065 3536 solemniis
3103 3490 3160 3536 et
3216 3481 3534 3551 psalmodiis

207 3569 626 3642 gillarijussit.
1947 3573 2189 3628 studiose
2247 3574 2470 3630 instent.
2513 3575 2713 3629 Omnes
2755 3583 2933 3628 autem
2979 3581 3190 3627 nostros
3237 3571 3328 3643 qui
3377 3575 3538 3628 futuri

299 3663 452 3718 Data
487 3665 644 3716 tertio
675 3661 796 3715 idus
824 3661 1024 3715 mensis
1051 3658 1246 3723 Martii,
1264 3673 1404 3714 anno
1425 3659 1612 3727 quinto
1635 3658 1844 3712 decimo
1945 3676 2094 3732 sunt,
2116 3682 2211 3736 per
2232 3665 2614 3720 (LhristumDei
2645 3665 2832 3719 Filium
2857 3663 3253 3732 redemptorem
3275 3663 3536 3730 omnium,

205 3755 434 3813 domui
461 3762 518 3810 et
547 3752 770 3824 piissimi
799 3753 1142 3820 imperatoris
1165 3753 1450 3818 Caroli,ab
1475 3753 1843 3806 lncarnatione
1944 3757 2258 3828 adjuramns
2305 3768 2358 3814 et
2411 3759 2754 3824 exposcimus
2803 3769 3168 3820 successores,
3193 3755 3307 3810 sive
3361 3755 3540 3825 cujus-

203 3856 434 3901 autem
457 3843 666 3898 Domini
699 3845 870 3900 nostri
899 3843 1026 3898 Jesu
1057 3842 1260 3897 Cltristi
1305 3857 1445 3896 anno
1486 3841 1846 3910 septingente-
1945 3865 2172 3919 cumque
2197 3849 2402 3904 ordinis
2436 3848 2668 3916 judices,
2693 3859 2750 3902 ut
2787 3847 2962 3902 nullus
2995 3848 3097 3900 hoc
3143 3847 3286 3915 quod
3319 3848 3534 3901 'statui-

198 3941 386 3994 sima
415 3937 752 4005 octogesimo
783 3935 961 3989 tertio.

1955 3955 2080 4008 mus,
2109 3940 2302 3994 audeat
2323 3941 2710 4008 irrumpere,et
2731 3939 2972 4007 quolibet
3007 3938 3166 3990 modo
3193 3938 3350 3992 aliter
3374 3953 3532 4006 quam

291 4029 458 4084 Acta
483 4025 636 4082 Motis
657 4027 708 4080 in
735 4025 827 4082 Dei
854 4025 1074 4080 nomine
1097 4024 1345 4090 feliciter,
1363 4023 1654 4078 indictione
1667 4031 1842 4078 sexta.
1945 4033 2196 4085 volumus
2227 4029 2532 4086 immutare,
2567 4029 2720 4094 Quod
2743 4030 2786 4083 si
2817 4031 2935 4095 quis
2956 4043 3144 4083 eorum
3193 4027 3370 4083 facere
3417 4035 3536 4082 ιε...

1014 4138 1076 4192 ι,
1949 4123 2164 4186 laverit,
2195 4121 2452 4193 quidquid
2483 4122 2597 4190 ipse
2623 4123 2891 4186 statuerit,
2915 4135 2944 4172 a
2969 4135 3065 4172 suo
3107 4120 3304 4174 sentiat
3349 4119 3540 4173 adver-

197 4211 500 4285 Diploma
527 4207 700 4264 Caroli
729 4208 912 4294 M‘pgni
958 4226 1053 4294 pro
1095 4210 1402 4294 magisterio
1443 4207 1608 4260 saueii
1643 4204 1846 4271 Artmlﬁ

1955 4216 2094 4270 sario
2121 4217 2386 4269 convelli:
2421 4225 2473 4270 et
2503 4217 2718 4282 insuper
2741 4213 2998 4282 judicium
3029 4213 3098 4266 sit
3131 4211 3406 4266 nobiscum
3436 4213 3539 4264 ha-

757 4279 998 4376 Metensis
1024 4277 1382 4376 (aitno_785_)._
1953 4307 2157 4362 biturns
2181 4322 2361 4361 coram
2387 4277 2688 4376 justissimo
2713 4277 2912 4375 judice.
2943 4305 3008 4358 Et
3031 4313 3086 4357 ut
3109 4303 3219 4358 haec
3242 4303 3542 4358 autltoritas

589 4372 684 4434 (Et
708 4373 836 4422 dom.
865 4371 1092 4430 Calmel.,
1123 4370 1252 4422 Hist.
1273 4373 1334 4420 de
1356 4371 1491 4419 Ιιονι·⁸
1502 4393 1519 4432 ι

295 4454 562 4515 Carolus
589 4455 757 4523 gratia
791 4453 886 4509 Dei
909 4469 1003 4508 rex
1031 4453 1356 4508 Francorum
1381 4463 1433 4506 et
1467 4449 1844 4521 Langobardo-

191 4565 354 4607 rum
415 4561 482 4600 ac
514 4545 768 4615 patricius
807 4545 1196 4600 Romanorum.
1247 4543 1512 4612 Quidquid
1539 4543 1680 4597 enim
1713 4541 1844 4596 locis
1881 4530 1928 4588 Ῑ)

187 4648 571 4700 Sanctorum
603 4635 992 4690 venor-altilium
1023 4635 1094 4690 ob
1136 4649 1372 4688 amorem
1422 4633 1630 4686 Domini
1677 4631 1844 4684 nostri

185 4737 364 4792 Jesu
403 4725 621 4782 Cltristi
649 4725 997 4781 concedimus
1028 4725 1112 4782 vel
1137 4725 1536 4786 conﬁrmamus,
1569 4724 1668 4777 hoc
1695 4723 1846 4776 nobis

184 4821 616 4898 proculdubio
667 4819 732 4874 ad
794 4819 1098 4875 mercedem
1155 4821 1235 4874 vel
1285 4818 1630 4872 stabilitatem
1697 4817 1848 4886 regni

179 4915 454 4976 nostri,
479 4913 534 4967 in
563 4912 654 4966 Dei
679 4913 894 4966 nomine
926 4911 1194 4979 pertinere
1221 4910 1560 4965 conlidimus.

281 5008 502 5078 Igitur
527 5011 708 5057 notum
731 5003 1063 5056 sitomnium
1101 5001 1334 5060 ﬁdelium
1385 5013 1685 5056 nostrorum
1739 5017 1852 5056 ma-

173 5093 552 5176 gnitudini,
599 5095 942 5163 praesentium
983 5103 1038 5148 ct
1069 5093 1386 5160 futurorum,
1420 5097 1644 5164 qualiter
1671 5110 1768 5148 nos
1799 5095 1850 5148 iit

175 5189 560 5251 cletnosina
602 5185 965 5242 dilectissitnat
1011 5185 1253 5256 conjugis
1293 5199 1488 5240 nostra:
1535 5185 1855 5255 Hildegarde

1953 4395 2158 4452 ﬁrmior
2203 4398 2484 4464 habeatur,
2525 4397 2610 4452 vel
2655 4393 2920 4450 diuturnis
2977 4393 3308 4463 temporibus
3355 4393 3546 4448 melius

1952 4503 2318 4556 conservetur,
2356 4503 2514 4542 manu
2546 4487 2759 4557 propria
2807 4486 2998 4541 subtus
3047 4483 3422 4539 adnotavimus
3443 4527 3458 4550 ,
3491 4495 3548 4537 et

1953 4581 2020 4635 de
2062 4581 2261 4634 annulo
2321 4589 2503 4635 nostro
2553 4577 3092 4648 sigillarejussimus.
3129 4579 3318 4631 Datum
3354 4579 3538 4632 calen-

1951 4669 2037 4724 ds
2061 4671 2182 4724 Maii
2211 4687 2355 4724 anno
2375 4671 2565 4740 quinto
2594 4670 2804 4724 decimo
2837 4669 2984 4738 regni
3033 4669 3224 4735 nostri,
3255 4669 3322 4722 ab
3368 4668 3546 4723 lucar—

1957 4761 2171 4814 natione
2198 4761 2410 4814 Domini
2445 4761 2616 4815 nostri
2647 4775 2788 4816 anno
2813 4761 3296 4830 septingentesimo
3325 4769 3534 4824 octoge-

1953 4851 2090 4902 simo
2124 4852 2299 4916 tertio,
2329 4852 2379 4904 in
2411 4853 2497 4905 die
2548 4851 2889 4905 Ascensionis
2938 4851 3254 4912 Dominicre,
3285 4850 3337 4901 in
3389 4847 3544 4915 cujus

1957 4943 2172 5012 vigiliis,
2201 4943 2312 5009 ipsa
2351 4943 2658 4996 dulcissima
2681 4942 2876 5011 conjux
2906 4953 3088 4996 nostra
3120 4941 3250 4992 obiit
3292 4939 3343 4990 iu
3395 4953 3536 4990 anno

1962 5037 2120 5090 tertio
2171 5035 2382 5089 decimo
2432 5034 2824 5101 conjunctionis
2884 5039 3104 5084 n0stru-.
3137 5031 3322 5082 Actum
3372 5031 3399 5080 Ἰ
3419 5030 3546 5082 lino-

1962 5126 2260 5182 donisvillsu
2291 5126 2490 5195 palatio
2531 5136 2736 5188 nostro,
2767 5124 2817 5175 in
2870 5121 2960 5176 Dei
3011 5121 3230 5174 nomine
3279 5119 3502 5175 feliciter
3533 5163 3547 5184 ,

1964 5221 2256 5276 indictione
2287 5232 2458 5274 sexta.

171 5287 488 5355 regium,
517 5277 581 5333 ad
609 5277 882 5330 basilicam
909 5291 1028 5345 quae
1067 5286 1152 5330 est
1197 5287 1502 5330 constructa
1547 5278 1596 5328 in
1649 5275 1854 5329 honore
1968 5275 1973 5276 ⁷
2707 5307 2790 5360 ω.

173 5383 258 5435 s.
309 5369 546 5430 Jacobi
591 5366 772 5440 [Forte
800 5366 1042 5438 Joannis]
1095 5369 1355 5433 apostoli,
1415 5369 1494 5420 vel
1552 5379 1854 5422 ceterorum
2008 5401 2322 5468 Prmvpmm
2353 5399 2524 5452 cam..-
2575 5397 2750 5460 Mﬂqm-
2803 5411 2896 5460 pro
2946 5397 3252 5448 monasmio
3290 5395 3514 5462 san-qm

171 5475 594 5528 beatorum,
643 5462 730 5516 ubi
773 5461 978 5516 scilicet
1014 5461 1270 5516 Amulius
1317 5463 1586 5530 pretiosus
1632 5475 1858 5526 corpore
2083 5452 2090 5454 V
2183 5452 2203 5468 Γ
2379 5471 2570 5520 "tanta
2603 5452 2778 5520 Protin
2804 5452 2974 5534 '(auno
3005 5465 3152 5534 786).
3404 5452 3413 5462 ’

169 5555 584 5630 requiescit,
615 5553 794 5606 villam
824 5561 1064 5609 nostram
1095 5565 1454 5622 nuncupatam
1478 5555 1854 5618 Camenetnut,
2187 5561 2274 5622 (Ex
2303 5561 2359 5610 1).
2390 5561 2631 5620 Dnuqueb,
2659 5556 2850 5608 Recrtcil
2873 5559 2960 5606 des
2985 5551 3110 5606 Hist.
3139 5555 3200 5603 de
3225 5555 3310 5604 Fr.

165 5659 404 5712 suam
457 5643 516 5696 in
541 5643 735 5702 ducato
773 5645 1027 5700 Moslinse
1073 5647 1124 5699 in
1170 5647 1428 5702 comitato
1470 5645 1728 5711 Metense,
1759 5661 1860 5700 una
2040 5647 2259 5701 Carolus
2282 5645 2443 5715 grauia
2482 5643 2570 5696 Dei
2603 5659 2692 5696 rex
2725 5641 3053 5695 Francorum
3082 5647 3136 5692 et
3165 5635 3552 5706 Longobardoa

271 5801 312 5828 ε
361 5785 492 5853 On_
527 5777 728 5853 londait
761 5781 856 5837 des
891 5795 1095 5837 messes
1123 5782 1192 5836 dit
1223 5793 1395 5853 temps
1426 5781 1493 5837 de
1529 5781 1842 5850 Cltarlemag

1972 5781 2192 5851 puisqne
2223 5777 2500 5835 luictnemc
2529 5793 2594 5832 en
2628 5773 2783 5832 londo
2810 5790 2939 5848 pour
2969 5774 3017 5830 le
3065 5775 3434 5847 soulagement
3489 5773 3558 5830 de
3593 5781 3616 5798 ⁸

167 5865 408 5925 fama
439 5847 528 5904 de
553 5864 610 5905 sa
633 5849 829 5908 femine
867 5853 1202 5924 lliltlcgarde.
