4034 6182
526 314 630 368 975

1411 304 1469 356 Β.
1515 301 1760 370 οικιὶυιιι
1804 301 2017 366 MAGNI
2056 299 2216 358 OPP.
2259 298 2433 354 PARS
2473 299 2515 355 Ι.
2552 298 2792 356 SECTIO
2829 296 2897 370 ll.

3688 297 3804 351 976

528 445 643 482 rum
697 443 759 482 ac
811 424 1061 494 patricius
1117 423 1500 480 Romanorum,
1548 419 1796 480 omnibus
1855 417 2099 474 fidelibus
2138 421 2185 480 Α
2213 415 2293 467 vel
2327 413 2575 481 quicquid
2599 412 2664 465 ad
2691 410 3048 490 eamaspicit,
3074 412 3246 482 ipsum
3273 410 3641 483 abbatemve}
3684 428 3809 465 mo-

526 519 724 574 nostris
746 515 1094 585 praesentibus
1124 521 1179 565 et
1209 509 1416 564 futuris.
1467 509 1728 576 Quicquid
1778 507 1921 560 enim
1967 508 2100 560 locis

527 606 918 662 venerabilibus
939 604 1008 656 ob
1030 615 1264 659 amorem
1292 600 1498 656 Domini
1530 609 1584 653 et
1603 599 1964 666 oportunitate
1983 612 2102 652 ser-

527 713 715 751 vorum
747 696 837 748 Dei
875 693 1133 748 benevola
1161 691 1556 756 deliberatione
1599 688 1966 756 concedimus,
1991 689 2105 742 haec

525 789 677 843 nobis
699 788 764 839 ad
791 793 1044 840 mternam
1071 782 1449 842 beatitudinem
1481 779 1879 842 velremedium
1904 780 2103 833 animm

523 888 720 936 nostra
752 879 1020 946 pertinere
1045 876 1384 941 confidimus.
1411 876 1746 952 Quapropter
1767 882 2105 942 compertum

521 973 589 1026 sit
617 969 854 1025 omnium
883 977 1180 1034 vestrorum
1209 963 1826 1035 magnitudini,qualiter
1841 961 2105 1016 donamus

519 1063 586 1118 ad
615 1061 999 1118 monasterium
1029 1059 1207 1114 sancti
1237 1059 1506 1122 Germani,
1537 1057 1676 1125 quod
1702 1066 1782 1112 est
1811 1069 1975 1124 prope
2007 1055 2106 1114 Pa-

521 1155 680 1210 risius
702 1152 971 1208 civitatem
1014 1159 1410 1206 constructum.
1451 1148 1538 1214 ubi
1591 1147 1754 1214 ipsius
1807 1148 2099 1214 pretiosum

518 1261 714 1318 corpus
739 1245 965 1315 quiescit
994 1248 1288 1306 humatum,
1321 1240 1461 1308 quod
1494 1238 1816 1293 venerabilis
1841 1239 1919 1289 vir
1960 1236 2100 1290 llro-

527 1339 715 1393 berlus
739 1337 876 1392 abba
903 1336 954 1388 in
973 1333 1228 1403 regimine
1251 1330 1448 1384 habere
1471 1329 1705 1394 videtur,
1731 1327 2103 1395 donatumque

519 1430 586 1486 ad
609 1428 854 1485 eumdem
881 1436 1121 1481 sanctum
1154 1424 1329 1490 locum
1368 1431 1421 1478 et
1462 1420 1488 1475 ς
1513 1421 1714 1474 atribus
1764 1419 1958 1473 ibidem
2009 1421 2102 1472 de-

517 1520 764 1591 gentibus
793 1532 914 1572 esse
946 1516 1215 1578 volumus,
1243 1515 1344 1568 hoc
1383 1524 1462 1567 est
1485 1512 1660 1565 villam
1691 1520 1948 1572 nostram,
1968 1525 2100 1562 nun-

517 1619 760 1678 cupatam
787 1605 1071 1660 Madriolas
1097 1600 1405 1677 [Maroles],
1442 1603 1490 1654 in
1535 1616 1666 1668 pago
1708 1597 2098 1664 Meledunense

517 1714 676 1765 super
704 1697 917 1770 fluvium
947 1696 1210 1764 Sequana,
1232 1708 1350 1746 cum
1383 1692 1526 1745 omni
1559 1690 1860 1759 integritate
1894 1704 1986 1752 sua
2028 1688 2092 1741 ad

2207 504 2405 564 nacbos
2432 503 2483 554 itt
2514 501 2704 555 eodem
2737 501 3066 570 monasterio
3095 500 3452 554 consistentes
3471 501 3807 566 inquietare.

2207 573 2288 644 vel
2321 575 2768 658 contrarationis'
2807 588 3054 660 ordinem
3114 597 3206 640 aut
3247 577 3571 641 calumniam
3616 571 3809 642 fat-ere

2207 695 2311 744 non
2344 688 2664 746 praesumat;
2698 678 2790 734 sed
2819 680 2886 748 ab
2918 677 3172 731 hodierna
3197 677 3284 729 die
3335 688 3576 731 rectores
3628 678 3824 746 ipsius,

2210 751 2526 846 monasterii
2556 783 2687 836 eam.
2721 766 2975 833 habeant,
3007 775 3220 820 teneant
3246 776 3403 834 atque
3436 766 3762 834 possideant
3797 782 3811 819 :

2205 843 2451 933 quatinus
2473 859 2664 936 melius
2710 858 2936 926 delectet
2978 853 3089 925 jam
3149 856 3352 910 dictum
3400 857 3650 910 abbatem
3707 857 3811 909 vel

2212 955 2367 1018 ipsos,
2387 949 2692 1024 monachos
2713 964 2809 1016 pro
2837 949 2989 1000 nobis
3022 962 3300 1018 uxoreque
3341 957 3519 1020 nostra
3549 954 3604 999 et
3649 948 3814 1008 ίῑὶίίμ,

2209 1035 2418 1106 necnon
2452 1056 2548 1110 pro
2577 1040 2866 1110 suabilitate
2895 1041 3040 1107 regni
3093 1041 3258 1092 nostri
3323 1039 3529 1112 Domini
3587 1036 3816 1092 miseri-

2205 1132 2442 1185 cordiam
2470 1129 2726 1191 attentius
2756 1123 3055 1196 deprecari.
3081 1127 3146 1196 Et
3181 1129 3285 1180 huc
3337 1127 3448 1180 bare
3501 1130 3816 1181 auctoritas

2204 1221 2354 1276 lirma
2403 1223 2688 1290 habeatur,
2735 1221 2820 1275 vel
2867 1222 3066 1274 nostris
3113 1229 3170 1272 et
3227 1220 3418 1272 futuris
3467 1222 3816 1289 temporibus

2204 1317 2400 1390 melius
2431 1324 2806 1390 conservetur,
2832 1327 2988 1384 manu
3025 1311 3237 1381 propria
3260 1313 3444 1365 subter
3464 1327 3578 1368 eam
3603 1314 3817 1364 dcere-

2206 1409 2376 1484 vimus
2401 1407 2674 1479 roborare,
2697 1418 2745 1460 ct
2781 1405 2848 1478 tle
2872 1405 3034 1480 anulo
3066 1413 3250 1479 nostro
3267 1403 3520 1471 iussimus
3540 1403 3813 1474 sigillati.

2273 1501 2493 1571 Signum
2519 1500 2694 1554 Caroii
2725 1498 3098 1574 gloriosissimi
3131 1497 3289 1566 regis.

2271 1579 2675 1662 Wigbaldnsad
2709 1589 3137 1666 vicent‘lliadonis
3169 1590 3468 1657 recognovi.

2275 1683 2409 1744 Data,
2436 1683 2568 1744 Non,
2596 1680 2930 1758 Novembris,
2964 1697 3103 1742 anno
3135 1695 3275 1732 nono
3301 1681 3504 1745 det-inin
3529 1690 3581 1731 et
3629 1682 3817 1748 tertio

521 1807 582 1845 se
614 1768 913 1859 pertinente
955 1789 1038 1842 vel
1087 1787 1398 1854 aspiciente,
1429 1785 1580 1838 sicuti
1613 1800 1640 1837 a
1671 1785 1827 1852 longo
1859 1792 2096 1851 tempore
2134 1777 2176 1836 Β
2203 1774 2413 1843 decimo
2442 1773 2584 1840 regni
2647 1771 2834 1846 nostri.
2888 1773 3077 1838 Actium
3134 1768 3424 1842 Warmasia
3459 1772 3684 1850 palatio,
3756 1775 3817 1823 in

512 1892 571 1935 et
603 1896 742 1936 nunc
776 1881 917 1951 juste
976 1880 1360 1935 rationabiliter
1395 1881 1458 1931 ad
1499 1877 1747 1932 eumdem
1792 1877 1959 1948 visum
2008 1886 2097 1929 est

517 1957 863 2044 pertinuisse,
908 1975 990 2029 vel
1042 1974 1179 2028 sicut
1227 1971 1483 2046 moderno
1530 1981 1767 2042 tempore
1810 1967 2097 2040 Autberttts

510 2087 696 2144 comes
723 2087 824 2143 per
838 2081 1076 2138 nostrum
1108 2067 1424 2121 beneficium
1455 2077 1638 2118 tenere
1665 2063 1894 2128 videtur,
1916 2061 1966 2114 id
1989 2070 2094 2134 est,

515 2181 638 2218 cunt
673 2165 846 2227 terris,
872 2162 1138 2223 domibus,
1165 2157 1426 2222 aediliciis,
1466 2155 1769 2219 aceolabus,
1795 2153 2093 2220 mancipiis,

519 2253 708 2326 vineis,
759 2253 943 2322 sylvis,
992 2248 1215 2318 campis,
1262 2247 1446 2318 pratis,
1497 2246 2093 2314 pascuis,aquarnmvc

515 2345 861 2407 decursibus,
903 2325 1198 2396 mobilibus
1241 2352 1291 2392 et
1349 2337 1731 2402 immobilibus,
1786 2343 1839 2388 ct
1887 2342 2096 2403 portum

515 2436 654 2506 quod
685 2443 767 2490 est
795 2434 926 2487 inter
961 2447 1151 2501 pagum
1184 2430 1504 2483 Senonicum
1536 2437 1590 2482 et
1633 2424 2092 2488 Melodunensent,

516 2505 584 2582 ab
610 2528 820 2582 Alsiaco
853 2525 974 2577 villa
1002 2523 1206 2592 praefati
1253 2505 1420 2576 sancti
1470 2521 1720 2576 Germani
1773 2534 1938 2586 usque
1986 2533 2105 2571 mo-r

515 2617 871 2672 nasteriolum
903 2613 1075 2668 sancti
1109 2611 1433 2684 Mauriciiex
1465 2622 1690 2679 unaque
1715 2609 1828 2676 ripa
1866 2608 2100 2670 fluminis

514 2712 802 2778 Sequanae,
839 2704 1218 2775 cujuscumque
1241 2701 1503 2768 sitltcrra;
1561 2699 1628 2752 ita
1671 2707 1726 2776 ut
1754 2698 1927 2750 nullus
1971 2696 2100 2751 inibi

516 2811 726 2872 portum
756 2800 841 2854 vel
885 2813 1075 2867 aquam
1108 2795 1323 2860 habent,
1378 2795 1478 2848 nisi
1521 2791 1630 2864 jam
1680 2792 1840 2862 dicta.
1869 2800 2102 2861 potestas

515 2893 640 2946 almi
666 2889 952 2960 Germani;
985 2901 1158 2960 neque
1184 2885 1512 2949 theloneum,
1547 2884 1977 2956 aut‘rotatic‘utn,
2007 2897 2100 2937 seu

517 2974 865 3050 vnltalicum,
915 2979 1319 3050 ceSpitaticum,
1374 2977 1677 3046 ripaticum,
1729 2977 1808 3030 vel
1859 2975 2103 3051 salutati-

521 3090 640 3130 cutn
686 3073 959 3146 cuiquam,
989 3073 1234 3140 accipere
1275 3069 1469 3132 liceat;
1521 3079 1812 3138 Illet'Cnltttll
1859 3080 2100 3137 quoque.

2202 1863 2292 1918 Dei
2342 1865 2556 1938 nomine
2598 1863 2842 1934 feliciter.

2276 2023 2592 2096 Prwceptum
2637 2020 2835 2159 Καί-σιξ(
2873 1951 3424 2159 νεὲἓζὲξ)υετιαιὶοηε
3467 2021 3729 2074 silvarum

2841 2108 2978 2145 anno
3089 2132 3095 2139 .
3149 2133 3162 2146 .

2841 2108 2978 2145 αηηο
3018 2108 3162 2146 αδδ).

2614 2181 2707 2244 (Et
2740 2182 2944 2240 Mabill.,
2969 2181 3034 2232 de
3061 2176 3368 2244 Re’diplom.)

2274 2269 2500 2324 Karolus
2544 2267 2637 2322 Dei
2677 2269 2848 2336 gratia
2894 2281 2996 2328 rex,
3031 2266 3358 2320 Francorum
3394 2274 3446 2318 et
3475 2266 3808 2336 Langolnr.

2200 2361 2389 2414 dorum
2428 2375 2490 2414 ac
2529 2360 2785 2428 patricius
2826 2359 3211 2414 Romanorum.
3258 2361 3509 2428 Quicquid
3535 2362 3690 2414 enim
3721 2365 3797 2414 ad

2203 2453 2320 2507 loca
2361 2459 2666 2505 sanctorum
2706 2451 3091 2505 venerabilium
3136 2465 3231 2518 pro
3271 2452 3630 2520 oportunitate
3657 2468 3804 2507 ser-

2203 2557 2390 2595 verum
2435 2541 2523 2594 Dei
2564 2541 2910 2595 concedimus
2946 2542 3026 2596 vel
3065 2540 3462 2604 confirmamus,
3496 2543 3597 2594 hoc
3627 2547 3801 2596 nobis

2203 2631 2556 2702 proculdubio
2615 2632 2681 2684 ad
2741 2639 2999 2685 aeternam
3057 2630 3440 2685 beatitudinem
3502 2633 3798 2698 pertinere

2202 2724 2542 2779 confidimus.
2597 2723 2759 2792 Igitur
2800 2733 2986 2776 notum
3029 2725 3100 2777 sit
3138 2723 3373 2779 «amnium
3417 2722 3646 2776 fidelium
3697 2740 3803 2776 no.

2201 2823 2435 2869 strorum
2480 2813 2870 2880 magnitudini,
2916 2814 3256 2882 prmsentinm
3297 2813 3500 2867 scilicet
3545 2826 3598 2864 et
3642 2816 3801 2866 rum-

2203 2918 2385 2958 rorum
2415 2941 2431 2968 ,
2495 2903 2728 2972 qualiter
2783 2903 3148 2965 concessimus
3193 2903 3456 2955 Autlantlo
3500 2902 3686 2955 abbati
3743 2918 3801 2956 et

2204 2995 2484 3050 monachis
2525 3008 2591 3050 ex
2649 2995 2980 3052 monasterio
3025 2997 3287 3058 ‘Sithiu,
3329 2995 3466 3064 quod
3513 3006 3597 3050 est
3644 3012 3794 3050 con-

2205 3095 2461 3140 structum
2498 3089 2550 3138 in
2590 3085 2792 3139 honore
2828 3085 2920 3141 Dei
2959 3087 3342 3155 omnipotentis
3365 3097 3417 3140 et
3442 3089 3607 3140 sancti
3639 3089 3800 3143 Petri

523 3166 812 3234 οιηηίειίιυε
837 3180 898 3219 εκ
946 3163 1220 3224 omnibus:
1251 3160 1500 3230 ψιίοίιιιίιι
1554 3159 1656 3212 “id
1697 3167 1808 3232 θυι,
1836 3156 2100 3249 "auriauri
2130 3157 2176 3220 (ἶ
2207 3179 2467 3249 principis
2519 3178 2887 3248 apostolorum
2941 3179 3026 3232 vel
3077 3188 3382 3234 ceterorum
3429 3188 3748 3232 sanctorum
3779 3222 3796 3240 .

521 3266 715 3331 potest,
741 3255 808 3308 ad
838 3255 1101 3324 integrum
1135 3253 1197 3306 ad
1222 3251 1392 3322 ipsum
1441 3260 1684 3304 sanctum
1730 3250 1927 3324 locum,
1951 3247 2098 3316 ejus-

519 3360 622 3414 que
653 3343 947 3398 rectoribus
972 3357 1036 3395 ac
1067 3340 1343 3410 monachis
1374 3355 1401 3391 a
1430 3338 1520 3393 die
1549 3351 1811 3405 prtesente
1839 3337 2100 3391 tradimus

522 3437 900 3506 perpetualiter
931 3432 1333 3502 possidendum.
1390 3431 1675 3500 Propterea
1717 3432 1852 3496 hanc
1903 3444 2100 3500 praece-

522 3529 755 3593 ptionem
797 3524 1128 3579 anetoritatis
1185 3532 1380 3578 nostra:
1431 3524 1772 3577 conscribere
1814 3521 2097 3590 jussitnus,

524 3629 616 3683 per
641 3627 806 3688 quam
823 3611 1046 3664 omnino
1074 3617 1373 3664 statuentes
1395 3595 1752 3682 decrevimus,
1779 3607 1918 3676 quod
1957 3607 2098 3662 circa

520 3709 698 3778 ipsum
729 3705 986 3783 abbatem
1003 3703 1084 3758 vel
1106 3712 1342 3775 rectores
1365 3703 1530 3774 ipsius
1553 3703 1796 3766 ecclesiae
1814 3712 2099 3781 perpetua-

495 3802 642 3856 -liter
671 3781 913 3874 volumus
945 3781 1063 3863 esse
1092 3811 1422 3872 mansurum,
1461 3795 1721 3868 lli-mliIIIS
1770 3795 2010 3871 quilibet
2033 3794 2099 3872 de

512 3870 799 3965 iudiciaria
847 3870 1268 3960 potestate,'aut
1317 3873 1390 3944 de,
1439 3896 1587 3956 parte
1635 3886 1747 3962 fisci
1796 3870 2102 3963 nostri,ant

523 3983 928 4056 qualiscumque
953 3995 1184 4050 persona
1223 3978 1294 4033 de
1333 3980 1588 4058 prtedicta
1639 3978 1782 4056 villa.
1808 3977 2100 4048 Madriolis,

596 4184 621 4211 °
646 4179 822 4244 Caroli
855 4179 1024 4246 Magni
1055 4178 1352 4246 principatu
1388 4177 1535 4230 varia
1570 4177 1815 4230 coenobio
1843 4176 2096 4230 Sithiensi

526 4251 724 4320 prmdia
755 4264 1006 4304 concessa
1035 4257 1176 4320 sunt,
1208 4248 1259 4301 in
1287 4247 1479 4320 quibus
1507 4246 2095 4320 ment‘o‘randszeotfati

527 4315 708 4382 clerici
738 4320 976 4372 donatio.
1016 4319 1236 4386 Quippe
1269 4335 1287 4368 ε
1318 4316 1559 4370 Udlando
1604 4315 1781 4386 abbati
1828 4315 2099 4386 rDeodatns

519 4393 752 4445 clericus
779 4389 1024 4443 concedit
1062 4385 1150 4441 res
1191 4397 1314 4440 snas
1344 4387 1472 4441 sitas
1503 4386 1552 4439 in
1585 4385 1714 4440 locis
1745 4385 1796 4438 in
1819 4385 2095 4452 Sanctum,

529 4472 595 4514 et.
627 4461 679 4514 in
710 4459 864 4517 Ascio
909 4473 1068 4525 super
1098 4457 1258 4513 ﬂuvio
1290 4455 1516 4512 Withaci
1543 4497 1558 4520 ,
1607 4466 1662 4510 et
1711 4456 1760 4507 in
1813 4454 2096 4510 Fresinnio

531 4513 688 4596 super
715 4513 879 4582 ﬂuvio
903 4513 1192 4594 Capruino,
1225 4537 1278 4581 et
1307 4513 1672 4589 Hildwalcttrt,
1699 4535 1752 4596 et
1782 4527 1832 4579 in
1863 4525 2099 4594 Lonasto‘
2127 4513 2174 4571 ί)

528 4595 690 4664 super
741 4598 898 4651 [invio
954 4596 1366 4650 Albumfontana
1420 4599 1472 4648 in
1526 4609 1659 4664 pago
1703 4595 2092 4663 Terwaninse,

533 4670 779 4721 nimirum
813 4668 1156 4718 IEthrit-aturas
1194 4667 1535 4719 ecclesiarum
1569 4680 1699 4718 auro
1727 4668 2053 4734 argenthue
2079 4705 2092 4728 ,

531 4737 805 4806 drappalia
827 4738 1052 4789 diversa:
1076 4735 1248 4800 faciei,
1270 4737 1484 4803 speciei,
1505 4735 1665 4806 libros
1685 4735 1945 4799 diversos,
1964 4745 2094 4800 etc.,

515 4826 592 4873 gea
625 4804 869 4868 ratione,
920 4815 976 4858 nt
1024 4820 1110 4858 res
1157 4817 1362 4859 cuncta:
1409 4804 1806 4871 comprehensa:
1853 4805 1917 4858 ad
1963 4819 2098 4872 Opus

533 4877 912 4933 monachorum
948 4877 997 4928 in
1040 4875 1360 4928 monasterio
1395 4875 1564 4927 Sithin
1597 4873 1898 4943 degentium
1933 4877 2098 4928 vesti-

533 4959 710 5004 menta
763 4954 1166 5014 comparentur,
1223 4945 1272 4997 id
1327 4954 1408 4997 est
1455 4942 1684 5010 drappos
1734 4945 1796 4996 ad
1849 4942 2097 4999 kamisias

535 5018 946 5076 nltromarinas,
1017 5030 1134 5081 qua:
1192 5015 1350 5083 vulgo
1413 5014 1723 5068 berniscrist
1772 5022 2091 5067 Vocttantttr.

537 5086 952 5143 ActumSanctis
975 5085 1201 5147 publice.
1228 5084 1410 5137 Datum
1437 5099 1616 5138 mense
1631 5084 1886 5152 Augusm,
1904 5083 1992 5138 die
2014 5099 2094 5146 nt,

536 5174 675 5211 anno
706 5172 848 5209 xxx"
900 5156 1044 5224 regni
1093 5155 1270 5224 tlontni
1319 5155 1483 5206 nostri
1513 5152 1693 5224 Karoli
1730 5154 2095 5224 gloriosissimi

534 5229 698 5294 regis.
738 5223 1074 5278 Gnnahertus
1105 5223 1360 5278 diaconus
1391 5223 1620 5288 scripsit.
1650 5240 1669 5294 ρ
1702 5253 1768 5263 —
1798 5223 2095 5277 Odlandum

534 5293 777 5352 abbatem
809 5295 1130 5349 Sithiensetn
1163 5294 1369 5360 excepit
1409 5293 1756 5354 Nantharius,
1789 5307 1852 5345 eo
1883 5294 2098 5347 nomine

536 5366 840 5429 secandus,
887 5364 973 5418 cui
1025 5363 1298 5417 Erlharius
1328 5363 1504 5415 vendit
1545 5377 1784 5415 mansum
1835 5379 1993 5413 unum
2043 5364 2095 5416 in

539 5439 658 5490 ioco
695 5443 1032 5499 nnncnpante
1062 5431 1317 5497 Fletrino,
1351 5434 1402 5485 in
1433 5447 1564 5499 pago
1590 5432 1863 5485 Isserctio.
1902 5432 2096 5486 Vendi-

445 5554 447 5556 _
539 5505 698 5558 tionis
747 5506 929 5556 charta
977 5502 1056 5555 sic
1101 5501 1322 5566 incipit:
1373 5520 1391 5552 ι
1428 5501 1668 5555 Domino
1709 5502 1992 5555 venerabili
2044 5503 2095 5555 in

543 5574 752 5625 llhristo
781 5572 917 5624 Patri
950 5570 1236 5623 Nantltario
1261 5571 1435 5624 abbati
1463 5571 1527 5623 de
1557 5572 1877 5623 monasterio
1899 5571 2092 5636 Sitbin,

546 5646 656 5692 sive
695 5642 760 5692 de
797 5641 927 5692 cella
968 5655 1083 5706 qua:
1113 5639 1302 5692 dicitur
1335 5642 1572 5693 llebrona
1599 5681 1611 5702 ,
1665 5641 1751 5693 ubi
1803 5643 2096 5707 librogerus
2126 5647 2128 5649 ’

450 5758 473 5777 .
551 5708 855 5777 przrpnsitus
879 5724 996 5761 esse
1020 5709 1335 5762 videtur"...
1372 5715 1556 5762 Actum
1583 5711 1816 5762 Beltmna
1842 5711 1891 5759 in
1918 5726 2096 5762 mense

549 5776 972 5838 Uctobrio,anno
998 5791 1209 5830 χχχι-11η
1233 5791 1479 5844 regnante
1498 5778 1691 5832 Karolo
1719 5794 1859 5844 rege,
1883 5795 2022 5831 anno
2047 5795 2094 5830 vt

2205 3271 2294 3323 ubi
2337 3269 2509 3323 sancti
2551 3268 2890 3323 Autlontarns
2928 3278 3087 3339 atque
3136 3270 3381 3325 Bertinus
3421 3268 3616 3324 Cll'iSli
3656 3285 3797 3324 eon—

2205 3359 2436 3413 fessores
2487 3372 2712 3426 corpore
2757 3361 3126 3427 requiescunt,
3177 3369 3234 3414 ut
3277 3375 3342 3415 ex
3383 3370 3563 3414 nostra
3605 3361 3796 3414 indui-

2201 3453 2378 3522 gentia
2415 3450 2469 3506 in
2507 3467 2697 3507 eorum
2739 3451 2985 3522 proprias
3022 3452 3186 3510 silvas
3221 3442 3487 3507 licentiam
3525 3452 3793 3508 haberent

2201 3558 2388 3603 eorum
2433 3542 2680 3599 homines
2721 3544 3060 3597 venationem
3101 3559 3378 3610 exercere,
3407 3544 3552 3599 unde
3592 3543 3794 3599 fratres

2200 3635 2622 3690 consolationem
2679 3633 2877 3689 habere
2933 3637 3178 3703 possint,
3249 3645 3354 3689 tam
3401 3635 3466 3688 ad
3509 3636 3788 3689 volumina

2201 3724 2461 3779 librorum
2491 3724 2737 3793 tegenda,
2761 3739 3029 3794 quamque
3067 3734 3122 3780 et
3161 3725 3420 3781 manicias
3447 3735 3501 3780 et
3523 3726 3592 3778 ad
3617 3741 3791 3782 zonas

2201 3815 2509 3881 faciendas,
2563 3816 2741 3870 salvas
2785 3814 3010 3871 forestes
3057 3827 3303 3881 nostras.
3356 3832 3490 3886 quas
3538 3820 3603 3872 ad
3645 3833 3788 3885 Opus

2203 3914 2440 3970 nostrum
2471 3908 2792 3961 constitutas
2823 3907 3101 3966 habemus.
3145 3907 3432 3977 PrOpterea
3463 3922 3783 3978 praesentem

2201 3996 2574 4051 auctoritatem
2629 3996 2743 4050 fieri
2784 3996 3062 4067 jussimns,
3089 4013 3182 4069 per
3203 4012 3362 4068 quam
3386 4001 3606 4055 omnino
3647 4016 3785 4071 pm

2210 4194 2418 4264 imperii
2448 4195 2636 4260 ipsius.
2668 4213 2687 4247 ι
2743 4194 2927 4249 Eidem
2958 4195 3249 4264 Nanthario
3278 4196 3455 4249 abbati
3486 4195 3780 4250 Lebdrndis

2202 4266 2363 4319 vidua
2411 4266 2573 4319 tradit
2607 4281 2820 4318 omnem
2863 4281 2972 4318 rem
3022 4280 3132 4320 sua:
3180 4265 3521 4332 proprietatis
3569 4269 3617 4318 in
3668 4269 3780 4321 loco

2202 4345 2545 4404 nnncnpante
2570 4335 2729 4388 Gisna
2758 4337 2873 4389 sive
2903 4336 3293 4403 Totingetune,
3349 4337 3400 4389 in
3435 4349 3572 4403 pago
3604 4337 3775 4391 Boi-o-

2203 4405 2408 4470 niensi,
2452 4419 2612 4473 super
2642 4405 2858 4470 [luvium
2886 4404 3408 4469 Wasconigawalla,
3462 4423 3480 4456 t
3537 4421 3632 4471 pro
3677 4421 3778 4473 qua

2202 4475 2518 4542 donatione,
2553 4474 2748 4540 inquit,
2783 4483 2837 4529 et
2869 4485 3040 4528 vestra
3076 4475 3270 4542 pietate
3299 4475 3532 4539 expetivi
3565 4492 3593 4527 a
3626 4480 3779 4530 vobis

2201 4541 2393 4599 terraui
2421 4540 2650 4610 aliquam
2681 4547 2985 4597 monasterii
3013 4540 3174 4597 vestri
3206 4540 3254 4597 in
3287 4543 3404 4597 loco
3437 4557 3777 4609 nnncnpante

2201 4614 2445 4670 .‘Eclnnm
2472 4615 2522 4666 in
2551 4616 2664 4681 ipso
2686 4629 2819 4681 pago
2847 4614 3187 4668 Bononiensi.
3215 4628 3278 4668 ea
3303 4617 3529 4675 ratione,
3554 4624 3609 4666 ut
3637 4617 3779 4679 ipsas

2201 4694 2372 4738 terras
2401 4698 2500 4749 ego
2531 4694 2584 4737 et
2613 4693 2722 4739 tres
2753 4683 2981 4738 infantes
3011 4685 3113 4738 mei
3133 4725 3135 4728 .
3157 4683 3240 4737 his
3269 4685 3598 4747 nominibus,
3631 4685 3780 4738 luat-

2199 4755 2379 4814 berta,
2429 4753 2680 4806 Nidlebtts
2729 4762 2784 4807 et
2832 4753 3094 4820 Erpsuid,
3136 4753 3265 4808 dum
3309 4754 3633 4820 advivimus,
3688 4770 3779 4818 per

2197 4834 2381 4877 vestro
2430 4822 2690 4876 beneficio
2729 4823 2792 4876 ad
2842 4821 3223 4878 usntnfructum
3266 4826 3545 4890 possidere
3587 4824 3780 4877 debea-

2198 4909 2338 4946 mus.
2375 4892 2525 4946 Unde
2554 4907 2764 4960 quoque
2795 4908 2890 4958 pro
2918 4893 3109 4947 eodem
3145 4891 3427 4950 nsu'annis
3455 4893 3686 4957 singulis
3713 4896 3778 4947 ad

2198 4963 2534 5018 festivitatem
2585 4962 2754 5016 sancti
2800 4961 3086 5017 Audomari
3135 4963 3254 5018 Kal.
3287 4963 3603 5018 Novembris
3652 4978 3782 5030 pen-

2198 5047 2286 5086 sas
2313 5047 2348 5084 ll
2380 5031 2448 5085 de
2491 5031 2782 5084 formaticis
2823 5033 3184 5088 transsolvere
3213 5032 3526 5096 debeamus,
3574 5043 3627 5086 et
3672 5048 3780 5086 non

2199 5103 2421 5155 habeam
2455 5100 2781 5168 pontificium
2815 5101 2956 5170 ipsas
2986 5118 3072 5155 res
3099 5099 3356 5156 alienare.
3394 5105 3582 5155 Actum
3607 5100 3775 5154 Gisna

2198 5171 2320 5223 villa
2353 5170 2594 5236 publice,
2626 5172 2836 5239 quando
2868 5171 2994 5226 fecit
3043 5171 3244 5226 mensis
3271 5172 3505 5225 October
3534 5171 3649 5224 dies
3687 5187 3776 5230 υ.

2195 5254 2337 5295 anno
2364 5255 2431 5296 ιιι
2461 5240 2610 5308 regni
2633 5280 2647 5300 .
2698 5249 2752 5294 et
2786 5256 2880 5293 vni
2925 5241 3135 5307 imperii
3173 5242 3354 5294 domni
3398 5241 3565 5294 nostri
3596 5240 3778 5293 Kal-oti

2199 5310 2552 5378 imperatoris.
2577 5310 2792 5380 Signum
2818 5309 3159 5380 Wendelgeri
3182 5311 3479 5380 centenarii
3491 5308 3558 5377 1-.
3585 5310 3783 5362 (Innit-

2197 5373 2379 5432 bertus
2407 5373 2658 5432 Sacerdos
2684 5379 2915 5445 scripsit.
2953 5377 2970 5432 ὸ
3009 5373 3201 5446 Ιέῖρςθ
3233 5373 3411 5431 forsan
3442 5373 3783 5431 Gunthertus

2196 5449 2509 5512 monachus,
2539 5451 2691 5514 cujus
2723 5459 2870 5516 pater
2895 5449 3206 5513 Goibertus,
3239 5460 3415 5502 mater
3445 5448 3781 5510 Ebertruda,

2195 5533 2316 5581 quae
2365 5518 2625 5573 concessit
2684 5522 3013 5576 monasterio
3072 5519 3330 5572 Sithiensi
3387 5518 3786 5576 monasterium

2194 5588 2490 5654 quoddam,
2543 5588 2683 5655 qttod
2732 5589 2845 5655 ipsc
2875 5589 3260 5654 Goibcrtusin
3312 5587 3635 5656 proprietate
3687 5599 3792 5638 sua

2198 5659 2246 5778 ἢ·
2281 5656 2535 5764 horrorem
2567 5657 2862 5712 Salvatoris
2900 5657 3068 5713 nostri
3098 5665 3502 5721 construxerat,
3557 5656 3788 5710 nomine

2243 5737 2499 5778 eneLnnL

2243 5729 2499 5782 encUann
