4034 6182
537 344 640 399 979

1427 344 1485 397 Β.
1525 341 1772 398 CAROLI
1816 341 2030 398 MAGNI
2071 340 2222 397 OPP.
2266 341 2444 397 PARS
2480 345 2518 398 l.
2561 342 2805 400 SECTIO
2843 343 2908 400 ll.

3699 344 3810 400 93'.)

607 454 733 508 Data
779 454 833 510 in
859 467 1090 510 atriense
1135 453 1345 520 MartiO,
1391 470 1533 509 anno
1562 471 1670 510 nn
1718 465 1775 510 et
1812 469 1922 508 xvu
1967 453 2114 524 regni
2145 456 2197 515 Α
2221 457 2431 514 Martini
2463 457 2686 525 habeat,
2720 467 2899 513 teneat
2929 466 3088 526 atque
3118 458 3420 527 possideat,
3451 468 3508 513 et
3539 457 3591 511 in
3627 475 3812 512 nostra

532 544 714 600 donmi
740 546 940 601 Caroli.
971 547 1161 601 Actum
1193 546 1220 584 δ
1243 547 1560 614 Quamarcia
1593 548 1830 603 civitate.

1269 681 1354 735 LV

536 792 863 852 Prwceptttm
894 793 1069 847 Caroli
1111 792 1288 863 Magni
1326 796 1459 862 regis
1504 811 1596 863 pro
1624 793 1910 848 Turonensi
1952 796 2118 848 sancti

863 863 1075 917 Martini
1107 867 1413 918 monasterio
1439 867 1597 934 (anno
1627 865 1776 934 790).

1020 978 1116 1040 (Ex
1141 979 1201 1028 D.
1227 979 1468 1042 Bouquet,
1484 979 1625 1041 ibid.)

601 1081 826 1136 Carolus
851 1083 1021 1152 gratia
1053 1082 1144 1136 Dei
1175 1099 1268 1137 rex
1300 1082 1627 1136 Francorum
1657 1092 1710 1136 et
1740 1083 2116 1153 Langobardo—

533 1186 652 1224 rum
698 1187 762 1226 ac
790 1173 1040 1240 patricius
1069 1171 1454 1226 Romanorum.
1489 1172 1679 1225 Notum
1705 1187 1827 1226 esse
1854 1172 2116 1227 universis

536 1263 736 1316 nostris
764 1262 1037 1318 credimus
1069 1263 1350 1330 fidelibus,
1381 1261 1611 1331 qualiter
1641 1273 1882 1330 tempore
1911 1265 2118 1333 genito-

529 1355 606 1407 ris
647 1355 818 1408 nostri
863 1355 1016 1410 hance
1063 1355 1338 1409 memoriae
1384 1355 1596 1423 Pippini
1640 1355 1909 1423 quondam
1952 1355 2113 1423 regis,

531 1461 626 1500 seu
658 1455 712 1500 et
740 1447 985 1501 avunculi
1021 1447 1188 1500 nostri
1221 1446 1565 1500 Karlomauni
1595 1461 1679 1500 res
1709 1445 1901 1514 aliquae
1932 1447 1982 1500 in
2014 1447 2114 1500 du-

526 1547 647 1592 catu
672 1537 1004 1594 Alamannia:
1033 1540 1145 1593 fisci
1171 1538 1463 1594 ditionibus
1491 1539 1721 1593 redacta:
1747 1539 1962 1602 fuerint,
1986 1553 2117 1604 quas

527 1631 691 1686 modo
719 1631 920 1686 diversi
952 1632 1227 1696 homines,
1273 1635 1424 1699 quasi
1467 1633 1586 1700 jure
1627 1634 1842 1702 proprio
1875 1634 2117 1702 posside-

528 1721 652 1775 bant
681 1721 897 1790 injuste,
931 1729 985 1777 et
1011 1720 1215 1791 aliquas
1245 1723 1442 1778 exinde
1478 1723 1586 1791 jam
1637 1739 1730 1792 per
1761 1727 2113 1792 venditiones,

526 1811 868 1879 donationes,
909 1827 1003 1865 seu
1032 1812 1273 1868 diversos
1301 1814 1567 1882 quoslibet
1611 1814 1799 1869 modos
1845 1816 2110 1870 habebant
2139 1801 2187 1860 B

526 1902 828 1971 dispersas,
872 1918 938 1958 ex
982 1903 1177 1970 qu'bus
1209 1903 1458 1958 Fulridus
1486 1906 1754 1973 quondam
1799 1908 2112 1962 alamannus

529 2006 625 2060 per
651 2003 853 2046 carlam
885 1993 1195 2048 vinditionis
1236 1995 1474 2062 partibus
1513 1997 1747 2052 basilicae
1790 1997 1846 2053 S.
1878 1999 2110 2066 Martini,

526 2100 631 2146 quo
681 2085 976 2152 pretiosum
1025 2085 1314 2152 requiescit
1352 2101 1570 2155 corpus,
1618 2087 1849 2156 aliquam
1900 2105 2010 2144 rem
2059 2091 2112 2146 in

527 2175 925 2232 Stamacoustat
956 2179 1004 2231 irt
1038 2178 1346 2247 Brisigavia,
1396 2179 1580 2234 illicito
1610 2181 1800 2236 ordine
1826 2181 2111 2250 delegavit.

531 2268 681 2324 L‘ntle
729 2271 956 2324 ltlteritts
1001 2271 1134 2324 abba
1182 2287 1278 2339 per
1317 2286 1443 2325 suos
1481 2273 1918 2344 vadioslegibtts
1960 2277 2115 2331 nobis

527 2361 676 2414 visus
718 2372 796 2416 est
844 2363 1150 2416 rcvcstisse.
1203 2362 1308 2418 Sed
1354 2363 1507 2416 nobis
1549 2361 2011 2420 considerantibus
2047 2369 2116 2421 ob

527 2467 768 2507 amorem
806 2451 898 2505 Dei
929 2462 984 2505 et
1011 2452 1366 2506 reverentiam
1397 2454 1566 2505 sancti
1601 2453 1808 2507 Martini
1853 2470 1946 2522 per
1975 2473 2116 2510 mer-

525 2535 1046 2611 cedis‘augmentttm
1064 2584 1078 2608 ,
1111 2553 1167 2596 et
1194 2544 1388 2597 animae
1415 2553 1612 2597 nostra:
1642 2544 1937 2598 remedium
1959 2586 1973 2609 ,
2018 2560 2113 2600 seu

527 2632 876 2686 stabilitatem
907 2634 1054 2700 regni
1086 2633 1276 2699 nostri,
1307 2633 1560 2700 deinceps
1589 2649 1684 2702 per
1710 2645 1949 2690 nostrum
1979 2652 2115 2706 prae-

527 2733 744 2792 ceptum
773 2722 1050 2792 prwfatam
1079 2739 1120 2777 rt
1140 2738 1189 2776 m
1215 2724 1279 2776 ad
1308 2725 1476 2793 ipsam
1505 2739 1680 2778 casam
1710 2725 1800 2779 Dei
1827 2731 2115 2801 promptis:-

528 2817 667 2870 simo
696 2815 879 2870 animo
906 2829 968 2868 ac
997 2815 1267 2870 voluntate
1297 2814 1520 2885 benigna
1553 2818 1848 2873 concedere
1877 2833 1940 2873 ac
1968 2819 2118 2874 dele-

526 2921 655 2977 gare
695 2907 1053 2962 decrevimus.
1113 2907 1402 2977 Pmpterea
1451 2907 1553 2962 hoc
1602 2921 1798 2963 nostra:
1847 2911 2116 2966 lirmitatis

533 3008 858 3069 praeceptum
885 2997 1146 3068 jussimus
1172 2998 1468 3063 conscribi,
1512 3008 1572 3053 ut
1612 3012 1958 3056 memoratam
2001 3017 2114 3075 rem

530 3105 649 3144 cum
679 3090 824 3145 onmi
854 3088 1178 3158 integritate,
1207 3103 1328 3144 cum
1363 3089 1611 3157 ecclesia,
1639 3092 1816 3157 terris,
1843 3092 2112 3160 domibus,

526 3183 787 3244 :edillciis.
812 3183 1112 3253 mancipiis,
1140 3182 1329 3249 vineis,
1353 3184 1540 3254 sylvis,
1565 3184 1649 3238 vel
1675 3184 1882 3239 cunctis
1911 3185 2112 3241 ibidem

526 3273 842 3342 adjacentiis
871 3283 926 3328 et
956 3274 1318 3343 appendiciis,
1352 3275 1406 3328 in
1435 3275 1756 3344 quibuslibet
1787 3277 1945 3342 locis,
1979 3279 2117 3334 sicut

528 3374 685 3420 antea
715 3367 825 3436 ipsa
861 3383 983 3422 casa
1016 3367 1107 3422 Dei
1137 3370 1247 3422 visa
1282 3367 1382 3422 fuit
1412 3368 1752 3438 possedisse:
1785 3370 1855 3424 ita
1887 3380 1940 3425 et
1965 3371 2118 3425 deiu-

531 3472 658 3526 ceps
701 3473 795 3528 per
826 3468 1064 3513 nostrum
1107 3469 1432 3528 praaceptum
1463 3460 1669 3527 plenius
1697 3461 1748 3515 in
1783 3461 1872 3516 Dei
1903 3464 2119 3518 nomine

531 3552 909 3605 conﬁrmatum
936 3553 1004 3606 ab
1030 3552 1128 3606 bac
1150 3552 1237 3607 die
1263 3566 1388 3622 pars
1417 3552 1652 3621 prtefatzc
1685 3554 1918 3608 basilicae
1946 3557 2118 3610 sancti

601 3724 627 3754 α
661 3709 739 3765 Ab
780 3713 880 3766 hoc
921 3726 1105 3766 mense
1143 3712 1530 3767 desumendum
1577 3721 1660 3764 est
1711 3711 1916 3764 initium
1967 3713 2119 3781 regni

529 3783 704 3839 Caroli
735 3783 786 3836 itt
814 3784 982 3837 Italia.
1018 3783 1076 3837 EI
1111 3785 1224 3834 haec
1250 3792 1331 3839 est
1364 3785 1508 3846 prior
1541 3784 1695 3852 regni
1726 3781 1843 3850 ejus
1868 3785 2072 3850 epoclta
2100 3801 2116 3839 :

532 3854 796 3919 posterior
826 3868 853 3904 a
885 3869 1070 3908 mense
1096 3852 1232 3907 Maio
1265 3854 1640 3923 proﬁciscitur.
1699 3852 1938 3907 Priorem
1979 3869 2119 3923 epo-

531 3924 688 3978 cbam
737 3923 1021 3978 continuat
1067 3923 1350 3978 concilium
1400 3921 1813 3989 Foroiuliense,
1867 3921 2116 3990 quod‘S.

531 3993 789 4050 Paulinus
816 3996 1106 4065 celebravit
1135 4009 1276 4048 anno
1307 3993 1431 4057 796,
1475 4009 1612 4065 anno
1654 3994 1949 4065 felicissimo
1975 3997 2122 4065 prin-

530 4066 734 4138 cipatus
763 4081 937 4122 eorum
967 4064 1161 4138 (Caroli
1195 4080 1387 4138 nempe
1423 4079 1484 4117 ac
1519 4063 1592 4128 Pi,
1620 4063 1923 4138 piuiltalite
1953 4063 2118 4138 regis)

532 4134 664 4190 xittt
694 4146 739 4190 et
770 4152 861 4204 xv,
898 4134 1150 4190 ttt'initio
1196 4136 1435 4202 ejusdem
1481 4134 1691 4187 concilii
1742 4135 1954 4202 legitur.
2009 4134 2121 4190 lloc

532 4207 711 4277 itaque
739 4222 882 4261 anno
912 4222 1096 4261 mense
1129 4207 1303 4277 Aprili
1327 4220 1526 4258 annum
1561 4205 1708 4274 regni
1741 4207 1820 4257 sui
1856 4206 2019 4258 Italici
2048 4207 2119 4277 25

527 4277 640 4346 jam
671 4280 979 4345 auspicatus
1009 4287 1125 4332 erat
1151 4276 1373 4332 Carolus
1399 4315 1414 4340 ,
1461 4277 1551 4344 qui
1583 4289 1780 4328 annum
1813 4284 2016 4329 tantum
2045 4276 2116 4329 ‘22

536 4359 872 4405 numerasset
899 4387 915 4413 ,
964 4350 1007 4402 si
1061 4348 1411 4414 posteriorem
1457 4351 1719 4412 epocbam
1763 4346 2114 4402 adhibuisset.

534 4417 700 4486 Igitur
738 4433 894 4482 cum,
943 4428 1078 4474 teste
1118 4417 1427 4479 Anastasio,
1474 4415 1697 4470 Carolus
1740 4427 1866 4469 ante
1907 4428 2117 4483 captam

2143 3145 2192 3208 C

2219 553 2560 622 eleemosyna
2589 553 2783 607 ibidem
2815 553 2957 607 omni
2989 565 3230 618 tempore
3261 553 3312 606 in
3343 553 3647 619 attgtnentis
3679 566 3809 619 prn-

2221 645 2381 700 ficiat.
2436 647 2500 700 Et
2543 647 2646 701 ltuc
2690 646 2803 700 haec
2843 644 3136 700 auctoritas
3177 645 3381 698 firmior
3411 645 3692 706 habeatur,
3727 644 3814 696 vel

2221 751 2313 806 per
2343 749 2583 806 tempora
2618 737 2808 792 melius
2833 747 3205 801 conservetur,
3255 753 3414 790 manu
3462 736 3678 805 propria
3714 735 3814 788 lir-

2220 831 2504 894 mavimus,
2531 839 2584 884 et
2615 830 2682 884 de
2709 831 2871 883 anulo
2897 841 3080 885 nostro
3105 831 3341 901 sigillare
3363 831 3648 900 jussimus.

2291 921 2508 991 Signum
2538 921 2714 976 Caroli
2747 924 3119 990 gloriosissimi
3151 925 3310 993 regis.

2292 1015 2679 1070 Ercambaldus
2706 1016 2770 1070 ad
2801 1018 2970 1071 vicem
3003 1017 3231 1073 Radoni.

2290 1108 2418 1162 Data
2451 1125 2485 1163 ll
2516 1109 2767 1164 calendas
2799 1112 3155 1178 Septembris,
3182 1126 3322 1165 anno
3353 1127 3469 1164 χιιι
3498 1111 3678 1164 domni
3713 1111 3824 1165 Ca-

2218 1203 2316 1255 roli
2348 1202 2783 1256 escelleutissimi
2818 1204 2978 1272 regis.
3012 1207 3203 1257 Actum
3232 1203 3591 1272 COpsistaino,
3628 1203 3678 1256 itt
3716 1202 3821 1257 Dei

2219 1295 2432 1347 nomine
2465 1293 2709 1349 feliciter.
2743 1297 2933 1350 Amen.

2945 1423 3078 1478 LVI.

2218 1516 2390 1570 Caroli
2432 1516 2606 1584 Maqni
2645 1525 2987 1588 praeceptum,
3029 1533 3130 1574 quo
3169 1517 3355 1588 Arriani
3391 1517 3584 1571 abbatis
3623 1529 3824 1588 rogatu

2290 1590 2596 1639 monasteria
2619 1584 2778 1638 sancti
2796 1584 3013 1638 Joannis
3040 1599 3087 1637 et
3109 1588 3269 1639 sancti
3290 1587 3551 1640 Laurentii
3577 1591 3628 1640 in
3654 1584 3824 1642 suam

2287 1659 2550 1708 tuitionem
2580 1658 2823 1725 suscipit,
2867 1667 2913 1708 et
2950 1659 3124 1710 villam
3155 1660 3352 1710 Cannas
3382 1660 3539 1711 eidem
3571 1663 3826 1713 attribuit

2287 1733 2446 1794 (anno
2477 1727 2624 1793 795).

2547 1816 2642 1877 (Ex
2671 1815 2940 1874 Mabillou.,
2963 1815 3026 1866 de
3051 1814 3122 1865 Re
3144 1816 3491 1879 diplomatica.)

2285 1901 2509 1955 Carolus
2537 1901 2701 1970 gratia
2735 1901 2828 1954 Dei
2860 1916 2953 1955 rex
2983 1900 3310 1955 Francorum
3340 1910 3393 1956 et
3420 1901 3826 1971 Langobardo-

2219 2009 2374 2060 rum,
2425 2007 2488 2046 ac
2533 1992 2790 2060 patricius
2830 1992 3231 2057 Romanorum,
3277 1993 3522 2047 omnibus
3553 1995 3828 2049 lidelibus

2220 2086 2416 2139 nostris
2463 2086 2818 2155 praesentibus
2865 2096 2916 2139 et
2967 2086 3178 2138 futuris.
3234 2086 3453 2139 Rectum
3484 2096 3564 2139 est
3603 2090 3827 2156 regalis

2179 2217 2194 2224 -
2219 2186 2456 2247 pmestas
2485 2178 2590 2231 illis
2623 2177 2902 2232 tuitionem
2935 2177 3228 2244 impertiat,
3258 2193 3478 2244 quorum
3506 2183 3829 2233 necessitas
3861 2237 3868 2241 _

2217 2269 2620 2338 comprobatur.
2675 2269 2876 2324 Idcirco
2905 2279 3196 2338 cognuscat
3236 2270 3535 2339 magnitudo
3565 2286 3662 2325 seu
3704 2274 3826 2326 uti-

2219 2361 2340 2414 litas
2369 2370 2570 2428 vestra,
2595 2361 2716 2428 quia
2756 2358 2838 2412 vir
2873 2357 3195 2414 venerabilis
3229 2367 3250 2397 ε
3283 2361 3516 2414 Anianus
3556 2363 3702 2414 abba
3755 2380 3824 2415 ex

2218 2450 2578 2508 monastheria
2604 2451 2778 2505 sancti
2802 2449 3062 2504 Johannis
3090 2458 3146 2504 et
3175 2451 3342 2504 sancti
3369 2451 3636 2514 Laurenti,
3660 2456 3825 2520 quod

2217 2555 2340 2615 sunt
2367 2544 2658 2598 constructi
2693 2543 2744 2597 in
2772 2541 2905 2596 locis
2931 2541 3360 2610 nuncupantibus
3390 2541 3604 2596 Extorto
3626 2543 3827 2615 [uulgo

2217 2635 2394 2707 Citou]
2424 2645 2479 2690 et
2505 2633 2776 2704 Olibegio,
2823 2640 3006 2686 nostro
3044 2631 3289 2702 synodali
3318 2633 3542 2686 concilio
3575 2634 3828 2689 veniens

2218 2745 2320 2782 una
2359 2743 2481 2783 cum
2526 2726 2806 2802 monachis
2845 2725 2978 2791 suis,
3019 2735 3074 2780 et
3115 2725 3167 2778 in
3213 2732 3394 2780 ll03ll'0
3432 2724 3831 2782 mundeburde

2217 2835 2338 2877 cum
2370 2819 2617 2874 omnibus
2647 2818 2805 2871 rebus
2835 2815 2916 2870 vel
2961 2815 3265 2870 hominibus
3299 2813 3647 2871 monaStherii
3678 2820 3785 2871 sui
3808 2861 3826 2881 ,

2218 2930 2349 2984 quas
2380 2912 2638 2968 moderuo
2667 2919 2909 2979 tempore
2939 2909 3147 2963 videtur
3178 2909 3470 2978 possidere,
3498 2923 3555 2963 se
3586 2909 3825 2978 plenius

2217 3004 2642 3068 commendavit,
2674 3010 2729 3056 et
2757 3016 2855 3056 nos
2885 3001 2984 3055 sub
3014 3008 3249 3055 nostram
3282 3001 3552 3056 tuitionem
3582 3015 3716 3056 eum
3768 3013 3831 3057 et

2223 3094 2500 3150 monachis
2529 3096 2642 3149 suis
2668 3108 2790 3148 cum
2823 3091 3071 3146 omnibus
3113 3092 3274 3146 rebus
3313 3101 3470 3161 atque
3497 3091 3832 3150 hominibus

2221 3187 2332 3242 suis
2373 3185 2676 3252 recepimus
2707 3198 2768 3238 ac
2797 3182 3088 3238 retinemus
3112 3223 3128 3246 ,
3176 3191 3439 3250 quatenus
3464 3181 3654 3238 diebus
3688 3187 3831 3237 vitae

2220 3295 2332 3334 suae
2362 3278 2462 3332 sub
2493 3287 2732 3331 nostram
2764 3274 3042 3329 tuitionem
3073 3274 3284 3330 valeant
3313 3273 3480 3344 quieti
3508 3275 3697 3329 vivere
3735 3278 3830 3331 vel

2220 3369 2478 3424 residere.
2526 3368 2810 3435 Prap'erea
2843 3367 2936 3418 bas
2963 3367 3163 3418 litteras
3189 3374 3403 3420 nostras
3423 3379 3515 3430 pro
3539 3365 3832 3422 lirmitatis

2220 3461 2456 3514 studium
2489 3462 2566 3522 eis
2597 3459 2869 3519 dedimus,
2918 3472 3011 3522 per
3041 3470 3173 3523 quas
3201 3456 3419 3509 omnino
3454 3454 3716 3524 jubcmus
3768 3468 3832 3513 ut

2223 3553 2398 3608 nullus
2429 3552 2680 3621 quislibet
2713 3551 2782 3609 de
2809 3549 2960 3607 vobis
2989 3564 3162 3618 neque
3191 3548 3258 3602 de
3283 3548 3586 3618 junioribus
3617 3551 3832 3606 vestris

2222 3709 2607 3770 Moutis-Dlivi,
2658 3709 2718 3760 de
2768 3703 3126 3769 Mant-Oliou,
3175 3703 3225 3756 itt
3270 3702 3836 3761 dimcesiCarcasso-

2225 3784 2395 3837 nensi.
2452 3780 2633 3834 Daniel
2662 3776 2960 3834 Cannensis
2996 3775 3164 3828 abbas
3193 3775 3404 3829 Cannas
3433 3774 3666 3841 subjecit
3701 3780 3832 3830 Au-

2225 3853 2383 3907 niano
2412 3852 2625 3915 abbati,
2671 3857 2899 3903 testante
2930 3853 3201 3914 praecepto
3229 3844 3411 3897 Caroli
3440 3844 3588 3898 Calvi
3624 3859 3830 3910 postea

2223 3923 2451 3978 edendo.
2519 3922 2593 3975 De
2645 3920 2973 3973 monasterio
3023 3917 3193 3972 sancti
3247 3915 3522 3968 Laurentii
3582 3920 3831 3971 consule

2228 3993 2536 4048 Baluzianas
2567 3999 2719 4044 notas
2749 3990 2813 4042 ad
2844 3985 3198 4057 Capitularia,
3243 3993 3299 4040 et
3328 3985 3393 4038 ad
3424 3986 3654 4057 concilia
3690 4003 3833 4054 pro-

2227 4067 2412 4117 vinciae
2443 4060 2824 4117 Narbonensis.
2876 4055 3059 4113 Redeo
3098 4056 3163 4109 ad
3209 4055 3596 4109 monasterium
3638 4058 3833 4112 sancti

2224 4135 2466 4200 Joannis,
2497 4134 2637 4200 quod
2669 4129 2833 4184 sancti
2865 4127 3120 4182 Johannis
3151 4125 3588 4200 Exeqyauriensia
3613 4128 3832 4200 dicitur

2227 4207 2278 4259 itt
2328 4197 2816 4271 alio‘atttograplto
2865 4200 3140 4271 Cannensi
3183 4197 3417 4271 inedita.
3470 4211 3576 4271 quo
3615 4198 3834 4252 limites

2228 4277 2369 4329 villae
2416 4283 2470 4327 et
2517 4266 2748 4328 caenobii
2779 4269 3077 4324 Cannensis
3125 4267 3272 4333 jussu
3305 4266 3561 4330 Magttarii
3597 4271 3834 4321 comitis

2226 4348 2572 4414 designantur
2613 4363 2641 4414 (ί
2675 4357 2816 4396 anno
2846 4336 3580 4414 xxxtttt_regna_ute_domno
3627 4353 3833 4414 uosu-o

2227 4409 2420 4471 Carolo
2451 4431 2574 4483 rege
2606 4413 2932 4483 Κείσθω-ψη
2962 4420 3016 4463 et
3045 4409 3518 4483 Langobardorum
3563 4417 3623 4460 et
3654 4410 3834 4483 patri-

535 4477 751 4562 Falli?!“
779 4477 1022 4562 flivérsﬂs
1052 4489 1295 4543 civitates
1324 4477 1624 4556 subegerit,
1667 4503 1710 4562 a.
1730 4496 1878 4552 patle
1913 4477 2122 4557 Longo-
2152 4501 2203 4562 ί)
2227 4492 2310 4542 cio
2345 4477 2728 4562 Montanorum,
2764 4501 2782 4534 ι
2898 4489 2983 4562 est
3009 4495 3150 4562 anno
3176 4477 3377 4532 Christi
3415 4477 3543 4542 802,
3583 4483 3674 4558 ubi
3704 4480 3837 4548 agi-

537 4557 731 4610 bartliat
761 4558 970 4612 devicta
999 4574 1120 4613 sese
1151 4573 1329 4627 regem
1358 4571 1550 4611 vocare
1575 4557 1757 4623 coepit.

611 4627 635 4664 ιι
665 4627 874 4697 Corrig.
903 4624 1236 4693 War-maria,
1291 4633 1341 4681 iu
1389 4644 1490 4696 qua
1533 4627 1759 4697 civitate
1780 4624 1999 4680 Cat-olus
2036 4643 2124 4682 so-

539 4696 867 4754 lemnitatetn
903 4700 1207 4768 pascltaletn
1238 4701 1347 4767 egit
1378 4703 1478 4751 hoc
1504 4713 1646 4749 anno
1674 4696 1800 4768 7790.

615 4780 635 4807 ε
668 4767 911 4823 Attianus
937 4784 1031 4822 seu
1064 4769 1342 4825 Annianus
1373 4768 1566 4822 abbas.
1617 4772 1666 4820 in
1701 4767 1802 4819 hoc
1833 4767 2126 4832 diplomate

538 4840 809 4904 laudatus,
860 4841 904 4894 is
935 4848 1018 4893 est
1047 4855 1205 4908 quem
1239 4839 1474 4894 celebrat
1523 4836 1851 4908 ff’ttettdttlfus
1881 4841 2128 4893 Aurelia-

539 4925 727 4968 norum
761 4912 1044 4978 episcopus
1067 4907 1072 4908 7
1097 4911 1150 4963 in
1182 4909 1423 4964 carmine
1468 4907 1534 4960 ad
1587 4909 1930 4962 Benedictum
1961 4913 2127 4964 Ania-

544 4997 762 5040 ttcnsem
807 4985 1075 5036 abbatem.
1127 4980 1258 5048 Quae
1290 4979 1373 5033 hic
1405 4988 1770 5032 memorantur
1801 4983 2122 5034 monasteria

539 5052 646 5107 duo
675 5056 752 5108 ab.
769 5053 958 5107 eodem
991 5053 1236 5106 Anniano
1278 5057 1586 5104 construct:-
1614 5088 1629 5112 ,
1680 5049 1902 5102 alterum
1954 5053 2123 5105 srrncti

540 5123 764 5176 .loanuis
814 5127 865 5176 in
918 5121 1172 5188 Extorio,
1228 5123 1454 5176 aberunt
1526 5121 1693 5172 sancti
1747 5119 2016 5174 Laurentii
2070 5122 2123 5174 in

544 5193 777 5264 lllibegto
816 5198 948 5257 sita,
993 5197 1190 5256 stetiius
1220 5201 1504 5264 recurrunt
1537 5192 1586 5242 itt
1623 5191 1702 5264 bis
1730 5191 1881 5264 actis.
1936 5193 2121 5244 Mona-

539 5261 761 5320 steritim
805 5265 996 5320 Montis
1025 5266 1157 5319 Dlivi
1182 5307 1197 5328 ,
1251 5265 1390 5332 quod
1425 5261 1690 5332 Cannensi
1723 5261 1954 5332 vicintt_tn
2001 5273 2083 5315 est
2107 5305 2120 5325 ,

542 5349 638 5401 per
686 5336 734 5389 id
789 5344 997 5404 tempus
1036 5330 1314 5391 dicebatur
1363 5335 1524 5404 sant-ti
1572 5330 2126 5404 Jo/tannisBaptistar

541 5409 595 5458 in
635 5419 801 5459 castra
842 5402 1114 5466 Manum.
1167 5421 1232 5458 ex
1279 5404 1411 5458 actis
1465 5402 1705 5470 ejusdem
1758 5402 1858 5458 loci
1907 5404 2128 5456 inferius

544 5477 859 5533 referendis.
903 5480 972 5530 At
1009 5477 1280 5530 diversum
1330 5474 1542 5527 videtur
1590 5472 1660 5526 ab
1707 5472 1796 5526 illo
1849 5474 2122 5528 Anniaui:

545 5547 697 5613 cujus
728 5548 954 5600 alterum
988 5549 1158 5599 sancti
1181 5545 1465 5599 Laurentii
1507 5558 1724 5596 nomine
1763 5544 2081 5609 insignitum
2109 5585 2124 5608 ,

549 5628 690 5669 :tttuc
719 5626 936 5670 vocatur
971 5619 1140 5670 sancti
1169 5616 1398 5671 Auuiatti
1429 5655 1444 5678 ,
1491 5614 1645 5683 vulgo
1679 5613 2087 5670 Saint-Chinian
2110 5655 2126 5678 ,

551 5694 737 5734 sancto
768 5689 1010 5740 Auttiauo
1052 5685 1350 5742 confessori
1382 5684 1628 5751 primitus
1657 5698 1900 5746 sacrum,
1937 5701 2002 5738 ex
2050 5685 2131 5738 di-

556 5751 786 5824 plomate
810 5753 1058 5824 Ludovici
1082 5764 1136 5807 et
1160 5755 1393 5808 Lotltarii
1419 5755 1822 5822 imperatorum.
1850 5753 2133 5808 Cannense

557 5822 719 5872 situm
741 5830 822 5876 est
844 5822 980 5877 inter
1007 5826 1106 5876 hoc
1132 5825 1514 5880 monasterium
1545 5833 1592 5876 et
1624 5825 1764 5877 aliud
1790 5840 1907 5878 mox
1934 5827 2133 5884 dietuttt

2231 4569 2314 4610 tur
2363 4557 2430 4610 de
2480 4557 2724 4609 Anniano
2773 4553 2963 4605 abbate
3019 4551 3104 4602 ltic
3157 4562 3498 4610 memorato,
3549 4547 3646 4614 qui
3695 4547 3832 4602 cum

2229 4626 2501 4681 monachis
2539 4627 2650 4680 suis
2681 4621 3020 4677 deserviebat
3067 4637 3085 4670 t
3137 4620 3308 4672 sancti
3352 4617 3618 4675 Johannis
3663 4618 3834 4672 Επε-

2227 4698 2563 4766 quattrieusis
2604 4697 2688 4749 vel
2739 4690 3091 4766 sancti__l’etri
3121 4699 3202 4766 et
3245 4689 3393 4741 Pauli
3444 4695 3834 4766 "ministeriis,

2226 4759 2346 4838 quae
2391 4767 2674 4838 aediﬁcavit
2717 4777 2879 4838 supra
2907 4761 3084 4838 diettts
3107 4761 3525 4838 Aniattusucutn‘
3555 4759 3838 4814 fratribus

2226 4827 2339 4894 suis
2387 4853 2544 4906 supra
2596 4827 3159 4906 sibtrArgctttOtl_t_tltlo
3205 4829 3264 4906 in
3316 4830 3438 4881 villa
3489 4827 3838 4906 Cannense,

2226 4926 2344 4980 qttte
2374 4900 2694 4980 ab'autiquo
2719 4900 2992 4980 dicebatur
3025 4900 3273 4965 Billittlis,
3300 4901 3842 4980 quam‘perdonabit

2228 4971 2319 5036 r'ex
2348 4980 2572 5034 Carolus
2606 4971 2683 5029 ad
2735 4977 2851 5042 ipso
2899 4973 3091 5025 abbate
3138 4985 3262 5042 cum
3309 4971 3562 5022 fratribus
3615 4985 3763 5023 suis.
3815 4989 3836 5018 ι

2229 5052 2381 5107 Unde
2413 5051 2478 5103 lis
2506 5059 2623 5101 orta
2653 5041 2769 5100 erat
2798 5045 2936 5098 inter
2967 5041 3292 5109 Magttariutn
3322 5041 3577 5093 comitem
3623 5050 3680 5092 et
3715 5045 3844 5093 Au-

2230 5125 2444 5175 nianum
2472 5119 2717 5172 abbatem
2745 5117 2809 5168 de
2835 5113 3026 5167 finibus
3053 5112 3512 5166 disterntinandis.
3545 5111 3840 5163 (laterum

2229 5193 2281 5246 in
2312 5189 2574 5257 superiori
2605 5189 2896 5256 diplomate
2923 5183 3256 5257 observanda
3284 5194 3364 5233 eat
3398 5182 3669 5257 formula,
3715 5198 3838 5243 qua

2227 5250 2453 5316 Carolus
2481 5250 2699 5328 Magnus
2728 5256 3011 5328 conﬁrmat
3049 5252 3404 5328 donationem
3431 5251 3571 5302 villze
3603 5250 3845 5328 Canna-

2229 5349 2368 5396 rum,
2400 5321 2646 5385 Atutia'no
2676 5343 2705 5381 a
2736 5327 2931 5399 Milone
2959 5323 3171 5399 lac-tam.
3205 5339 3225 5399 ᾳ
3255 5321 3517 5374 Similiter
3541 5324 3846 5399 εοεφεὶ-

2231 5394 2420 5458 tuus—ei
2443 5402 2564 5454 villa
2587 5400 2818 5458 Caonas,
2843 5397 2983 5451 sit-ut
3007 5394 3128 5446 Milo
3153 5396 3218 5444 ad
3243 5407 3400 5445 suum
3429 5394 3844 5444 monasterium

2231 5491 2325 5544 per
2353 5487 2476 5527 suas
2509 5472 2715 5544 litteras
2746 5465 3031 5544 delegavit.
3067 5481 3114 5544 an
3137 5463 3472 5544 Frequentes
3507 5471 3636 5514 sunt
3672 5464 3850 5544 ejus-

2232 5533 2375 5598 ittodi
2407 5545 2651 5596 formula:
2681 5541 2730 5592 in
2765 5533 2952 5590 litteris
2977 5533 3397 5588 conﬁrmatoriis
3429 5546 3645 5598 regum,
3677 5543 3750 5582 ut
3787 5537 3850 5584 in

2235 5624 2503 5684 praecepto
2537 5609 2789 5684 Ludovici
2841 5607 2986 5661 Balbi
3038 5619 3135 5673 pro
3181 5602 3412 5684 ecclesia
3465 5602 3852 5684 Nivernensi,

2234 5670 2382 5754 quasi
2415 5670 2506 5740 rex
2539 5692 2666 5754 tunc
2696 5679 2925 5754 primum
2957 5670 3067 5730 rem
3096 5674 3438 5739 concederet,
3465 5671 3621 5744 cujus
3647 5670 3848 5727 dona.

2237 5751 2434 5814 tionem
2464 5751 2839 5810 confirmabat.
