4034 6182
234 315 332 374 981

559 311 790 370 CODEX
833 307 1357 367 DIPLOMATICUS.
1395 339 1465 350 —
1504 307 1849 363 PRIVILEGI,

1952 335 2021 346 —-
2061 306 2101 360 1.
2144 301 2388 359 Ριιινιι.
2434 303 2564 365 PER
2606 301 2883 358 GALthE
2925 304 3208 361 PARTES.

3401 303 3506 362 982

237 423 494 495 prted'tcto
516 423 722 478 Aniano
742 419 920 476 abbati
947 433 1042 474 seu
1064 417 1340 472 monachis
1369 417 1499 480 suis,
1526 431 1624 472 nec
1647 417 1807 472 rebus
1837 428 1886 488 Α
1911 415 1982 471 cti
2023 414 2314 486 Rigomeri,
2342 424 2398 470 et
2422 416 2670 470 cellulam
2709 417 2880 471 sancti
2919 418 3130 487 Almiri,
3175 429 3226 473 et
3264 421 3506 474 cellulam

234 518 318 571 vel
357 512 666 569 horninibus
699 510 909 565 illorum
955 517 1284 576 contangere
1329 520 1430 560 nec
1476 506 1814 575 inquietare;

234 614 327 661 aut
351 613 540 661 contra
571 601 791 658 rationis
819 599 1059 654 ordinem
1084 597 1404 652 calumniam
1432 612 1687 667 generare
1710 612 1818 651 non

236 691 573 762 praesumatis
595 729 611 754 ,
666 689 767 744 nisi
800 689 880 756 (ιιι
910 687 1164 755 diximus)
1195 703 1316 740 cum
1365 682 1614 740 omnibus
1660 685 1820 738 rebus

234 784 320 839 vel
349 781 656 838 hominibus
678 780 890 834 illorum
915 780 1014 832 sub
1039 788 1272 832 nostram
1307 777 1586 831 tuitionem
1611 778 1821 840 valeant

234 875 402 946 quieti
431 874 638 939 vivere,
673 871 757 925 vel
785 870 1044 938 residere.
1088 870 1348 925 Similiter
1375 869 1740 922 concessimus
1770 869 1818 924 ei

236 968 360 1024 villa
386 968 617 1030 Cannas,
657 963 812 1019 sicuti
843 964 966 1016 Milo
993 963 1060 1016 ad
1089 976 1243 1015 suum
1276 961 1697 1017 monastberiutn
1729 975 1823 1028 per

235 1077 364 1117 suas
418 1061 621 1116 litteras
671 1058 974 1127 delegavit,
1027 1070 1148 1110 cum
1196 1056 1447 1109 omnibus
1495 1054 1822 1122 appendiciis

236 1155 378 1220 suis,
407 1164 673 1224 quatenus
712 1151 904 1206 melius
941 1149 1170 1204 delectet
1214 1148 1344 1216 ipsis
1372 1149 1543 1202 servis
1593 1147 1683 1201 Dei
1728 1160 1824 1215 pro

236 1245 395 1301 nobis
423 1246 506 1301 vel
545 1243 888 1300 stabilitatem
935 1241 1084 1310 regni
1135 1239 1305 1295 nostri
1355 1238 1563 1293 Domini
1609 1238 1820 1291 miseri-

234 1337 422 1392 cordia
448 1350 694 1392 exorare.
727 1335 794 1389 Et
819 1335 863 1388 si
891 1334 1094 1402 aliquas
1119 1345 1310 1386 causas
1336 1329 1595 1386 adversus
1621 1344 1714 1384 eos
1741 1328 1822 1382 vel

236 1431 548 1484 hominibus
571 1429 782 1482 illorum
807 1425 1137 1482 surrexerint
1163 1432 1253 1478 aut
1281 1432 1426 1478 ortas
1452 1421 1668 1489 fuerint,
1692 1436 1823 1491 quas

235 1524 290 1577 in
325 1523 586 1593 provintia
617 1527 818 1589 absque
849 1519 1062 1572 illorum
1103 1517 1246 1585 gravi
1275 1514 1562 1583 dispendio
1592 1513 1826 1568 diffinire

235 1631 347 1668 non
380 1614 681 1683 potueritis,
725 1625 892 1680 usque
925 1611 978 1664 in
1011 1619 1193 1663 nostra
1224 1606 1510 1677 praesentia
1540 1621 1823 1660 reserven-

234 1714 350 1770 tur,
372 1713 635 1773 quatenus
659 1712 784 1756 ante
811 1716 909 1756 nos
933 1700 1228 1755 secundum
1262 1700 1393 1770 legis
1419 1698 1662 1754 ordinem
1689 1697 1827 1752 acci-

1917 507 2086 559 sancti
2113 505 2318 569 Ulfacii,
2347 516 2400 560 et
2427 507 2674 561 cellulam
2698 508 2869 561 sancti
2891 509 3167 576 Baomadi,
3195 511 3310 567 hanc
3333 517 3510 567 omnia

1920 613 2038 652 cum
2063 599 2312 652 omnibus
2334 601 2399 652 ad
2421 616 2478 653 se
2501 601 2910 668 pertinentibus,
2934 618 3053 656 cum
3080 603 3213 657 vicis
3241 605 3515 660 canonicis

1919 702 2166 761 quatuor,
2193 692 2244 746 id
2270 702 2352 746 est
2383 693 2578 756 Salica,
2603 704 2654 747 et
2681 695 3081 759 Ellontiniacum,
3109 704 3162 748 et
3187 694 3512 760 Flaciacutn,

1921 789 1976 836 et
1999 781 2267 846 Oxellum,
2303 796 2422 834 cum
2456 782 2596 835 villis
2627 782 2935 846 duodecim,
2971 793 3023 837 et
3059 783 3179 838 aliis
3212 785 3409 838 villulis
3450 789 3517 839 ad

1920 885 2012 926 eas
2045 871 2453 939 pertinentibus,
2487 874 2627 926 sicut
2655 873 2705 925 in
2736 873 2986 941 plenariis
3016 875 3126 941 jam
3157 873 3314 928 dictae
3338 876 3518 930 eccle-

1920 960 2014 1015 sia:
2040 963 2361 1029 continetur,
2401 963 2451 1016 id
2481 975 2562 1017 est
2612 963 2922 1032 liupiacunt,
2960 963 3212 1030 Cavania,
3251 965 3519 1030 Culturas,

1922 1052 2130 1120 Baliau,
2147 1055 2429 1120 Aloncion,
2449 1054 2756 1109 Colonicam
2777 1065 2926 1110 vetus
2940 1058 3136 1122 vicum,
3151 1067 3204 1113 et
3223 1057 3519 1114 Celsiacum

1923 1143 2098 1198 vicum
2129 1146 2467 1210 canonicum,
2497 1156 2550 1201 et
2590 1147 2782 1201 villatn-
2803 1150 2974 1203 sancti
3006 1150 3266 1218 Gervasii,
3298 1153 3522 1206 Alonia-

1923 1249 2068 1299 cum,
2090 1236 2383 1304 Asinarias,
2408 1236 3133 1308 Vodcbris,Callemarcium,
3151 1242 3261 1296 sive
3273 1243 3406 1297 alias
3429 1247 3528 1298 vil-

1925 1325 2316 1396 lulas,quarum
2334 1330 2548 1384 nomina
2566 1331 2616 1384 in
2631 1341 2880 1401 promptu
2899 1347 3002 1386 non
3021 1337 3388 1390 recordantur.
3405 1337 3527 1391 llaec

1924 1427 2102 1472 autem
2123 1419 2302 1473 omnia
2339 1434 2457 1474 cum
2498 1421 2746 1476 omnibus
2780 1423 2845 1476 ad
2880 1439 2937 1476 se
2971 1427 3378 1491 pertinentibus,
3407 1441 3529 1490 cum

1925 1508 2070 1562 omni
2098 1511 2427 1578 integritate,
2450 1513 2550 1567 sub
2575 1513 2884 1568 emunitatis
2915 1517 3139 1571 tuitione
3182 1529 3364 1573 nostro
3397 1536 3532 1588 prae-

1925 1611 2080 1670 cepto
2102 1603 2341 1660 inserere
2364 1605 2632 1672 iussimus.
2661 1607 2899 1662 Alterum
2941 1611 3083 1663 enim
3125 1611 3376 1679 praedicto
3408 1614 3529 1681 epi-

1927 1705 2111 1758 scopo,
2135 1695 2218 1747 vel
2242 1695 2356 1749 suis
2381 1696 2651 1753 canonicis
2676 1711 2998 1767 praeceptum
3027 1701 3156 1754 olim
3182 1702 3354 1757 facere
3362 1703 3532 1773 jussi-

234 1800 388 1868 piant
436 1797 694 1853 ﬁnitivam
740 1795 1088 1854 sententiam.
1146 1795 1215 1850 Et
1260 1805 1318 1850 ut
1366 1795 1484 1850 hazc
1535 1794 1828 1850 auctoritas

1952 1796 2048 1836 nus
2076 1781 2144 1837 de
2174 1785 2514 1838 monasteriis
2552 1786 2634 1841 vel
2664 1788 2894 1852 cellulis,
2930 1789 3046 1844 sive
3079 1791 3211 1846 vicis
3237 1802 3396 1862 atque
3434 1794 3533 1849 vil-

237 1890 452 1943 ﬁrmior
504 1889 804 1954 habeatur,
873 1887 956 1943 vel
1009 1901 1038 1939 a
1091 1886 1338 1941 lidelibus
1391 1886 1589 1941 nostris
1642 1884 1838 1959 melius

232 1988 614 2045 conservetur,
665 1978 734 2035 de
778 1977 942 2032 anulo
971 1977 1176 2046 nostro;
1202 1977 1393 2032 subter
1440 1975 1676 2045 sigillare
1719 1977 1835 2044 jus-

311 2088 438 2125 “III.

236 2085 645 2216 ωῗεῖιίοιθὶοιιε
683 2158 751 2214 ad
790 2158 958 2216 vicem
1002 2157 1237 2214 Badonis
1274 2157 1560 2228 recognovi
1609 2166 1674 2211 et»
1705 2156 1834 2210 sub-

233 2251 461 2318 scripsi.

313 2343 450 2394 Data
497 2339 655 2395 tertio
683 2340 894 2397 decimo
922 2340 1191 2395 Kalendas
1222 2341 1488 2409 Augustas
1533 2354 1678 2394 anno
1710 2354 1835 2394 xxvr

234 2440 292 2484 et
331 2447 405 2485 xx
436 2431 584 2500 regni
615 2432 806 2486 nostri.
859 2433 1050 2488 Actum
1094 2430 1498 2487 Franconofurd
1537 2430 1741 2502 palatio
1781 2431 1838 2486 in

238 2521 340 2576 Dei
378 2523 596 2576 nomine
625 2521 878 2577 feliciter.

922 2612 1033 2667 LVI
1075 2613 1172 2669 bis.

237 2725 579 2798 Prwceptum
617 2726 791 2798 Caroli
819 2725 1021 2798 ‘Magni
1059 2728 1122 2798 de
1165 2726 1400 2798 omnibus
1438 2729 1586 2784 rebus
1621 2729 1849 2786 ecclesiis

675 2795 1061 2851 Cenomannica:
1088 2797 1249 2864 (anno
1279 2797 1428 2868 796).

560 2902 654 2964 (Ει
680 2905 741 2955 1).
770 2899 1014 2968 Bouquet,
1043 2906 1238 2957 Recueil
1259 2907 1346 2957 des
1386 2905 1539 2970 Hist.)

315 2989 378 3043 In
422 2995 447 3023 ι
488 2989 704 3043 nomine
758 2989 932 3043 Patris
985 3000 1038 3044 et
1095 2988 1217 3044 Filii
1269 2997 1325 3044 et
1372 2989 1602 3058 Spiritus
1652 2995 1845 3059 sancti,

233 3081 477 3136 Carolus
502 3081 669 3150 gratia
695 3080 786 3135 Dei
815 3095 905 3135 rex
935 3080 1258 3136 Francorum
1298 3093 1353 3136 et
1378 3083 1845 3152 Langobardorum

232 3185 306 3226 ac
334 3169 591 3238 patricius
622 3172 999 3225 Romanorum.
1029 3169 1085 3225 Si
1115 3169 1452 3226 sacerdotum
1483 3187 1546 3227 ac
1572 3188 1850 3228 servorum

234 3259 340 3317 Dei
405 3261 711 3330 petitiones,
760 3274 892 3331 quas
939 3261 1093 3316 nobis
1145 3275 1238 3330 pro
1283 3261 1396 3315 suis
1444 3263 1853 3318 necessitatibus

235 3355 607 3421 innotuerint,
637 3356 700 3406 ad
733 3355 978 3409 effectum
1012 3354 1372 3422 perducimus,
1415 3370 1520 3407 non
1565 3355 1738 3408 solum
1782 3355 1856 3408 le—

233 3445 430 3510 calent
482 3445 918 3501 consuetudinem
965 3460 1304 3513 exercemus,
1353 3461 1536 3500 verum
1583 3447 1742 3500 etiam
1790 3447 1857 3502 ad

236 3535 638 3590 beatitudinem
678 3547 892 3592 aeterne
939 3536 1300 3590 retributionis
1345 3535 1467 3589 talia
1514 3535 1668 3588 nobis
1719 3533 1856 3588 facta

239 3625 538 3696 profutura
562 3627 896 3681 conﬁdimus.
927 3627 1086 3697 Igitur
1110 3627 1356 3681 omnibus
1383 3627 1671 3696 episcopis,
1696 3626 1834 3681 abba

238 3722 424 3784 tibus,
447 3719 693 3787 ducibus,
720 3720 1020 3784 comitibus,
1047 3717 1417 3779 vicedominis.
1455 3717 1688 3782 vicariis,
1730 3731 1861 3772 cen-

240 3811 845 3874 tcnariis,actionariis,
873 3810 1052 3864 missis
1074 3811 1268 3864 nostris
1283 3809 1719 3874 discurrentibus,
1750 3809 1863 3863 sive

234 3904 468 3957 cunctis
497 3903 741 3958 fidelibus
767 3914 964 3958 sancta:
996 3904 1086 3958 Dei
1119 3901 1371 3958 Ecclesia:
1397 3913 1450 3955 et
1479 3903 1698 3968 nostris,
1729 3918 1865 3971 prae-

236 3995 504 4049 sentibus
539 4004 698 4064 atque
728 3994 940 4060 futuris,
975 4004 1158 4048 notum
1187 4010 1307 4049 esse
1343 3995 1589 4047 volumus
1627 3994 1746 4062 quia
1786 3997 1868 4048 vir

236 4089 584 4144 venerabilis
631 4087 860 4155 Franco,
911 4088 1318 4143 Cenomaunicze
1365 4086 1512 4140 urbis
1559 4088 1866 4156 episcopus,

237 4182 453 4235 adiens
492 4181 845 4236 Serenitatem
890 4191 1148 4245 nostram,
1191 4179 1503 4248 suppliciter
1539 4177 1860 4246 deprecatus

230 4283 336 4329 est
373 4280 435 4327 nt
471 4273 520 4329 ei
552 4281 873 4341 prmceptum
903 4273 971 4326 de
1009 4271 1254 4326 omnibus
1295 4272 1456 4325 rebus
1492 4270 1735 4324 ecclesia:
1768 4268 1868 4324 sibi

235 4362 570 4416 commissa
606 4361 781 4416 facere
812 4361 1249 4431 prtecepissemus
1282 4378 1294 4413 :
1325 4370 1377 4414 et
1408 4359 1719 4414 nominatim
1762 4361 1871 4414 cel-

1935 1875 2021 1941 lis,
2067 1890 2197 1942 quas
2229 1876 2396 1932 nostri
2427 1876 2612 1933 ﬁdeles
2649 1887 2829 1934 nostra
2875 1881 3158 1952 largitione
3193 1885 3390 1941 habere
3437 1904 3529 1942 no-

1935 1975 2156 2021 scuntur
2172 1985 2186 2020 :
2203 1967 2273 2020 ibi
2298 1968 2609 2024 nominatim
2625 1970 2784 2026 easin
2809 1985 2991 2028 nosne
3014 1985 3279 2044 praecepto
3299 1979 3535 2034 scribere

1939 2061 2389 2130 precipissemus,
2420 2064 2520 2117 sub
2555 2064 2794 2133 legitimo
2817 2081 3005 2134 censu,
3033 2079 3085 2124 et
3114 2084 3280 2124 nonas
3308 2082 3359 2126 et
3388 2073 3535 2129 doci-

1939 2163 2052 2204 mas
2076 2151 2478 2218 persolvendas,
2501 2168 2593 2207 seu
2623 2157 3040 2212 restaurationes
3060 2159 3302 2214 ecclesiae
3327 2162 3536 2217 facien-

1939 2242 2073 2306 das;
2114 2256 2234 2312 qua:
2278 2243 2456 2298 omnia
2499 2244 2752 2312 jubemus
2805 2255 2964 2316 atque
3019 2249 3362 2318 praecipimus
3409 2264 3468 2306 ut
3511 2269 3543 2306 a.

1942 2330 2140 2387 nostris
2171 2331 2415 2388 ﬁdelibus
2445 2336 2517 2389 ita
2558 2348 2965 2405 conserventur,
2997 2340 3135 2394 sicut
3174 2341 3223 2394 in
3259 2342 3374 2410 ipso
3404 2359 3540 2411 pra:-

1943 2429 2098 2490 cepto
2143 2433 2266 2477 sunt
2293 2425 2487 2479 inserta
2525 2443 2537 2478 :
2569 2427 2636 2482 de
2671 2429 2865 2497 quibus
2907 2432 3212 2498 praedictam
3263 2435 3544 2491 ecclesiam

1944 2522 1999 2568 et
2034 2515 2142 2582 jam
2179 2517 2378 2571 dictum
2432 2521 2762 2588 pontificem,
2813 2526 3238 2598 quandocunque
3282 2529 3536 2585 Dominus

1949 2618 2104 2672 posse
2131 2615 2186 2660 et
2213 2607 2386 2662 locum
2409 2609 2635 2676 dederit,
2673 2615 2936 2670 consolari
2963 2625 3017 2672 et
3037 2623 3366 2688 augmentari
3391 2625 3541 2691 cupi.

1950 2710 2088 2751 mus.
2137 2697 2535 2754 Praesentaliter
2565 2718 2688 2758 vero
2719 2704 2817 2760 hoc
2846 2709 3210 2775 concedimus,
3242 2722 3299 2767 ut
3326 2717 3539 2781 quando

1950 2790 2176 2859 quisque
2200 2791 2270 2846 de
2316 2792 2420 2848 illis
2459 2795 2550 2862 qui
2600 2811 2745 2863 επερο
2787 2797 2945 2854 dictae
2996 2802 3237 2858 ecclesiae
3286 2805 3541 2861 beneﬁcia

1954 2889 2136 2935 nostra
2168 2881 2452 2952 largitione
2481 2885 2698 2953 habent,
2731 2889 2799 2944 de
2844 2891 2944 2944 hoc
2985 2894 3205 2960 saeculo,
3254 2894 3542 2954 infantibus

1955 2971 2204 3026 masculis
2256 2989 2360 3029 non
2415 2977 2576 3040 natis,
2626 2979 2712 3032 vel
2771 2981 2924 3035 nobis
2981 2997 3084 3038 non
3133 2987 3544 3053 commendatis,

1957 3065 2301 3133 migraverint
2327 3085 2340 3132 ;
2367 3067 2476 3138 jam
2499 3069 2672 3124 dictus
2696 3073 2950 3141 pontifex,
2975 3075 3054 3129 vel
3079 3077 3156 3129 sui
3180 3091 3548 3143 successores,

1956 3156 2068 3211 sive
2097 3170 2283 3213 eorum
2315 3161 2540 3216 ministri
2578 3175 2738 3231 atque
2766 3167 3026 3230 canonici,
3058 3168 3108 3221 in
3143 3177 3455 3236 patestatem
3489 3181 3544 3222 ιιι

1956 3245 2376 3302 dominationem
2402 3252 2642 3317 ,ιιι-πῆξαι
2681 3255 2922 3310 ecclesiae
2960 3257 3162 3327 absque
3211 3259 3369 3314 ullius
3418 3276 3546 3316 con-

1956 3335 2254 3406 signationc
2285 3355 2537 3396 revocare
2578 3344 2790 3407 faciant.
2839 3347 2904 3399 Et
2939 3349 3363 3418 quandocunque
3400 3352 3547 3407 locus

1957 3429 2196 3484 evenerit
2244 3431 2350 3502 jam
2391 3433 2530 3489 dicta
2589 3437 2842 3492 beneﬁcia
2872 3454 2992 3494 cum
3041 3443 3237 3497 nostris
3278 3445 3550 3507 lidelibus,

1959 3521 2049 3590 qui
2095 3537 2156 3576 ea
2188 3535 2372 3580 nostro
2402 3526 2662 3584 beneficio
2689 3531 2906 3597 habent,
2929 3544 3282 3601 commutare,
3307 3539 3554 3594 volumus

1960 3626 2023 3666 ea
2063 3613 2296 3698 praefatae
2329 3618 2571 3673 ecclesia:
2602 3621 2844 3690 reddere,
2874 3634 2927 3679 ttt
2960 3625 3125 3694 ipsius
3154 3629 3391 3683 ecclesiae
3423 3647 3555 3698 pon-

1964 3704 2218 3772 tilicibus,
2249 3708 2328 3761 vel
2360 3713 2750 3779 sacerdotibus,
2779 3719 2891 3770 sive
2924 3717 3013 3772 Dei
3047 3719 3237 3786 servis,
3276 3737 3370 3789 pro
3403 3724 3554 3778 nobis

1966 3795 2047 3850 vel
2077 3797 2222 3872 omni
2268 3801 2465 3867 populo
2509 3804 2662 3858 nobis
2701 3819 2728 3856 a
2773 3805 2884 3861 Deo
2930 3811 3242 3876 commisso,
3295 3814 3409 3868 sive
3457 3829 3552 3882 pro

1967 3888 2254 3944 stabilitate
2285 3892 2432 3961 regni
2463 3903 2517 3948 et
2543 3909 2671 3963 pace
2697 3897 2857 3952 totius
2887 3901 3088 3968 populi,
3113 3902 3302 3957 melius
3329 3919 3557 3960 exorare

1967 3982 2278 4039 delectetur.

2039 4076 2262 4146 Insuper
2287 4077 2477 4134 detulit
2519 4081 2671 4137 nobis
2709 4082 3070 4143 immunitates
3109 4091 3558 4158 pratdecessormn

1971 4175 2305 4239 nostrorum,
2361 4185 2543 4239 regum
2589 4173 2795 4229 scilicet
2859 4175 3212 4247 Francorum,
3270 4184 3320 4238 in
3368 4186 3561 4254 quibus

1972 4259 2343 4315 continebatur
2388 4264 2654 4333 quomodo
2686 4267 2991 4335 praedictam
3031 4271 3237 4340 sedem,
3291 4290 3391 4328 una
3434 4292 3555 4332 cum

1977 4350 2133 4406 rebus
2169 4353 2417 4409 omnibus
2459 4357 2546 4412 vel
2601 4359 2902 4414 hominibus
2939 4361 3134 4419 ibidem
3159 4365 3562 4436 aspicientibus,

237 4453 407 4509 Inlas
449 4451 532 4508 vel
563 4452 710 4508 vicos
743 4469 838 4507 seu
871 4453 1048 4517 villas,
1079 4467 1210 4521 quas
1235 4453 1335 4506 sub
1364 4468 1480 4518 sua,
1515 4453 1628 4506 sive
1656 4454 1872 4506 canoni-
1903 4475 1951 4532 υ
1981 4452 2195 4512 ιποριθτ
2217 4459 2454 4500 amorem
2480 4447 2569 4502 Dei
2596 4457 2648 4503 et
2674 4452 3026 4508 reverentiam
3066 4466 3394 4527 sanctorum,
3430 4477 3564 4532 quo-

234 4563 484 4612 corunt,
527 4546 607 4600 vel
647 4547 976 4601 vassalorum
1017 4561 1236 4600 suorum
1277 4560 1339 4598 ac
1381 4545 1606 4599 aliorum
1653 4545 1752 4598 sibi
1795 4545 1874 4598 vel

233 4638 515 4697 ecclesiae
562 4653 674 4693 sure
730 4638 922 4693 devote
977 4637 1368 4704 famulantiutn,
1426 4645 1532 4691 tam
1587 4637 1874 4692 liberorum

231 4745 430 4798 quam
471 4735 525 4782 et
559 4743 860 4792 servorum,
901 4735 1161 4796 potestate
1197 4728 1282 4784 vel
1329 4727 1692 4783 dominatione
1737 4743 1872 4790 prae-

229 4819 406 4875 senti
444 4828 682 4888 tempore
712 4819 910 4874 habere
940 4821 1196 4882 noscitur,
1231 4827 1288 4873 ut
1323 4819 1512 4874 futuris
1544 4819 1875 4887 temporibus

231 4911 404 4979 ipse,
448 4908 561 4964 sive
588 4909 703 4979 ejus
740 4925 1100 4976 successores,
1135 4910 1236 4964 sub
1261 4909 1379 4979 iure
1409 4920 1462 4965 et
1491 4910 1874 4976 dominatione,

234 4999 543 5068 praedictae
602 5000 1013 5057 Cenomannica:
1061 5001 1336 5069 ecclesiae,
1395 5002 1636 5072 firmius,
1691 5013 1873 5060 nostra

231 5090 387 5146 fulti
422 5090 762 5154 auctoritate,
784 5101 840 5147 et
865 5093 1067 5162 absque
1093 5092 1196 5146 ulla
1227 5091 1528 5161 pulsatione
1547 5093 1628 5146 vel
1656 5102 1874 5146 contra-

234 5184 468 5238 rietate
498 5182 694 5238 habere
720 5183 804 5239 vel
845 5198 1032 5254 regere
1064 5195 1382 5239 mereretur.
1426 5181 1591 5252 Cujus
1633 5184 1872 5252 petitioni

235 5275 505 5328 libenter
533 5288 813 5330 assensum
848 5274 1192 5345 praebuimus,
1222 5283 1276 5329 ct
1306 5275 1619 5328 nominatim
1650 5273 1875 5328 cellulas

233 5362 339 5418 vel
378 5361 540 5416 villas
561 5364 676 5419 sive
701 5366 850 5420 vicos
879 5363 930 5418 in
963 5363 1064 5419 hoc
1088 5374 1378 5435 praecepto,
1405 5364 1542 5419 sicut
1561 5362 1875 5430 deprecatus

231 5462 340 5510 est
367 5451 620 5508 inserere
642 5452 922 5523 iussimus,
956 5455 1009 5510 id
1033 5463 1115 5510 est
1139 5454 1383 5508 cellulam
1411 5454 1581 5508 sancti
1609 5453 1872 5508 Vincentii

233 5559 392 5602 cum
431 5544 676 5601 omnibus
705 5546 771 5600 ad
801 5561 859 5602 se
889 5547 1297 5617 pertinentibus,
1331 5558 1383 5602 et
1419 5547 1666 5601 cellulam
1700 5547 1874 5602 sancti

239 5633 486 5701 Albini,
515 5650 610 5692 seu
638 5638 881 5694 cellulam
905 5639 1076 5696 sancti
1105 5639 1372 5706 Audoeni,
1403 5648 1458 5694 et
1485 5639 1728 5694 cellulam
1755 5654 1877 5694 san-

333 5780 373 5811 -
427 5768 645 5831 lnsolita
669 5774 935 5833 invocatio
959 5791 1022 5833 ac
1052 5773 1267 5834 omnino
1297 5774 1610 5831 reseranda.

1981 4549 2095 4587 rum
2125 4535 2362 4607 reliquiae
2398 4537 2466 4593 ibi
2495 4550 2835 4609 venerantur,
2875 4545 2974 4600 sub
3012 4545 3316 4615 plenissima
3351 4567 3564 4620 semper

1977 4626 2286 4683 defensione
2335 4639 2389 4684 et
2428 4631 2777 4689 innnunitatis
2823 4637 3046 4694 tuitione
3083 4639 3412 4700 habuissent.
3460 4647 3565 4701 Pro

1978 4718 2242 4775 firmitatis
2289 4736 2417 4790 ergo
2462 4724 2641 4779 studio
2686 4728 2835 4796 petiit
2881 4731 3166 4798 praedictus
3215 4739 3448 4802 pontifex
3508 4752 3566 4789 ιιι

1975 4810 2115 4865 circa
2147 4809 2317 4879 ipsum
2354 4826 2594 4870 sanctum
2626 4817 2797 4872 locum
2825 4819 3001 4875 denuo
3034 4839 3128 4891 pro
3170 4829 3435 4881 mercedis
3470 4845 3567 4882 ιιορ

1973 4908 2102 4955 strte
2130 4914 2416 4971 augmento
2444 4909 2743 4964 concedere
2774 4918 2828 4964 et
2865 4914 3184 4969 confirmare
3221 4917 3569 4978 deberemus.
3603 4966 3606 4970 .

1975 4991 2137 5063 Cujus
2160 4996 2466 5065 petitionem
2495 5015 2588 5066 pro
2608 5000 2785 5055 divino
2807 5017 2989 5057 amore
3010 5020 3235 5060 renuere
3258 5007 3568 5075 noluimus;

1975 5085 2068 5140 sed
2100 5085 2151 5140 in
2192 5088 2440 5143 omnibus
2468 5097 2520 5144 et
2552 5102 2839 5158 prmsentes
2868 5102 2921 5145 et
2952 5092 3109 5148 futuri
3152 5093 3337 5152 ﬁdeles
3369 5111 3566 5154 sancta:

1978 5179 2071 5235 Dei
2105 5182 2356 5237 Ecclesia:
2388 5193 2440 5238 ct
2468 5185 2632 5237 nostri
2665 5185 2733 5238 ita
2757 5199 3069 5239 concessum
3099 5198 3258 5258 atque
3287 5203 3569 5262 perpetua.-

1979 5270 2100 5326 liter
2127 5287 2157 5325 a
2189 5273 2342 5328 nobis
2380 5272 2753 5328 confirmatum
2808 5290 2929 5331 esse
2984 5291 3327 5346 cognoscant.
3375 5280 3570 5336 Praeci~

1978 5360 2186 5430 pientes
2211 5377 2340 5432 ergo
2364 5361 2614 5432 jubemus
2635 5372 2692 5418 ut
2714 5363 2887 5418 nullus
2907 5366 3067 5434 judex
3099 5369 3358 5437 publicus,
3391 5387 3565 5442 nequc

1978 5453 2232 5523 quislibet
2257 5469 2323 5508 ex
2350 5451 2630 5522 iudiciaria
2659 5464 2942 5524 potestate,
2974 5473 3072 5512 nec
3101 5459 3294 5532 aliquis
3314 5477 3378 5518 es
3405 5463 3572 5521 ﬁdeli-

1981 5547 2078 5601 bus
2126 5547 2325 5602 nostris
2369 5547 2422 5600 in
2469 5547 2724 5604 ecclesias
2751 5558 2842 5603 aut
2896 5549 3045 5621 loca,
3097 5554 3182 5608 vel
3224 5571 3418 5627 agros,
3471 5574 3568 5616 seu

1983 5639 2216 5711 reliquas
2245 5639 2613 5712 possessiones
2641 5652 2954 5699 memoratae
2983 5644 3248 5715 ecclesim,
3283 5664 3412 5718 quas
3442 5667 3564 5704 mo-
