4034 6182
392 381 397 385 ,
449 316 556 376 985

1338 323 1399 376 Β.
1433 323 1687 380 CAROLl
1728 322 1940 378 MAGNI
1982 321 2132 378 OPP.
2176 317 2355 375 PARS
2395 317 2435 373 l.
2476 315 2718 376 SECTIO
2751 317 2821 373 ll.

3633 316 3740 372 εει

447 434 617 488 derno
645 441 884 503 tempore
906 433 960 486 iit
987 433 1477 508 quibuslibetpagis
1503 447 1556 489 et
1578 436 1868 491 territoriis
1897 435 2034 488 inl’ra
2068 439 2111 492 Α
2211 429 2472 487 Genesius
2501 429 2567 484 ad
2598 430 2765 484 vicem
2788 427 3164 484 Erchembaldi
3195 429 3482 498 recognovi
3502 437 3569 483 et
3593 430 3744 486 subs.

446 525 703 580 ditionem
753 525 898 596 regni
947 526 1113 578 nostri
1141 527 1283 593 juste
1313 526 1514 583 habere
1543 544 1605 583 ac
1630 528 1904 596 possidere
1930 540 2025 580 co-

444 615 739 686 gnoscitur,
763 628 984 681 quaeque
1004 616 1164 670 etiam
1189 614 1441 686 deinceps
1462 617 1512 670 in
1533 618 1652 687 jure
1676 618 1839 684 ipsius
1859 615 2026 672 sancti

443 705 546 758 loci
595 705 769 758 divina
819 705 1043 757 voluerit
1089 706 1256 773 pietas
1297 711 1498 776 augeri,
1553 724 1708 762 nemo
1737 709 1801 760 ad
1841 721 2032 761 causas

441 783 761 857 audiendas,
786 793 864 847 vel
892 794 1196 851 inl‘ereutlas
1220 799 1589 864 requirendus,
1614 809 1704 854 aut
1731 800 1922 852 tributa
1948 798 2031 851 vel

441 885 584 940 fretla
617 883 900 956 exigenda,
932 896 1022 940 aut
1064 887 1371 944 mansiones
1403 892 1484 944 vel
1509 891 1717 958 paratas
1741 890 2031 956 faciendas,

442 989 534 1033 attt
577 979 840 1032 teloneum
869 979 1210 1049 exigendum,
1243 997 1342 1037 nec
1371 979 1713 1051 l‘tdejussores
1745 983 2033 1047 tollendos,

440 1080 531 1124 aut
562 1069 805 1126 homines
841 1069 1006 1138 ipsius
1051 1073 1314 1138 ecclesiaz,
1360 1084 1465 1127 tam
1499 1074 1756 1144 ingenuos
1783 1090 1941 1143 quam
1983 1085 2037 1128 et

439 1175 643 1234 servos,
697 1161 786 1228 qui
817 1175 978 1230 super
1007 1171 1201 1216 terram
1235 1164 1471 1231 ejusdem
1504 1165 1738 1229 residere
1769 1166 2034 1224 vident-ur.

439 1251 640 1320 injuste
695 1250 1123 1320 distringendos,
1175 1269 1276 1309 nec
1331 1255 1468 1309 ullas
1514 1256 1896 1312 redhibitiones
1945 1265 2038 1310 aut

440 1343 669 1397 inlicitas
708 1343 1016 1405 occasiones
1060 1346 1429 1416 requirendos.
1464 1346 1570 1399 ullo
1608 1362 1855 1414 umquam
1901 1357 2035 1400 tem-

440 1450 568 1504 pore
610 1432 815 1510 ingredi
858 1435 1066 1502 audeat,
1101 1438 1183 1492 vel
1221 1446 1468 1492 exactore
1513 1437 1758 1504 prtedicta
1797 1453 1865 1492 ex
1906 1438 2038 1507 ipsis

438 1527 598 1582 rebus
627 1531 854 1602 quodam
886 1530 938 1583 in
972 1529 1089 1584 loco
1119 1538 1406 1596 prmsumat
1439 1546 1452 1582 :
1485 1535 1540 1584 et
1567 1529 1820 1598 quidquid
1849 1546 1912 1585 ex
1945 1545 2038 1585 re-

441 1619 539 1674 bus
562 1618 672 1690 jatn
712 1621 870 1676 dictae
896 1619 1136 1674 ecclesiae
1175 1618 1332 1674 ﬁscus
1359 1634 1575 1688 sperare
1601 1628 1826 1685 poterat,
1869 1629 2037 1674 totum

440 1724 537 1762 nos
558 1697 876 1764 memorata)
901 1709 1142 1765 ecclesiae,
1167 1709 1534 1764 concedimus.
1573 1709 1792 1782 Insuper
1828 1719 1881 1764 et
1905 1709 2036 1766 illud

2202 519 2391 576 Datum
2423 519 2474 574 in
2511 533 2694 574 mense
2720 518 3037 574 Decetnbrio
3081 533 3168 574 ut
3214 519 3444 575 Kalend.
3476 520 3744 587 Januarii,

2133 626 2272 674 anno
2301 612 2448 680 regni
2478 612 2647 665 nostri
2679 625 2826 664 χιιι.

2205 704 2390 756 Actum
2419 700 2780 768 GranioAquis
2812 700 3005 768 palatio
3046 709 3253 766 nostro,
3289 702 3349 753 in
3389 700 3483 755 9d
3515 700 3749 756 lmine

2136 793 2376 852 feliciter.
2408 793 2600 848 Amen.

2754 859 2758 863 i
2855 903 3008 957 LV-ll.

2137 995 2326 1050 Charta
2344 993 2592 1058 Chiselae,
2624 993 2800 1047 Caroli
2834 993 3016 1062 Magni
3041 993 3259 1057 sororis,
3287 1007 3388 1058 qua
3423 990 3747 1062 monasterio

2209 1067 2528 1134 Dionysinno
2564 1067 2723 1117 multa
2753 1061 2950 1133 confert
2989 1064 3190 1133 prwdia
3224 1078 3340 1132 qua:
3375 1078 3410 1115 a
3447 1061 3752 1132 parentibus

2207 1145 2474 1204 acceperat
2505 1137 2666 1198 (anno
2694 1134 2852 1193 798).

2505 1265 2603 1328 (Ex
2629 1263 2905 1324 Mabillon.,
2925 1265 2993 1314 de
3037 1263 3111 1312 lie
3135 1264 3361 1327 diplom.)

2141 1556 2415 1611 beatorum
2449 1565 2741 1626 martyrum
2773 1555 3032 1626 Dionysii,
3054 1555 3141 1608 ubi
3168 1555 3283 1622 ipse
3306 1555 3586 1622 preciosns
3612 1570 3748 1610 cor-

2140 1659 2268 1712 pore
2295 1645 2525 1715 quiescit
2552 1659 2673 1698 cnm
2703 1647 2815 1699 suis
2844 1647 3048 1699 sanctis
3073 1647 3259 1710 sociis,
3287 1645 3355 1699 de
3381 1661 3570 1700 eorum
3603 1660 3753 1713 pras-

2139 1737 2229 1791 dio
2257 1745 2313 1789 et
2343 1735 2626 1790 t'acultates
2665 1737 2779 1804 ipse
2825 1736 2973 1790 locus
3014 1745 3230 1789 sanctus
3260 1736 3460 1790 ditatus
3501 1747 3556 1789 et
3601 1737 3752 1791 bene

437 1800 488 1853 in
523 1798 626 1854 hoc
658 1810 925 1872 praecepto
956 1800 1190 1854 inserere
1215 1787 1497 1869 jusslmus,
1531 1808 1588 1853 ut
1618 1800 1799 1854 nullus
1834 1798 2030 1867 iudex:
2069 1801 2114 1862 Β
2145 1787 2646 1890 litiget
2675 1787 2788 1887 esti.
2819 1787 3235 1880 etvconcedente
3267 1787 3748 1880 Dotnino‘eritv

435 1898 530 1945 aut
552 1905 758 1955 comes,
789 1899 881 1946 aut
909 1891 1100 1961 aliquis
1128 1890 1263 1948 liber
1295 1891 1475 1953 homo,
1507 1900 1600 1945 aut
1630 1891 1885 1958 quaelibet
1913 1906 2037 1960 pcr-

434 1999 567 2040 sona
599 1985 870 2055 praedictas
907 1987 1150 2042 ecclesia:
1194 1985 1490 2050 ministros,
1533 1986 1618 2040 vel
1654 1986 1940 2041 advocatos
1985 1985 2036 2042 in

435 2076 595 2130 mallo
620 2077 829 2146 publico
852 2092 1103 2132 accusare
1128 2085 1440 2146 praesumat,
1469 2077 1561 2130 sed
1591 2079 1736 2145 prius
1759 2078 2040 2132 conveniat

436 2167 712 2224 ministros
741 2185 942 2238 rerum,
972 2178 1026 2224 et
1047 2168 1256 2240 judices
1289 2168 1534 2222 villarum
1574 2179 1735 2239 atque
1766 2169 2038 2227 hominum

435 2274 466 2311 a
495 2259 687 2328 quibus
727 2252 881 2314 laesus
919 2270 1021 2328 est,
1063 2271 1120 2315 ut
1164 2260 1231 2316 ab
1269 2261 1348 2316 eis
1389 2261 1707 2314 familiarem
1751 2270 1807 2318 et
1839 2262 2036 2329 justam

437 2352 664 2422 accipiat
704 2353 1004 2420 justitiam;
1051 2368 1208 2422 quam
1259 2353 1303 2408 si
1350 2355 1594 2419 accipeie
1634 2367 1739 2408 non
1787 2353 2036 2417 voluerit,

441 2453 566 2498 tunc
601 2443 884 2498 conveniat
910 2445 1215 2510 eplSCOpllm
1241 2441 1352 2512 jam
1384 2441 1540 2496 dicite
1569 2441 1832 2504 ecclesia},
1872 2451 1931 2496 ut
1971 2443 2038 2496 ab

436 2537 550 2602 ipso
571 2535 994 2604 suamjustitam
1025 2535 1337 2588 familiarem
1365 2543 1416 2587 et
1448 2521 1638 2587 bonam
1661 2532 2034 2602 atquejnstam

437 2627 684 2694 accipiat.
711 2625 778 2680 Et
797 2626 842 2679 si
869 2627 934 2678 ab
959 2628 1072 2694 ipso
1094 2626 1367 2695 episc0po,
1393 2637 1563 2692 neque
1589 2639 1618 2677 a
1643 2623 1753 2678 suis
1779 2622 2068 2681 ministris.

441 2733 589 2769 suam
628 2715 888 2786 justitiam
932 2714 1176 2782 accipere
1224 2713 1542 2782 nequiverit,
1595 2712 1929 2780 postmodum
1970 2713 2035 2766 li-

436 2806 665 2862 centiam
714 2806 908 2860 habeat
956 2814 1012 2858 ut
1058 2805 1110 2858 in
1159 2805 1320 2858 mallo
1361 2803 1573 2872 publico
1615 2818 1740 2857 suas
1786 2803 2034 2872 querelas

435 2900 576 2968 justo
615 2905 670 2951 et
711 2895 1098 2950 rationabiliter
1128 2903 1289 2964 atque
1319 2894 1559 2964 legaliter
1580 2903 1803 2963 quaerat.
1849 2893 1954 2950 Sed
1983 2896 2030 2951 si

435 2999 590 3044 antea
619 3003 777 3058 quam
809 2988 1059 3058 praedicta
1111 2987 1316 3054 fecerit,
1345 2985 1454 3056 jam
1487 2985 1642 3040 dicta:
1669 2987 1812 3042 sedis
1849 2987 2030 3043 eccle-

435 3082 529 3135 siae
557 3080 865 3148 episcOpum
897 3090 949 3134 et
977 3095 1102 3135 suos
1134 3079 1410 3134 ministros
1441 3081 1520 3133 vel
1551 3079 1840 3136 advocatos
1869 3094 2030 3136 accu-

2145 1926 2498 1986 perpetuum:
2550 1918 2622 1970 ita
2665 1932 2806 1970 nunc
2860 1919 2910 1970 in
2963 1916 3058 1970 Dei
3106 1916 3324 1970 nomine
3369 1915 3482 1969 Deo
3528 1927 3750 1970 sacrata

2143 2007 2450 2076 Christique
2482 2022 2698 2075 semper
2726 2007 2920 2061 devota
2947 2005 3182 2076 Ghysela
3211 2006 3548 2060 nobilissima
3596 2006 3751 2074 regis

2145 2097 2247 2151 lilia
2279 2097 2522 2166 Pippini,
2569 2109 2623 2150 et
2669 2098 3012 2150 Bertradana:
3044 2097 3240 2164 reginae
3269 2097 3395 2150 olim
3424 2139 3438 2159 ,
3492 2113 3594 2164 pro
3642 2097 3749 2152 Dei

2143 2191 2335 2244 intuitu
2380 2204 2432 2245 et
2471 2189 2742 2244 desiderio
2771 2189 3010 2244 coeleStis
3060 2189 3208 2259 regni
3255 2197 3309 2242 et
3357 2191 3554 2242 anima:
3601 2204 3751 2244 meae

2142 2279 2402 2342 remedio,
2437 2279 2702 2333 donamus
2727 2279 2794 2332 ad
2824 2279 2994 2347 ipsum
3025 2281 3268 2332 sanctum
3309 2279 3484 2331 locum
3507 2320 3523 2339 ,
3567 2278 3751 2333 dona-

2143 2379 2364 2439 tumque
2390 2369 2787 2440 praisentaliter
2815 2383 2937 2422 esse
2965 2368 3213 2421 volumus
3233 2407 3250 2432 ,
3297 2368 3437 2422 sicut
3464 2370 3608 2421 enim
3643 2370 3751 2421 ad-

2139 2469 2324 2515 tnnuet
2369 2475 2469 2516 nos
2514 2471 2699 2514 sancta
2746 2461 3010 2528 scriptura
3061 2469 3118 2513 ut
3169 2462 3330 2513 homo
3357 2459 3486 2512 dum
3519 2460 3654 2513 vivit
3690 2460 3748 2514 in

2138 2571 2386 2624 corpore,
2418 2556 2616 2623 cogitet
2645 2553 2711 2609 de
2741 2555 3044 2608 :eternitate
3066 2555 3209 2619 vitat,
3236 2564 3294 2606 ut
3320 2553 3746 2607 detransitoria

2138 2660 2373 2700 metetur
2425 2655 2669 2709 aeterna,
2740 2643 2962 2697 Domino
3017 2641 3234 2696 dicente
3289 2643 3342 2695 iu
3397 2643 3746 2712 Evangelia:

2139 2735 2320 2791 Facite
2360 2737 2498 2792 vobis
2539 2738 2808 2791 thesauros
2847 2738 2902 2789 in
2935 2737 3061 2789 caelo
3089 2751 3204 2804 qua,
3233 2751 3337 2788 non
3367 2736 3650 2803 deﬁciunt,
3692 2745 3751 2789 et

2135 2830 2199 2882 de
2226 2830 2400 2898 iniquo
2429 2843 2719 2882 mammona
2747 2835 3038 2896 comparate
3066 2825 3206 2879 vobis
3235 2837 3426 2878 (eterna
3469 2824 3732 2878 taberna-

2133 2919 2276 2987 cula,
2309 2918 2464 2989 juxta
2497 2919 2818 2973 sententiam
2850 2916 2990 2970 beati
3019 2915 3256 2971 doctoris
3283 2916 3592 2983 Augustini,
3639 2903 3750 2968 ubi

2131 3012 2241 3063 ait:
2277 3028 2297 3060 ι
2333 3009 2475 3063 Perit
2503 3009 2735 3063 mundus
2778 3016 2834 3062 et
2878 3021 2941 3062 ea
2989 3021 3110 3076 quat
3159 3007 3212 3060 in
3265 3006 3464 3060 mundo
3512 3017 3668 3059 sunt.
3718 3026 3740 3058 ι

2135 3105 2264 3162 Illud
2298 3117 2426 3158 vero
2453 3117 2747 3172 numquam
2779 3099 2917 3170 perit
2940 3141 2955 3165 ,
3002 3101 3146 3171 quod
3193 3102 3246 3155 in
3287 3101 3524 3156 ecclesiis
3551 3102 3640 3154 vel
3682 3100 3746 3155 in

436 3187 556 3228 sare
583 3182 674 3226 aut
701 3174 916 3242 pulsare
944 3171 1383 3265 praesumpserit:
1409 3170 1532 3240 quia
1563 3178 1802 3224 nostram
1832 3169 2029 3240 jussio-
2058 3165 2104 3226 C
2139 3194 2462 3265 pauperibus
2484 3165 2758 3263 "03",“...
2781 3165 2875 3248 ἔδει
2900 3165 3184 3262 unic'uique
3205 3193 3346 3262 quod
3373 3193 3438 3246 ad
3464 3203 3745 3247 “emam

440 3279 564 3318 nem
615 3274 774 3333 atque
823 3273 1063 3319 nostrum
1111 3262 1369 3318 indictum
1418 3272 1474 3317 et
1522 3273 1848 3338 prteceptum
1900 3278 2032 3318 con-

442 3355 679 3433 tempsit,
718 3355 832 3410 sive
863 3355 1250 3425 praevaricavit,
1285 3355 1517 3409 bannntn
1556 3363 1796 3408 nostrum
1833 3369 1898 3409 ex
1933 3353 2036 3409 hoc

441 3445 595 3500 nobis
625 3457 928 3515 componat,
976 3456 1029 3500 et
1066 3447 1334 3516 praedictae
1380 3447 1621 3502 ecclesia:
1660 3447 1911 3516 episcopo
1949 3446 2034 3503 vel

439 3539 550 3591 suis
603 3539 860 3594 ministris
908 3553 938 3594 c
986 3539 1088 3592 Sol.
1139 3539 1344 3607 argenti
1397 3546 1718 3608 Componat,
1771 3548 1825 3594 et
1882 3553 2032 3592 suam

440 3628 694 3696 justitiam
722 3627 1055 3696 postmodum
1081 3627 1280 3698 absque
1307 3629 1420 3697 lege
1446 3637 1538 3680 aut
1563 3630 1740 3697 aliqua
1760 3629 2032 3697 composi-
2067 3636 2070 3639 '

444 3721 588 3774 tione
639 3719 877 3788 recipiat.
941 3719 1229 3773 Praedictas
1285 3721 1426 3772 enim
1483 3733 1673 3775 causas
1725 3729 2035 3776 memorata:

444 3811 688 3866 ecclesiae
709 3807 1152 3880 pontificibusque
1172 3818 1330 3880 atque
1356 3809 1445 3863 Dei
1469 3810 1643 3863 servis
1663 3809 1788 3864 inibi
1808 3807 2036 3864 Domino

445 3901 822 3956 fimttlantibus
855 3917 950 3969 pro
983 3901 1070 3954 Dei
1104 3914 1288 3955 amore
1316 3910 1366 3955 et
1401 3901 1696 3955 revt'retttia
1725 3909 2034 3956 sanctorum

444 3995 827 4060 concessimus,
868 4007 1292 4062 concessumque
1333 3989 1520 4044 t‘uturis
1558 3991 1884 4060 temporibus
1916 4007 2036 4048 esse

445 4087 710 4149 volumus,
756 4085 895 4139 sicut
937 4095 992 4138 et
1021 4099 1048 4135 a
1093 4091 1228 4138 nosti
1245 4083 1288 4136 is
1324 4082 1778 4147 antecessoribus,
1822 4083 2034 4153 regibus

445 4177 691 4231 videlicet
743 4174 1103 4242 Francorum,
1149 4174 1260 4230 suis
1311 4173 1792 4242 prmdecessoribus
1839 4175 2034 4230 factum

444 4284 563 4324 esse
596 4269 880 4322 scrutando
914 4268 1264 4337 cognovimus
1305 4285 1316 4318 :
1351 4277 1613 4335 quatenus
1642 4282 1802 4338 supra
1833 4283 2036 4322 metuo-

445 4368 560 4412 rato
587 4359 821 4429 pontiﬁci
855 4359 1073 4427 suisque
1103 4359 1520 4418 successoribus,
1565 4373 1664 4412 una
1703 4371 1824 4414 cum
1863 4359 2035 4413 servis

447 4452 538 4504 Dei
569 4451 694 4505 inihi
721 4451 826 4506 Deo
850 4448 1248 4518 fatuulantlbus,
1276 4465 1370 4518 pro
1393 4451 1544 4505 nobis
1567 4461 1725 4520 atque
1753 4465 1848 4520 pro
1869 4451 2034 4505 stabi-

2139 3285 2519 3340 lieatltudinem
2568 3299 2666 3353 pro
2707 3283 2914 3353 justitia
2965 3291 3264 3349 reputatur.
3321 3282 3444 3337 ideo
3484 3284 3556 3338 ob
3600 3284 3752 3352 ejus

2136 3393 2373 3433 atnoretn
2403 3378 2664 3433 donamus
2691 3376 2758 3432 ad
2789 3378 2958 3446 ipsum
2985 3386 3230 3432 sanctum
3262 3377 3434 3430 locum
3462 3376 3748 3444 superius

2135 3467 2561 3534 denominatum,
2593 3466 2682 3520 ubi
2713 3467 2963 3536 praesenti
2997 3476 3241 3533 tempore
3273 3464 3552 3519 Fardulfus
3580 3465 3750 3521 abba

2137 3577 2256 3614 ctnn
2288 3574 2475 3614 norma
2505 3559 2732 3627 plurima
2758 3558 3144 3611 monachorum
3169 3571 3505 3620 conversare,
3534 3571 3750 3623 regere

2138 3652 2222 3706 vel
2269 3651 2568 3722 gubernare
2596 3649 2847 3703 videtur:
2881 3647 3003 3701 villa
3039 3657 3222 3702 nostra
3251 3654 3587 3714 nuncupante
3619 3644 3752 3700 Pu-

2140 3743 2278 3798 tialis
2307 3742 2358 3798 in
2391 3757 2526 3813 pago
2555 3753 2581 3782 ι
2608 3740 2897 3796 Adrtttinse
2921 3780 2937 3805 ,
2985 3752 3108 3793 cum
3155 3737 3274 3792 illas
3313 3737 3562 3792 ecclesias
3604 3751 3754 3806 qua

2139 3846 2264 3891 sunt
2293 3843 2619 3890 constructae
2651 3834 2704 3887 iu
2734 3833 2940 3887 honore
2966 3832 3135 3885 sancti
3167 3831 3379 3885 Vedasti
3402 3873 3417 3897 ,
3457 3830 3542 3883 vel
3573 3840 3749 3883 cete»

2137 3941 2319 3982 rorum
2369 3935 2678 3980 sanctorum
2728 3939 2851 3979 cum
2905 3923 3238 3993 appendiciis
3287 3924 3437 3989 suis,
3489 3922 3544 3977 id
3593 3936 3753 3978 sunt

2137 4016 2573 4082 Gunbodecurte,
2608 4031 2704 4070 seu
2735 4015 3178 4080 Postonevillare,
3211 4015 3296 4070 vel
3329 4014 3747 4078 Bertinocurte,

2139 4122 2346 4164 necnon
2392 4117 2448 4162 et
2492 4107 2545 4161 in
2597 4106 2877 4172 Linarias,
2925 4123 3020 4160 seu
3049 4115 3103 4161 et
3135 4107 3187 4160 iu
3219 4106 3471 4160 llodricio
3516 4107 3568 4158 in
3608 4105 3749 4174 jam

2137 4201 2284 4254 dicto
2325 4213 2460 4268 pago
2489 4197 2807 4263 Adratinse;
2858 4206 2914 4252 et
2955 4196 3008 4250 in
3051 4197 3439 4265 Magrastovilla
3489 4198 3542 4247 in
3591 4211 3750 4267 pag--

2142 4292 2560 4356 Vermaudinse;
2613 4290 3010 4344 Frisiouecurte
3039 4304 3133 4342 seu
3179 4299 3232 4343 et
3264 4291 3650 4354 Agnonncurte
3688 4291 3750 4344 in

2140 4397 2272 4452 pago
2315 4382 2716 4437 Atnbiauense:
2767 4378 2977 4432 Vvalliu
3029 4379 3081 4431 in
3134 4393 3270 4447 pago
3308 4377 3748 4444 Catttaraciti~e;

2139 4474 2252 4542 ipsa
2285 4473 2402 4527 loca
2434 4472 2684 4541 superius
2728 4479 3020 4538 prtenotata
3065 4485 3185 4523 cum
3227 4468 3374 4522 omni
3423 4468 3754 4537 integritate

444 4541 592 4595 litate
621 4541 765 4609 regni
797 4541 959 4596 t0tius
983 4561 1008 4593 ει
1038 4544 1145 4597 Deo
1171 4545 1322 4596 nobis
1353 4542 1589 4597 concessi
1621 4551 1783 4612 atque
1810 4556 2028 4598 consero
2069 4537 2114 4596 υ
2143 4537 2227 4618 ῥθι
2257 4537 2529 4619 solum“;
2558 4537 2771 4624 θπηηί,
2808 4561 2856 4614 id
2890 4569 2972 4614 εει
3003 4575 3104 4613 una
3133 4575 3254 4613 cum
3289 4562 3466 4622 ιειτίε,
3498 4561 3750 4624 mmsis.

445 4633 628 4695 vandi,
678 4647 799 4685 cum
848 4633 994 4687 clero
1045 4633 1342 4704 p0pulnque
1389 4634 1489 4688 sibi
1536 4633 1779 4702 subjecto
1829 4634 2037 4687 Domini

446 4723 866 4777 misericordiam
889 4738 1113 4778 exorare
1134 4726 1448 4779 delectetur.
1484 4726 1547 4778 Et
1570 4735 1627 4778 ut
1649 4727 1760 4779 haec
1788 4726 2036 4795 praecepti

447 4817 613 4870 nostri
639 4816 923 4871 auctoritas
954 4817 1158 4870 lirtnior
1189 4817 1468 4882 habeatur,
1497 4825 1552 4872 et
1574 4831 1672 4887 per
1697 4819 1870 4874 futura
1899 4829 2033 4874 tent-

447 4923 574 4979 pora
605 4915 982 4971 conservetur,
1018 4923 1174 4962 manu
1209 4907 1418 4978 propria
1459 4908 1641 4964 subter
1681 4910 2035 4980 lirmavimus,

445 5011 501 5056 et
523 5000 880 5070 impressione
905 5002 1073 5054 nostri
1103 5001 1283 5055 annuli
1308 4999 1494 5056 subter
1523 5017 1639 5056 eam
1673 5002 1908 5058 roborari
1939 5002 2036 5058 de-

444 5108 732 5150 CI'CVIIDUS.

518 5204 738 5275 Signum
767 5205 940 5261 Caroli
971 5205 1339 5274 gloriosissimi
1375 5204 1534 5275 regis.

1809 5252 1838 5273 ο

521 5413 547 5440 ι
577 5403 889 5458 Adratensis
920 5416 1087 5470 pagus
1117 5401 1201 5456 hic
1231 5413 1317 5458 est
1350 5401 1734 5468 Atrabatensts,
1768 5414 1824 5458 ut
1855 5406 2035 5460 notavi

449 5474 514 5526 ad
541 5473 712 5526 Vitam
744 5473 914 5528 sancti
939 5473 1250 5541 Leodegarii
1287 5475 1336 5526 in
1367 5473 1568 5527 saeculo
1594 5476 1834 5529 secundo
1861 5477 2036 5530 Bene-

449 5542 669 5597 dictino.
719 5543 955 5615 AAdverte
989 5543 1690 5615 ltietittilutnnobilissimi,
1733 5561 1890 5615 quem
1931 5549 2030 5600 sibi

451 5627 613 5666 unum
649 5613 886 5670 tribuunt.
915 5613 1046 5683 regii
1078 5613 1249 5667 liberi.
1294 5613 1402 5667 Nec
1438 5613 1654 5678 mirum,
1687 5613 1900 5684 quando
1932 5617 2033 5684 ipsi

451 5697 641 5757 reges,_
660 5684 766 5736 imo
791 5685 1382 5757 et_itnpera_tores,_boc
1415 5685 1632 5757 nomine
1661 5687 1787 5739 olim
1817 5688 2032 5757 gloriati

453 5759 599 5830 sunt.
627 5752 762 5820 Lege
782 5751 1043 5830 Galnielis
1068 5753 1293 5830 Trivorii
1323 5755 1754 5830 observationem
1778 5751 2032 5828 apologo-

457 5824 638 5886 ticam,
688 5824 861 5887 capite
891 5825 976 5890 lt),
1019 5835 1071 5877 et
1115 5825 1359 5878 chartam
1403 5825 1664 5882 Sansonis
1711 5824 2031 5886 littetnensis

2142 4654 2412 4720 domibus,
2431 4653 2804 4722 superpositis,
2824 4650 3090 4715 aediﬁciis,
3113 4649 3396 4719 praesidiis,
3421 4651 3750 4718 mancipiis,

2144 4749 2435 4819 inquilinis,
2467 4747 2774 4810 accolabus,
2808 4747 3033 4809 libertis,
3078 4745 3251 4798 servis
3280 4754 3388 4798 tam
3419 4742 3755 4812 ibidemque

2141 4839 2402 4906 oriundis,
2436 4851 2595 4908 quam
2626 4846 2680 4892 et
2708 4835 2923 4890 aliunde
2954 4834 3256 4899 translatis,
3285 4833 3506 4901 campis,
3532 4836 3750 4901 pratis,

2152 4930 2390 5000 pascuis,
2425 4929 2596 4998 aquis,
2628 4941 2956 4998 aquarumve
2985 4925 3325 4990 decursibus,
3356 4923 3650 4980 mobilibus
3687 4937 3756 4980 es

2143 5019 2528 5086 immobilibus,
2553 5018 2746 5089 gra-gis
2765 5028 2886 5072 Cum
2911 5015 3234 5086 pastoribus,
3258 5013 3475 5084 perviis,
3499 5013 3752 5082 publicis

2145 5114 2326 5181 psaltis
2355 5123 2532 5180 atquae
2561 5109 2881 5180 subjunctis,
2917 5110 2999 5164 vel
3033 5108 3288 5177 omnique
3323 5107 3630 5176 praesidium
3683 5120 3752 5163 et

2145 5207 2450 5260 universum
2487 5205 2736 5258 meritum
2764 5246 2779 5271 ,
2829 5214 2882 5257 et
2929 5201 2996 5256 ad
3045 5201 3300 5271 praedicta
3331 5199 3447 5255 loca
3476 5199 3750 5269 superius

2141 5404 2548 5473 arcliiepiscOpi,
2578 5403 2666 5457 tibi
2696 5401 3021 5474 Ludovicum
3049 5401 3320 5474 juniorem
3342 5401 3746 5474 nobilissimum

2141 5477 2289 5531 dicit.
2319 5474 2519 5530 Conl’er
2543 5474 2774 5542 diploma
2798 5473 2972 5527 Caroli
3002 5473 3174 5542 stagni
3202 5473 3445 5540 proxime
3466 5487 3741 5537 sequens.

2140 5547 2320 5602 datum
2351 5547 2414 5598 ad
2443 5545 2864 5598 conﬁrmandam
2888 5544 3083 5599 CiSeIm
3111 5545 3314 5598 sororis
3339 5557 3454 5597 sua:
3477 5543 3745 5597 donatiu-

2142 5633 2284 5671 ttem.
2332 5617 2465 5670 Cum
2497 5616 2612 5684 lego
2645 5617 2744 5668 bac
2785 5615 2836 5667 in
2877 5617 3060 5668 charta
3103 5615 3272 5669 locuzn
3305 5612 3742 5684 esAugustino,

2141 5689 2322 5740 videre
2352 5687 2479 5739 mihi
2510 5683 2696 5739 videor
2728 5685 2959 5738 (iisalam
3003 5687 3146 5738 illam
3167 5727 3182 5748 ,
3224 5685 3276 5738 in
3308 5683 3465 5752 cujus
3494 5683 3737 5753 gratiam

2141 5760 2394 5813 Alcninus
2423 5757 2704 5826 Augustini
2731 5756 3148 5810 cotnmtmtnrios
3179 5770 3343 5824 super
3373 5755 3740 5824 Evangelia:-

2140 5829 2360 5884 .Ioaunis
2391 5829 2443 5883 in
2471 5827 2845 5896 compendium
2877 5827 3099 5896 redegit.
