4034 6182
551 322 657 381 987

1441 309 1498 366 Β.
1541 307 1794 366 cauom
1837 301 2048 360 MAGNI
2092 300 2248 356 ore.
2293 299 2467 355 caus
2506 298 2548 368 l,
2587 297 2830 356 SECTIO
2871 277 2940 353 it.

3669 299 3754 355 988

549 452 788 493 amorem
820 430 1030 491 Domini
1061 430 1227 488 nostri
1257 428 1385 483 Jesu
1413 426 1609 480 Christi
1641 435 1694 478 et
1725 419 2126 490 opportunitate
2159 413 2207 472 A
2236 409 2393 474 tatis,
2423 408 2816 476 concessionis,
2849 417 3012 477 atque
3038 403 3447 460 conﬁrmationis
3483 421 3759 478 praeceptum

552 544 830 584 servorum
864 529 955 580 Dei
986 524 1049 578 ad
1082 525 1195 578 loca
1244 527 1550 574 sanctorum
1598 515 1840 570 benivola
1869 511 2139 566 delibera-

551 623 700 675 tione
728 621 966 674 cedimus
999 617 1078 670 vel
1107 613 1524 673 conﬁrmamus,
1578 609 1679 662 hoc
1727 607 1880 661 nobis
1926 604 1992 657 ad
2043 618 2141 656 au-

550 721 826 779 gmentum
855 708 1118 762 mercedis
1141 721 1236 758 seu
1267 704 1607 758 stabilitatem
1640 701 1786 768 regni
1822 695 1989 751 nostri
2021 709 2144 763 per-

559 803 732 854 tinere
778 799 1122 852 conﬁdamus.
1171 797 1508 860 Quapropter
1551 804 1734 844 notum
1787 792 1857 842 sit
1897 789 2142 841 omnium

561 891 792 942 ﬁdelium
823 897 1127 940 n0stroruni
1155 884 1536 954 magnitudini,
1571 883 1913 951 praesentium
1941 879 2144 934 scilicet

561 987 619 1032 et
651 979 955 1034 futurorum
975 977 1252 1044 ,-qualiter
1281 974 1661 1042 Anghilhertus
1688 970 2013 1025 venerabilis
2051 970 2146 1023 ab-

558 1067 655 1121 bas
696 1082 760 1121 ea
811 1066 1136 1120 monasterio
1173 1065 1433 1128 Centulo,
1467 1065 1608 1131 quod
1651 1072 1736 1117 est
1779 1071 2144 1116 constructum

561 1159 617 1212 in
651 1157 856 1214 honore
887 1156 1095 1211 Domini
1125 1167 1179 1210 et
1212 1155 1504 1210 Salvatoris
1544 1154 1714 1207 nostri
1746 1153 1872 1208 Iesu
1899 1151 2101 1206 Christi
2129 1192 2144 1214 ,

558 1251 785 1321 ejusque
812 1261 1011 1304 sanctae
1057 1249 1328 1318 genitricis
1374 1261 1588 1312 semper
1617 1245 1838 1313 virginis
1883 1243 2062 1298 Mariae
2091 1253 2146 1297 et

559 1342 728 1396 Sancti
765 1339 902 1394 l‘etri
927 1379 946 1403 ,
975 1350 1390 1407 ceterorumque
1417 1338 1652 1391 omnium
1691 1335 2051 1405 apostolorum
2094 1343 2149 1388 et

566 1433 854 1486 mttltorum
887 1432 1208 1487 Sanctorum
1231 1430 1331 1491 .-in
1361 1444 1467 1498 quo
1495 1430 1659 1484 etiam
1689 1437 1906 1482 sanctus
1950 1427 2148 1481 Richa-

570 1524 680 1577 ritts
729 1522 1167 1592 pracc‘arissimus
1215 1518 1412 1574 Christi
1462 1518 1742 1575 confessor
1789 1533 2014 1587 corpore
2055 1533 2148 1572 re-

564 1614 826 1682 quiescit,
855 1612 1014 1666 situm
1046 1611 1096 1664 in
1131 1622 1276 1678 pago,
1299 1610 1562 1675 Pontivo;
1607 1609 1671 1663 ad
1714 1609 1958 1663 notitiam
2001 1623 2148 1662 sere-

564 1706 749 1760 nitatis
785 1715 984 1758 nostra:
1014 1703 1296 1772 perduxit,
1337 1717 1404 1755 eo
1443 1702 1588 1769 quod
1637 1701 1753 1768 ipse
1796 1709 2013 1754 sanctus
2056 1699 2146 1752 Ri-

2245 509 2464 554 teneaut
2493 511 2652 570 atque
2681 500 2986 570 possideant
3010 517 3022 552 :
3052 500 3124 552 ita
3156 507 3214 552 ut
3239 513 3268 551 a
3297 498 3452 554 modo
3474 509 3526 554 et
3546 501 3760 575 deinceps

2245 592 2356 646 laus
2388 593 2481 647 Dei
2510 602 2566 648 et
2603 591 2891 647 concordia
2933 606 3212 646 servorum
3261 591 3494 658 Domini,
3525 608 3614 660 pro
3648 611 3764 651 mer-

2242 685 2376 738 cede
2409 686 2601 737 animae
2634 697 2855 751 nostra,
2880 683 2980 736 sub
3009 696 3194 736 norma
3221 681 3541 736 rectitudinis
3567 693 3615 738 et
3639 685 3765 742 unius

2244 773 2456 826 abbatis
2504 773 2754 836 nomine,
2805 771 3035 833 nostris,
3083 771 3193 824 Deo
3239 769 3472 836 favente,
3515 770 3765 841 futurisque

2247 863 2575 932 temporibus
2605 862 2909 930 perenniter
2936 871 3146 915 maneat
3185 859 3586 914 inconvulsum:
3622 865 3764 930 quati-

2251 969 2351 1006 nus
2398 954 2588 1006 melius
2628 953 2861 1006 delectet
2901 951 3044 1017 ipsos
3093 963 3279 1004 servos
3327 949 3451 1014 Dei,
3489 949 3569 1018 qui
3609 950 3768 1007 ibidem

2255 1044 2368 1098 Deo
2399 1045 2643 1097 famulari
2674 1043 2945 1107 videntur,
2979 1055 3074 1110 pro
3105 1041 3258 1096 nobis
3284 1048 3340 1095 et
3365 1039 3538 1095 liberis
3563 1056 3645 1095 seu
3669 1057 3771 1096 cun-

2248 1148 2329 1191 cta
2362 1138 2526 1191 domu
2560 1146 2744 1190 nostra
2775 1143 2832 1191 et
2864 1150 2961 1203 pro
2990 1135 3282 1189 stabilitate
3311 1135 3458 1201 regni
3488 1134 3640 1187 nostri
3662 1133 3770 1203 jngi-

2250 1236 2331 1281 ter
2374 1227 2584 1279 Domini
2629 1224 3058 1280 misericordiam
3103 1237 3350 1276 exorare.
3396 1222 3459 1275 Et
3497 1231 3550 1275 ut
3576 1222 3675 1276 bac
3697 1237 3772 1276 au-

2249 1320 2476 1372 ctoritas
2521 1317 2725 1372 ﬁrmior
2764 1317 3043 1382 habeatur,
3099 1325 3156 1370 et
3197 1313 3461 1369 diuturnis
3499 1317 3772 1384 temporibus

2251 1408 2442 1462 melius
2470 1419 2862 1473 conservetur;
2898 1422 3058 1460 mann
3094 1405 3307 1475 propria
3352 1405 3531 1458 subter
3567 1406 3774 1460 roliorare

2249 1500 2588 1555 decrevimus
2607 1539 2623 1562 ,
2655 1509 2710 1553 et
2739 1499 2807 1552 de
2839 1498 3002 1551 anulo
3033 1507 3217 1551 nostro
3245 1496 3462 1564 sigillari
3488 1495 3732 1565 iussimus.

2321 1590 2543 1660 Signum
2570 1589 2747 1644 Caroli
2774 1586 3144 1656 gloriosissimi
3176 1584 3341 1656 regis.

2328 1681 2664 1736 Eranhaldns
2693 1681 2859 1749 relegi
2889 1688 2946 1732 et
2973 1677 3291 1743 subscripsi.

564 1797 788 1852 charius
814 1797 991 1848 adhuc
1036 1796 1088 1849 in
1135 1793 1384 1864 praesenti
1431 1791 1632 1846 saeculo
1672 1792 1894 1854 vivens,
1937 1791 1989 1845 in
2034 1791 2146 1858 ipsa

2325 1773 2452 1826 Data
2481 1786 2556 1825 llli
2583 1770 2702 1824 Kal.
2727 1770 2848 1825 Maii
2865 1783 3006 1823 anno
3036 1781 3227 1821 savnn
3251 1777 3310 1820 et
3335 1780 3444 1818 xxv
3462 1763 3597 1832 regni
3619 1763 3773 1818 nostri.

564 1886 697 1942 silva
727 1902 849 1954 quae
879 1896 1100 1940 vocatur
1128 1884 1386 1947 Forestis,
1416 1898 1580 1951 prope
1606 1882 1892 1936 cisternam
1923 1897 2042 1950 quae
2067 1890 2151 1935 est

563 1975 718 2047 juxta
771 1978 946 2030 locum
999 1983 1337 2044 nuncupante
1385 1974 1710 2044 Argubium,
1761 1975 1814 2028 in
1856 1974 1973 2042 ipso
2016 1989 2151 2043 pago

570 2067 828 2130 I’ontivo,
874 2068 976 2122 sibi
1021 2067 1088 2122 ad
1137 2065 1485 2122 habitandum
1539 2065 1712 2119 locum
1763 2064 2053 2134 elegisset:
2097 2074 2153 2119 et

574 2159 715 2213 circa
748 2157 916 2226 ἱμωιιι
943 2158 1233 2212 cisternam
1267 2158 1387 2211 bina
1418 2155 1498 2211 vel
1535 2165 1683 2209 terna
1715 2156 1969 2209 hunuaria
1999 2154 2147 2227 [ch.

569 2249 873 2316 bunuariis,
905 2248 1037 2320 etc.]
1069 2250 1364 2305 secundum
1409 2248 1527 2317 ejus
1568 2247 1875 2316 petitionem
1917 2262 1946 2301 a
1990 2249 2152 2316 regali

567 2339 604 2392 ει
629 2340 834 2409 gni.ate
862 2352 1082 2408 accepta
1103 2382 1118 2402 ,
1149 2339 1281 2394 satis
1312 2339 1418 2393 vile
1449 2339 1714 2407 tugurium
1744 2345 2010 2392 amatores
2040 2352 2154 2391 ser-

572 2445 766 2485 Vorum
799 2431 893 2486 Di-i
921 2433 971 2485 ei
1000 2433 1066 2484 ad
1098 2432 1428 2485 militandum
1461 2427 1812 2496 omnipotenti
1845 2427 1954 2482 Deo
1982 2429 2156 2482 a'diﬁ-

571 2537 702 2578 care
749 2525 1112 2587 studuerunt,
1165 2524 1341 2590 ibique
1388 2521 1563 2575 divina
1611 2520 1892 2574 vocatione
1939 2534 2006 2574 ex
2057 2519 2157 2574 hoc

574 2613 770 2666 mundo
796 2613 862 2665 ad
895 2613 1176 2666 Dominum
1209 2612 1509 2680 migrasset.
1545 2611 1606 2664 Et
1639 2627 1742 2663 non
1778 2621 1897 2676 post
1926 2612 2152 2663 multum

579 2711 789 2769 tempus
837 2703 1029 2756 fratres
1061 2716 1090 2753 a
1125 2702 1345 2769 pra-fato
1393 2698 1716 2753 monasterio
1753 2699 1981 2753 Centulo
2019 2699 2156 2752 tule-

586 2802 713 2848 runt
740 2807 951 2847 sacrum
981 2793 1096 2859 ejus
1123 2806 1356 2859 corpus,
1399 2800 1454 2845 et
1496 2791 1822 2859 sepelierunt
1864 2789 1992 2843 illud
2032 2803 2156 2844 cum

581 2901 771 2953 magna
803 2885 1104 2940 reverentia
1137 2882 1188 2936 in
1217 2885 1472 2952 praedicto
1494 2883 1818 2935 monasterio
1843 2899 1856 2935 ε
1886 2896 1980 2948 per
2007 2881 2160 2951 cujus

579 2977 808 3041 merita,
841 2977 1208 3041 omnipmente
1251 2975 1360 3029 Deo
1401 2983 1757 3042 cooperante,
1804 2973 1856 3026 in
1901 2973 2011 3041 ipsa
2055 2976 2161 3026 duo

579 3071 696 3124 loca
746 3070 912 3124 multa
962 3069 1228 3122 declarata
1276 3077 1400 3119 sunt
1449 3065 1733 3135 magnalia.
1784 3065 1914 3119 Nam
1965 3073 2022 3118 et
2063 3065 2162 3118 sub

579 3166 737 3218 unius
767 3164 976 3217 abbatis
1003 3162 1243 3217 dominio
1275 3159 1454 3214 multis
1486 3158 1814 3228 temporibus
1841 3172 1946 3210 una
1977 3156 2164 3210 fuisset

584 3258 830 3312 Fratrum
860 3270 1091 3310 concors
1122 3254 1172 3308 in
1204 3254 1296 3308 Dei
1330 3253 1574 3307 laudibus
1602 3253 1757 3319 digna
1807 3250 2165 3305 conversatio.

580 3353 693 3416 Qua
741 3363 807 3404 ex
854 3361 919 3402 re
964 3347 1114 3414 petiit
1162 3345 1502 3399 clementiam
1553 3343 1701 3412 regni
1752 3343 1956 3405 nostri,
2009 3349 2069 3396 ut
2116 3342 2167 3394 in

583 3456 770 3495 amore
799 3437 1008 3495 Domini
1039 3438 1207 3492 nostri
1239 3437 1366 3492 .lcsu
1397 3435 1590 3489 Christi
1619 3446 1674 3489 et
1695 3435 1866 3488 sancti
1899 3432 2128 3486 lticharii
2153 3474 2166 3497 ,

584 3541 993 3598 ceterorumque
1038 3535 1378 3592 sanctorum,
1429 3543 1522 3588 iro
1571 3536 1855 3594 augmento
1904 3523 2167 3578 mercedis

591 3628 812 3680 nostrae,
844 3618 1010 3687 ipsam
1041 3618 1261 3680 cellam,
1295 3617 1346 3669 in
1377 3631 1478 3684 qua
1506 3615 1615 3670 Deo
1641 3623 1857 3669 sanctus
1883 3614 2167 3668 Richarius

598 3711 832 3764 militare
858 3709 1062 3764 Studuit
1081 3747 1099 3773 ,
1131 3721 1224 3775 per
1251 3717 1574 3776 praeceptum
1605 3703 1936 3759 auctoritatis
1973 3712 2168 3756 uestrae

588 3801 658 3856 ad
689 3815 846 3869 supra
879 3801 1138 3868 scriptum
1169 3799 1550 3853 monasterium
1579 3795 1861 3851 Centulum
1883 3837 1898 3861 ,
1933 3795 2020 3850 ubi
2053 3794 2170 3864 cjus

590 3908 802 3946 socrum
854 3891 1146 3959 requiescit
1173 3904 1404 3958 corpus,
1439 3887 1742 3955 plenissima
1784 3886 2170 3942 deliberatione

497 4026 502 4031 .
591 3985 791 4039 cedere
831 3993 886 4038 et
928 3983 1239 4038 condonare
1277 3981 1614 4036 deberemus.
1656 3977 1821 4046 Cujus
1862 3977 2169 4045 petitionem

587 4077 707 4146 ejus
760 4076 983 4131 servitio
1034 4083 1090 4130 et
1145 4073 1351 4130 meritis
1402 4070 1850 4140 compellentibus
1903 4068 2173 4138 denegare

592 4167 901 4220 noluimus:
935 4163 1029 4219 sed
1063 4179 1158 4232 pro
1191 4167 1394 4218 honore
1419 4173 1474 4216 et
1501 4175 1685 4215 amore
1721 4158 1931 4214 Domini
1969 4167 2025 4214 et
2055 4159 2172 4213 Sal-

594 4254 796 4313 vatoris
825 4260 994 4314 nostri
1021 4258 1150 4314 Jesu
1177 4257 1412 4320 Christi,
1446 4255 1529 4309 vel
1558 4269 1652 4323 pro
1680 4262 1879 4306 aeterna
1926 4265 2174 4306 remune-

601 4357 815 4411 ratione
860 4354 931 4408 ita
979 4352 1314 4407 concessisse
1358 4357 1414 4402 et
1456 4349 1506 4402 in
1551 4347 1802 4400 omnibus
1848 4344 2175 4400 cnuﬁrmare

599 4445 932 4514 cognoscite.
961 4443 1268 4498 Statuentes
1296 4455 1425 4508 ergo
1461 4439 1709 4507 jubemus
1731 4475 1748 4500 ,
1791 4434 1932 4502 quod
1985 4449 2172 4503 perpe-

595 4535 808 4590 tualiter
855 4535 996 4588 circa
1049 4540 1400 4585 memoratum
1451 4527 1835 4600 monasterium
1885 4523 2170 4577 Centulnm

595 4624 720 4693 jure
748 4623 1058 4677 ﬁrmissimo
1087 4635 1397 4674 mansurum
1429 4633 1550 4672 esse
1596 4619 1871 4677 volumus,
1919 4623 1979 4668 ut
2017 4628 2177 4681 supra

599 4718 836 4783 scriptus
866 4713 1283 4782 Angliilbertus,
1316 4712 1508 4777 suique
1540 4709 1592 4762 in
1623 4719 1934 4776 perpetuum
1965 4718 2180 4759 succeso

599 4820 755 4861 sol-es
774 4845 790 4870 ,
820 4802 912 4873 qni
940 4801 1140 4855 fuerint
1168 4815 1262 4868 per
1294 4809 1532 4864 tempora
1563 4805 1801 4850 rectores
1847 4795 2013 4863 ipsius
2056 4806 2174 4845 mo.

603 4895 855 4959 nasterii,
889 4889 1250 4958 supradictam
1280 4888 1469 4941 cellam
1500 4884 1720 4940 Fores-te
1749 4899 1868 4939 cum
1910 4882 2053 4936 omni
2093 4896 2182 4935 or-

602 4995 733 5042 natu
761 4983 1005 5042 ecclesiae
1034 4992 1089 5039 et
1119 4979 1367 5037 omnibus
1395 4979 1556 5033 rebus
1587 4976 1670 5031 vel
1711 4975 2040 5044 appendiciis
2085 4986 2180 5027 seu

605 5077 919 5144 adjacentiis
949 5073 1061 5127 suis
1082 5115 1098 5140 ,
1131 5069 1382 5140 quicquid
1413 5067 1476 5122 ad
1513 5081 1748 5135 praesens
1774 5065 1914 5133 juste
1943 5071 1998 5117 et
2026 5067 2182 5115 ratio-

607 5169 858 5222 nabiliter
917 5166 1190 5230 possidere
1245 5164 1486 5222 videtur,
1549 5166 1638 5212 aut
1695 5159 1902 5210 inantca
1961 5155 2185 5208 Domino

610 5264 877 5316 tribuente
907 5259 1102 5314 ibidem
1131 5257 1366 5312 additum
1398 5255 1477 5309 vel
1507 5253 1806 5320 delegatum
1835 5245 2184 5316 cutnjustitia

607 5363 664 5409 et
692 5351 960 5421 aequitatis
992 5349 1182 5404 ordine
1213 5347 1402 5410 fuerit;
1453 5361 1544 5413 per
1594 5345 1695 5396 hoc
1738 5352 1935 5395 nostrae
1982 5339 2186 5392 sereni-

611 5507 747 5560 celia
795 5511 974 5560 erecta
1017 5511 1138 5564 est,
1176 5516 1282 5570 quo
1323 5501 1383 5570 in,
1416 5507 1557 5553 statu
1606 5497 1862 5570 hactenus
1907 5491 2184 5570 pet-sistit2

615 5577 738 5629 licet
765 5573 1066 5629 tenui~simi
1102 5561 1302 5627 reditus
1343 5569 1448 5631 sit,
1497 5568 1751 5636 pauculis
1785 5561 2079 5636 rnonacbis
2114 5561 2185 5614 ibi

619 5646 1006 5707 residentibus,
1039 5641 1414 5696 conuentibus
1444 5631 1708 5692 adiﬁciis.
1741 5635 1795 5707 ln
1827 5631 2190 5707 descriptione

618 5729 873 5766 censuum
907 5701 1215 5766 monasterii
1256 5710 1597 5763 Centnlcnsis
1640 5707 1707 5758 ab
1754 5705 1948 5758 llerico
1993 5701 2189 5754 abbate

624 5787 758 5840 lanata
785 5799 799 5834 a
829 5799 849 5834 ι
873 5783 931 5836 In
960 5779 1326 5837 Foresti-cclla
1358 5779 1617 5834 habentur
1647 5788 1754 5831 tres
1780 5772 2052 5839 ecclesiae,
2083 5771 2186 5841 pri-

2250 1866 2443 1920 Aetum
2473 1863 2644 1931 Aquis
2675 1862 2872 1930 palatio
2903 1859 3149 1929 publico,
3192 1859 3246 1912 in
3281 1857 3376 1912 Dei
3421 1854 3620 1911 nomine
3642 1853 3774 1910 felici-

2253 1964 2359 2008 ter.
2397 1955 2595 2006 Amen.

2993 2016 3104 2072 LX.

2254 2114 2495 2185 Diploma
2541 2113 2714 2167 Caroli
2765 2111 2942 2185 Magni
2982 2126 3082 2185 quo
3114 2109 3516 2185 Callani-noram
3561 2109 3778 2177 conﬁrmat

2565 2178 2872 2235 monasterio
2893 2180 3170 2234 Anianensi
3200 2184 3363 2245 (anno
3390 2178 3532 2247 799).

2563 2295 2655 2357 (ει
2682 2295 2741 2344 ι).
2769 2269 3015 2354 Bouquet,
3038 2289 3233 2344 nemo
3254 2291 3345 2342 des
3369 2290 3516 2351 Hist.)

2325 2402 2551 2458 Kurolus
2579 2403 2742 2472 gratia
2778 2400 2869 2454 Dei
2901 2415 2989 2454 rex
3019 2398 3352 2454 Francorum
3381 2407 3432 2452 et
3461 2395 3778 2467 Langobardo-

2257 2513 2373 2550 rom
2421 2512 2485 2550 ac
2527 2494 2782 2563 patricius
2826 2493 3210 2558 Romanorum,
3262 2491 3505 2545 omnibus
3546 2488 3779 2556 episcopis,

2259 2590 2562 2652 abbatibus,
2596 2586 2844 2651 ducibus,
2869 2585 3180 2647 comitibus,
3213 2582 3448 2646 vicariis,
3492 2579 3778 2642 centenariis,

2256 2695 2350 2735 seu
2381 2681 2587 2736 cunctis
2622 2678 2870 2732 ﬁdelibus
2891 2687 3092 2732 sanctae
3124 2675 3213 2730 Dei
3252 2675 3509 2729 Ecclesia!
3531 2682 3580 2727 et
3605 2670 3776 2734 nostris,

2261 2772 2610 2842 praesentibus
2640 2780 2694 2824 et
2731 2769 2943 2824 futuris.
2989 2768 3181 2823 Notum
3220 2768 3288 2822 sit
3321 2765 3538 2834 qualiter
3564 2763 3630 2816 vir
3653 2774 3776 2815 rene-

2259 2864 2446 2920 r.-hiiis
2495 2861 2813 2917 Benedictus
2852 2861 2984 2914 abba
3031 2869 3084 2913 et
3135 2860 3464 2914 monasterio
3511 2864 3678 2910 sancta:
3708 2851 3778 2906 Dei

2259 2957 2531 3028 genitricis
2574 2967 2895 3024 semperque
2921 2953 3144 3022 virginis
3174 2951 3382 3017 Mariae,
3426 2948 3558 3020 quod
3584 2956 3653 3001 est
3679 2959 3778 2999 eon-

2271 3056 2528 3101 structum
2559 3046 2612 3100 in
2657 3046 2774 3100 loco
2805 3052 3146 3111 nuncupante
3174 3043 3420 3107 Aniano,
3451 3041 3500 3093 in
3527 3052 3641 3108 pago
3663 3034 3778 3104 cujus

2273 3141 2584 3195 vocabulum
2616 3147 2698 3192 est
2722 3137 3151 3208 Magilalonense,
3183 3133 3462 3190 serenitati
3485 3140 3655 3186 nostra
3677 3142 3780 3194 sug-

2270 3233 2435 3301 gessit
2462 3246 2527 3285 eo
2555 3219 2696 3298 quod
2729 3230 2841 3298 ipse
2875 3245 2977 3281 una
3007 3243 3128 3280 cum
3155 3224 3439 3280 monachis
3461 3225 3563 3278 suis
3595 3223 3689 3276 loca
3711 3216 3783 3271 ali-

2270 3338 2371 3393 qua
2401 3337 2580 3376 erema
2613 3320 2743 3374 infra
2794 3320 2976 3373 ﬁscum
3025 3328 3266 3371 nostrum
3319 3323 3633 3381 nuncupante
3667 3307 3781 3363 luri-

2272 3417 2503 3478 niacunt,
2532 3413 2752 3482 antiquo
2790 3428 2926 3467 vero
2956 3411 3215 3466 vocabulo
3245 3419 3466 3464 vocatur
3493 3401 3781 3471 Fonte-Agri-

2270 3507 2418 3571 colae,
2470 3521 2610 3560 nunc
2640 3514 2814 3558 autem
2851 3503 3129 3558 Novacclla
3175 3502 3495 3570 appellatur,
3535 3511 3670 3566 quam
3710 3491 3782 3560 ipsi

2273 3597 2486 3667 proprio
2526 3613 2690 3664 opere
2736 3596 3164 3660 a-diﬁcaveinnt;
3213 3599 3377 3649 etiam
3410 3602 3464 3646 et
3503 3590 3673 3645 molina
3707 3585 3785 3639 duo

2272 3689 2406 3743 infra
2440 3687 2605 3756 ipsius
2653 3689 2936 3742 terminum
2982 3687 3092 3739 ﬁsci
3131 3701 3299 3755 super
3343 3685 3549 3738 ﬂuvium
3579 3679 3686 3735 Leto
3711 3673 3783 3725 tisi

2271 3789 2394 3834 sunt
2438 3781 2840 3843 construxisse,
2890 3790 2943 3833 et
2991 3777 3130 3832 inter
3162 3791 3312 3831 mare
3339 3784 3394 3830 et
3437 3784 3654 3843 stagnum
3680 3769 3784 3831 locu,

2273 3869 2361 3938 qui
2395 3879 2609 3923 vocatur
2632 3868 2932 3932 Porcarias,
2957 3885 3057 3922 una
3089 3883 3212 3922 cum
3237 3881 3496 3921 consensu
3515 3862 3727 3918 comitum
3747 3865 3788 3908 et

2274 3969 2580 4014 ceterorum
2613 3959 3036 4012 Christianorum
3071 3958 3138 4012 ibi
3168 3958 3576 4025 circumquaque
3601 3947 3788 4004 habitau-

2277 4051 2404 4106 tinm
2436 4052 2504 4106 de
2534 4053 2645 4105 loca
2681 4053 2893 4104 herema
2921 4049 3239 4118 accepisset.
3273 4047 3528 4103 Similiter
3548 4047 3592 4097 in
3613 4043 3707 4094 loco
3722 4036 3787 4106 qui

2275 4143 2472 4197 dicitur
2501 4141 2778 4213 Asogrado
2804 4139 2992 4195 cellam
3024 4139 3364 4203 aediﬁcasset,
3393 4152 3509 4192 cunt
3529 4131 3655 4189 omni
3678 4127 3790 4198 adja-

2276 4237 2452 4293 centia
2482 4250 2574 4289 sua
2603 4253 2615 4287 :
2649 4235 2810 4289 etiam
2839 4243 2896 4288 et
2923 4233 3023 4285 alia
3055 4232 3169 4285 loca
3197 4228 3511 4298 Comajacas
3536 4234 3586 4280 et
3608 4221 3789 4277 Caucino

2277 4343 2440 4398 super
2467 4326 2687 4382 ﬂuvium
2738 4329 3020 4388 Aranrem,
3068 4322 3154 4377 ubi
3199 4321 3397 4376 dicitur
3426 4316 3718 4376 rid-Salices,
3741 4308 3788 4360 ad

2281 4436 2473 4492 pascua
2507 4429 2867 4473 armentorum
2899 4427 2951 4469 ct
2976 4415 3165 4469 alenda
3215 4429 3429 4482 pecora,
3459 4425 3572 4465 cum
3597 4407 3696 4460 aliis
3713 4401 3790 4456 usi-

2282 4491 2380 4568 bus
2407 4511 2520 4566 suis
2560 4511 2815 4564 hactenus
2843 4507 3091 4560 haheant.
3137 4505 3200 4558 Et
3228 4504 3421 4557 asserit
3446 4517 3501 4555 se
3528 4498 3626 4553 hare
3653 4491 3791 4548 omnia

2281 4619 2403 4657 cum
2425 4601 2694 4670 aequitatis
2721 4599 2905 4653 ordine
2927 4599 3128 4665 absque
3159 4596 3302 4648 illius
3334 4593 3522 4646 inlicita
3549 4583 3790 4641 contrarie-

2283 4703 2394 4748 tate
2427 4693 2722 4761 possidere.
2767 4689 2873 4745 Sed
2907 4705 3002 4756 pro
3028 4686 3231 4754 integra
3274 4686 3518 4739 ﬁrmitate
3555 4676 3682 4746 petiit
3703 4670 3792 4726 Cel-

2282 4783 2501 4838 situdini
2535 4794 2728 4837 nostrae
2769 4790 2826 4836 ut
2855 4778 3101 4848 quicquid
3136 4793 3278 4831 nunc
3330 4787 3560 4843 tempore
3584 4770 3680 4838 ipse
3702 4778 3793 4818 cum

2285 4874 2562 4929 monachis
2591 4874 2703 4928 suis
2745 4873 2888 4942 juste
2907 4882 2962 4927 et
3007 4869 3394 4924 rationabiliter
3422 4865 3484 4920 ad
3527 4855 3792 4930 supradicta

2285 4965 2405 5020 loca
2437 4965 2637 5019 habere
2664 4961 2978 5026 dinoscitur,
3004 4962 3179 5016 denuo
3198 4974 3297 5027 per
3321 4967 3512 5012 nostra:
3529 4945 3796 5006 auctoritatis

2288 5064 2608 5124 prmeeptum
2655 5053 2703 5108 ei
2741 5064 2795 5106 et
2823 5051 3102 5106 monachis
3132 5052 3244 5103 suis
3273 5047 3402 5102 inibi
3431 5045 3527 5100 sub
3547 5052 3702 5095 sancta
3733 5048 3795 5088 re-

2285 5149 2403 5218 gula
2425 5145 2843 5202 consistentibus
2863 5141 3167 5211 plenissima
3189 5139 3568 5194 deliberatione
3595 5145 3675 5200 pro
3692 5141 3794 5182 me?

2285 5238 2416 5292 cede
2459 5237 2653 5290 animae
2707 5242 2903 5288 nostrae
2931 5233 2997 5286 ad
3048 5233 3329 5298 praelatum
3363 5223 3707 5283 monasterium
3725 5229 3793 5271 ωε

2286 5330 2416 5384 dere
2461 5335 2517 5382 et
2569 5325 2889 5379 conﬁrmare
2949 5323 3288 5378 deberemus.
3347 5319 3507 5387 Cujus
3547 5311 3793 5385 petitionem

2290 5499 2374 5538 ma
2405 5492 2608 5538 sancta:
2640 5480 2836 5543 Mariae,
2868 5479 3100 5534 secunda
3126 5477 3295 5537 sancti
3315 5474 3483 5536 Petri,
3508 5467 3644 5526 tertia
3665 5468 3795 5543 5:an!

2295 5553 2534 5609 Richarii
2556 5591 2572 5618 ,
2601 5551 2690 5604 ubi
2721 5538 2850 5626 sunt
2884 5550 3086 5626 altaria
3137 5562 3268 5626 auro
3312 5538 3794 5626 argi-ntoqneﬁaglj

2293 5601 2691 5693 etc.
2884 5601 3244 5674 ihilicarnonici
3276 5601 3508 5693 triginta,

2294 5672 2666 5760 Eiiiiiiéi’mii'
2686 5689 2840 5743 villas
2868 5672 3114 5760 quatuor,
3141 5704 3159 5741 r
3185 5696 3317 5752 etc.,
3343 5672 3396 5740 in
3434 5672 3657 5738 Chronici
3688 5672 3793 5726 CG"

2297 5759 2524 5825 tulcmsis
2551 5762 2643 5818 lib.
2677 5775 2762 5826 nt,
2795 5773 2916 5831 cap.
2948 5759 3004 5815 3.
