4034 6182
259 359 367 420 989

539 363 774 420 CODEX
817 361 1350 420 DIPLOMATICUS.
1390 391 1460 406 —-
1499 359 1919 426 PBIVILEGIA.
1963 393 2034 404 --
2075 363 2116 422 Ι.
2159 364 2408 422 Ριιινιι.
2450 365 2586 422 PER
2629 365 2910 427 ΕΔΗ..ιῶ
2950 369 3242 430 PARTES.

3431 375 3534 430 990

259 479 522 548 denegare
549 477 844 544 noluimus,
875 478 968 530 sed
1000 480 1052 530 in
1077 475 1370 532 elemosina
1401 483 1582 529 nostra
1613 475 1684 528 ita
1713 489 1841 530 con-
1877 483 1914 534 Α
1949 474 2160 528 minari.
2187 475 2496 532 Statuentes
2519 493 2646 546 ergo
2669 479 2920 548 jubemus
2941 491 3000 534 ut
3031 497 3204 552 neque
3229 497 3346 546 vos,
3365 497 3536 552 neque

258 577 506 636 cessisse.
529 587 580 630 et
613 573 668 628 in
693 573 942 628 omnibus
967 575 1314 624 coniirtna~5e
1335 569 1661 638 cognoscite.
1693 568 1838 622 Prai-

1940 563 2180 630 jnniores
2221 581 2318 620 seu
2345 581 2790 640 successoresque
2819 571 3004 636 vestri,
3053 573 3135 624 vel
3181 571 3434 640 quislibet
3461 587 3527 628 ea

257 667 518 732 cipieutes
547 679 676 734 ergo
699 664 946 732 jubemns
973 672 1030 716 ιιι
1059 676 1232 722 neque
1261 663 1380 723 vos,
1409 658 1840 727 nequejuniores
1936 657 2214 724 iudiciaria
2247 667 2510 727 potestate
2537 661 2588 714 in
2617 661 2860 716 ecclesiis
2887 662 2968 714 vel
2996 661 3126 716 locis
3151 663 3232 715 vel
3263 664 3408 730 agris
3437 677 3534 718 seu

256 769 704 822 successoresque
737 763 1032 806 memorato
1061 754 1177 805 viro
1209 749 1498 805 venerabili
1547 749 1840 802 Benedicto

256 847 432 900 abbati
483 855 576 898 aut
627 845 1030 899 successoribus
1079 829 1192 898 suis
1235 843 1306 898 de
1337 857 1498 910 supra
1527 843 1668 896 dicta
1703 842 1836 906 loca,

258 938 632 1005 undecumque
682 940 746 989 ad
793 951 1030 1003 praesens
1074 935 1186 1003 ipse
1233 943 1288 988 et
1329 935 1574 988 monachi
1605 934 1688 988 sui
1720 949 1840 988 cum

257 1031 522 1099 aequitatis
551 1028 740 1084 ordine
761 1044 822 1083 ac
847 1027 990 1098 juste
1019 1039 1072 1082 et
1101 1029 1488 1082 rationabiliter
1517 1028 1698 1082 vestiti
1723 1041 1844 1082 esse

259 1131 575 1186 noscatur,
605 1119 902 1190 inquietare
931 1130 1020 1173 aut
1059 1120 1378 1173 calumniam
1418 1133 1698 1188 generare.
1743 1133 1844 1172 nec

255 1211 460 1282 aliquid
489 1210 688 1266 exinde
717 1219 902 1264 contra
941 1210 1200 1276 justitiam
1251 1211 1561 1263 abstrahere
1607 1217 1700 1262 aut
1745 1209 1846 1261 mi-

255 1315 426 1356 nuare
471 1315 686 1369 quoquo
729 1309 970 1370 tempore
1009 1300 1382 1370 praesumatis;
1431 1299 1525 1352 sed
1563 1313 1658 1366 per
1709 1297 1848 1352 hanc

258 1403 498 1448 nostram
562 1394 933 1448 auctoritatem
993 1405 1154 1460 atque
1221 1391 1686 1446 conﬁrmationem
1753 1391 1849 1443 lia-

259 1485 422 1538 beant
467 1485 520 1538 in
569 1485 877 1554 elemosyna
919 1494 1100 1538 nostra
1131 1485 1382 1550 omnique
1423 1491 1667 1548 tempore
1713 1497 1846 1534 con-

256 1588 490 1639 cessum,
553 1575 623 1628 ita
679 1583 740 1628 ut
786 1574 865 1628 eis
913 1574 1104 1628 melius
1157 1574 1386 1628 delectet
1439 1589 1534 1640 pro
1593 1575 1748 1625 nobis
1796 1581 1850 1626 et

258 1666 386 1721 liliis
429 1681 494 1720 ac
543 1665 752 1720 ﬁliabus
810 1667 1008 1718 nostris
1056 1679 1148 1718 seu
1183 1673 1371 1717 cuncta
1405 1663 1604 1716 familia
1658 1664 1849 1716 domus

257 1768 462 1811 nostra!
486 1797 501 1820 ,
529 1765 584 1810 et
611 1757 754 1808 omni
793 1755 988 1824 popqu
1017 1755 1192 1821 gentis
1225 1763 1423 1808 nostra;
1461 1753 1715 1806 attentius
1748 1752 1850 1805 Do-

1944 749 2164 816 reliquis
2191 750 2620 818 possessionibus
2645 753 2994 818 suprascripti
3019 755 3329 808 monasterii
3357 755 3530 808 nostri

1943 841 2008 892 ad
2033 855 2225 895 causas
2248 843 2566 896 audiendum
2589 885 2603 908 ,
2635 845 2718 897 vel
2765 844 2910 899 l'reda
2937 845 3168 915 undique
3195 847 3535 916 exigendum,

1945 945 2044 986 nec
2073 935 2377 987 mansiones
2402 943 2496 987 aut
2529 944 2740 1002 paratas
2769 935 3092 998 faciendum,
3136 937 3222 991 vel
3255 937 3539 1005 ﬁdeiusso-

1947 1037 2032 1075 res
2061 1023 2379 1086 tollendum,
2430 1033 2520 1078 aut
2563 1026 2804 1080 homines
2841 1027 3006 1095 ipsius
3041 1031 3284 1082 ecclesiae
3319 1029 3540 1083 distrin—

1945 1113 2176 1180 gendum
2204 1151 2220 1177 ,
2269 1128 2370 1168 nec
2421 1115 2558 1169 ullas
2591 1117 2948 1172 'redibitioues
3003 1117 3382 1186 requirendum
3433 1119 3541 1172 ullo

1947 1215 2200 1269 umquam
2231 1209 2474 1268 tempore
2503 1203 2708 1271 ingredi
2758 1213 2850 1256 aut
2887 1215 3140 1260 exactore
3185 1208 3542 1275 praesumatis.

1949 1291 2052 1344 Sed
2083 1292 2223 1360 quod
2257 1307 2354 1346 nos
2399 1305 2616 1362 propter
2645 1309 2838 1348 no-nen
2869 1294 3074 1349 Domini
3115 1306 3170 1352 et
3213 1309 3409 1353 interna
3455 1315 3544 1354 re-

1949 1385 2320 1438 muneratione
2351 1385 2666 1439 indulsimus
2707 1387 2772 1440 ad
2800 1389 2906 1454 jam
2961 1387 3238 1455 pra-latum
3268 1401 3546 1446 monaste-

1949 1472 2108 1535 rium,
2145 1477 2396 1540 perennis
2427 1478 2756 1543 temporibus
2777 1477 3028 1546 pro'liciat
3067 1479 3120 1534 in
3155 1491 3540 1550 augmentum:

1948 1572 2214 1634 quatenus
2250 1565 2460 1618 avidius
2487 1568 2718 1622 delectet
2763 1569 2906 1636 ipsos
2947 1585 3132 1627 servos
3165 1571 3254 1626 Dei
3281 1613 3296 1636 ,
3325 1576 3414 1642 qui
3445 1573 3546 1626 ibi-

1949 1653 2070 1708 dem
2107 1655 2215 1710 Deo
2261 1655 2504 1710 famulari
2542 1658 2808 1724 videntur,
2847 1676 2944 1729 pro
2986 1667 3140 1717 nobis
3167 1679 3442 1734 uxoreque
3483 1681 3550 1721 ac

1953 1743 2134 1798 liberis
2179 1751 2374 1800 nostris
2421 1752 2674 1802 attentius
2727 1749 2936 1804 Domini
2979 1753 3400 1808 miscricordiam
3447 1773 3548 1813 ex-

257 1849 394 1904 mini
441 1848 862 1903 misericordiam
907 1861 1152 1902 exorare.
1203 1847 1270 1900 Et
1311 1856 1366 1899 ut
1409 1847 1526 1899 lucc
1563 1845 1854 1898 auctoritas
1887 1831 1930 1890 Β
1959 1851 2136 1892 orare.
2161 1838 2222 1891 Et
2251 1849 2306 1891 ιιι
2339 1841 2452 1892 haec
2481 1855 2748 1902 irresensa
2769 1844 3025 1896 nctoritas
3058 1845 3254 1898 nostris
3277 1855 3328 1901 et
3361 1847 3548 1902 futuris

259 1941 470 2004 lirmior
515 1941 810 1999 habeatur,
855 1946 910 1992 et
961 1936 1226 1992 diuturnis
1273 1937 1604 2004 temporibus
1655 1935 1848 1989 melius

255 2041 630 2095 conservetur,
684 2045 874 2083 manus
927 2037 1126 2083 nostrm
1175 2025 1462 2097 signaculis
1506 2027 1690 2082 subter
1729 2041 1848 2079 eam

257 2125 600 2178 decrevimus
641 2125 918 2183 roborare,
965 2129 1020 2174 et
1057 2121 1122 2174 de
1161 2119 1325 2173 anulo
1382 2131 1564 2173 nostro
1589 2116 1848 2188 jussimus

255 2218 558 2358 δ’δὲέξῖιῖὶη
586 2285 764 2340 Caroli
796 2283 1164 2356 gloriosissimi
1194 2284 1354 2352 regis.

339 2377 470 2432 Data
525 2380 577 2430 in
629 2392 812 2432 mense
855 2376 1032 2438 iunio,
1065 2391 1206 2428 anno
1257 2388 1382 2428 xxxi
1421 2383 1477 2426 et
1529 2387 1654 2426 xxvi
1703 2369 1850 2438 rcgni

259 2473 456 2522 nostri.
491 2470 679 2521 Actum
712 2469 878 2536 Aquis
923 2468 1117 2536 palatio
1148 2476 1354 2530 nostro,
1409 2479 1460 2516 ιιι
1507 2462 1602 2516 Dei
1635 2461 1852 2514 nomine

255 2561 510 2616 feliciter.
543 2562 736 2616 Amen.

990 2627 1130 2683 LXI.

257 2719 595 2790 Prwcepmm
633 2719 804 2774 Caroli
855 2719 1031 2786 Magni
1079 2721 1141 2772 de
1189 2713 1854 2790 immunitatemonasterii

551 2791 868 2860 Corrofemis
891 2789 1212 2862 [Charroux]
1247 2795 1402 2859 (anno
1431 2789 1586 2856 799).

762 2880 854 2942 (Ex
875 2881 934 2930 D.
955 2881 1200 2942 Bouqnel,
1215 2881 1356 2942 ibid.)

337 2965 562 3020 Carolus
589 2967 756 3036 gratia
791 2967 878 3018 Dei
916 2966 1240 3019 Francorum
1273 2980 1363 3017 rex
1392 2971 1446 3016 et
1479 2957 1856 3031 Langobardo-

257 3073 383 3112 rum
437 3067 490 3110 et
542 3057 791 3123 patricius
821 3057 1208 3110 Romanorum.
1255 3057 1543 3109 Maximum
1576 3053 1724 3122 regni
1757 3067 1851 3104 no-

256 3150 361 3204 stri
405 3151 458 3203 in
491 3149 594 3202 hoc
621 3149 802 3218 augeri
843 3149 1114 3203 credimus
1157 3147 1579 3205 munimentum.
1612 3144 1656 3197 si
1689 3145 1847 3196 bene-

259 3242 384 3296 licia
419 3251 683 3310 Oportuna
735 3243 864 3294 locis
893 3243 1242 3295 ecclesiarum
1277 3240 1532 3294 benevola
1565 3237 1851 3291 devotione

256 3335 631 3395 concedimus,
664 3348 724 3386 ac
755 3333 981 3386 Domino
1013 3341 1326 3400 protegente
1369 3329 1632 3384 stabiliter
1665 3333 1858 3394 perdu-

258 3441 390 3482 rare
413 3423 818 3492 conscribimus.
851 3425 1010 3494 Igitur
1035 3437 1218 3478 notum
1241 3425 1311 3476 sit
1335 3423 1583 3476 omnibus
1615 3419 1860 3474 ﬁdelibus

262 3519 488 3582 nostris,
524 3518 878 3587 pra-sentibus
909 3516 1111 3570 scilicet
1157 3526 1210 3569 et
1255 3513 1470 3581 futuris,
1511 3517 1743 3583 qualiter
1778 3519 1860 3570 vir

261 3610 492 3665 illustris
538 3609 817 3678 Rotgerius
847 3623 1029 3663 comes
1081 3608 1256 3662 ﬁdelis
1299 3619 1480 3662 noster
1526 3608 1590 3663 ad
1623 3619 1858 3662 nostram

261 3704 501 3758 accessit
547 3703 917 3764 clementiam,
969 3710 1022 3756 et
1069 3701 1446 3754 monasterium
1499 3701 1859 3768 proprietatis,

264 3795 414 3864 quod
443 3795 555 3862 ipse
583 3809 721 3847 novo
749 3809 914 3861 opere
945 3795 996 3846 in
1041 3793 1244 3846 honore
1287 3791 1498 3846 Domini
1530 3801 1586 3845 et
1625 3792 1864 3848 Salvato-

265 3889 345 3941 ris
369 3888 537 3940 nostri
570 3888 622 3939 in
652 3887 768 3939 loco
803 3894 1106 3952 nuncupato
1136 3883 1423 3938 Karrol’um
1454 3901 1614 3948 super
1640 3887 1862 3939 ﬂuvium

267 3981 508 4036 Karante
557 3979 608 4033 iit
648 3993 781 4049 pago
816 3979 1130 4033 l’ictavense
1159 3981 1478 4044 construxit,
1524 3993 1644 4031 cum
1694 3979 1868 4031 omni-

213 4095 230 4108 υ
271 4077 375 4127 bus
405 4073 566 4125 rebus
605 4083 660 4126 et
690 4070 1021 4124 ornamentis
1049 4068 1292 4123 ecclesiae
1313 4109 1328 4128 ,
1361 4083 1455 4121 seu
1501 4067 1866 4120 voluminibus

269 4166 557 4226 librorum.
602 4171 656 4217 et
682 4179 800 4216 cum
827 4162 1076 4216 omnibus
1105 4161 1425 4230 appenditiis
1449 4161 1559 4214 suis
1594 4160 1682 4214 vel
1713 4159 1868 4228 adja-

270 4256 504 4321 centiis,
555 4257 606 4308 in
641 4255 883 4308 manibus
916 4255 1111 4307 nostris
1142 4254 1452 4322 plenissima
1483 4251 1868 4307 deliberatione

275 4349 426 4402 visus
477 4359 558 4402 est
603 4347 872 4416 delegare,
935 4345 1023 4399 ubi
1071 4347 1241 4399 virum
1291 4343 1654 4399 venerabilem
1707 4343 1869 4398 David

273 4439 554 4493 Constituit
594 4435 865 4492 abbatem.
916 4437 1116 4491 Idcirco
1148 4436 1212 4489 ad
1262 4435 1376 4504 ejus
1423 4436 1733 4504 petitionem
1768 4435 1870 4492 tale

1953 1929 2282 1996 temporibus
2347 1931 2600 1984 inviolata
2647 1933 2936 2000 perdurare
2979 1935 3174 1998 valeat,
3229 1950 3415 1994 manus
3452 1953 3550 1990 uo-

1949 2030 2077 2072 strte
2126 2020 2414 2088 signaculis
2463 2035 2584 2075 eam
2635 2023 2972 2079 decrevimus
3033 2025 3269 2080 roborari
3305 2067 3320 2092 ,
3377 2037 3432 2083 et
3481 2029 3552 2083 de

1951 2111 2112 2166 anulo
2135 2121 2322 2166 nostro
2343 2113 2600 2182 jussitnus
2626 2115 2844 2184 sigillari
2886 2126 2935 2170 ι.

1953 2294 1984 2335 ιι
2012 2293 2338 2367 Ρτανεεριιιιιι
2367 2297 2543 2372 Crgoli
2569 2229 2888 2372 Magiirjinnro
2927 2303 3194 2358 monachis
3222 2304 3282 2361 S.
3338 2303 3553 2361 Martini

2418 2368 2729 2425 Turonensis
2759 2368 2920 2442 (anno
2944 2373 3098 2442 799).

2089 2458 2249 2520 (Apud
2277 2459 2585 2522 Martenium,
2611 2470 2728 2512 tom.
2756 2463 2774 2512 Ι
2799 2463 2949 2514 Thes.
2973 2463 3268 2516 Aueod.col.
3299 2467 3399 2528 13.)

2023 2539 2248 2596 Carolus
2277 2543 2444 2612 gratia
2497 2544 2592 2600 Dei
2625 2561 2718 2600 rex
2769 2545 3096 2604 Francorum
3143 2559 3200 2604 et
3249 2549 3556 2619 Longohar-

1954 2631 2142 2686 dorum
2181 2648 2242 2687 ac
2273 2635 2525 2700 patricius
2557 2634 2940 2702 Romanorum,
2975 2637 3224 2692 omnibus
3260 2639 3548 2708 episcopis,

1954 2721 2258 2787 abbatibus,
2300 2722 2532 2791 virisque
2582 2724 2898 2792 illustribus,
2949 2725 3194 2792 ducibus,
3241 2729 3548 2793 comitibus,

1954 2809 2286 2876 domesticis,
2317 2812 2669 2879 gralionibus,
2708 2814 2943 2880 vicariis,
2990 2818 3334 2884 centenariis,
3376 2817 3558 2888 junio-

1957 2903 2209 2972 ribnsqne
2242 2907 2460 2969 nostris,
2491 2917 2651 2974 atque
2674 2909 2850 2962 missis
2877 2912 3076 2965 nostris
3103 2912 3552 2982 discurrentibus,

1959 2993 2308 3058 praesentibus
2339 2993 2588 3048 videlicet
2612 3005 2666 3048 et
2695 2995 2905 3052 futuris.
2941 3000 3100 3054 Decet
3121 3001 3316 3055 etenim
3355 3005 3550 3072 regalis

1957 3083 2254 3137 clementia:
2311 3086 2648 3156 dignitatem,
2707 3101 2896 3144 cuncta
2941 3107 3058 3157 qua
3105 3108 3138 3146 a
3189 3095 3558 3150 sacerdotibus

1877 3181 1920 3242 C
1957 3177 2283 3231 rationabilis
2315 3183 2578 3246 postulata
2610 3179 2830 3245 fuerint,
2855 3183 3038 3236 solerti
3069 3200 3196 3240 cura
3232 3188 3558 3255 prospicere.

1959 3277 2010 3320 et
2057 3277 2354 3334 Opportuna
2403 3269 2484 3323 vel
2536 3284 2770 3340 congrua
2821 3272 3072 3328 beneﬁcia
3123 3292 3228 3328 non
3265 3276 3554 3348 denegare,

1961 3355 2104 3410 circa
2135 3361 2470 3413 anteriorum
2523 3377 2704 3430 regum
2749 3374 2886 3424 acta,
2934 3365 3141 3432 plenius
3175 3383 3295 3436 qua:
3345 3384 3438 3436 pro
3469 3369 3560 3424 Dci

1963 3458 2089 3500 sunt
2119 3448 2313 3502 intuitu
2342 3465 2599 3504 concessa
2640 3455 2982 3508 conﬁrmare.
3039 3456 3199 3524 Igitur
3235 3460 3562 3514 venerabilis

1967 3537 2049 3590 vir
2079 3537 2376 3594 Alcbuinus
2427 3541 2591 3595 abbas
2641 3543 2708 3597 de
2757 3544 2972 3598 basilica
3032 3549 3312 3614 peculiaris
3352 3552 3560 3618 patroni

1969 3633 2140 3686 nostri
2171 3632 2231 3687 S.
2263 3633 2494 3698 Martini,
2531 3636 2618 3690 ubi
2653 3637 2765 3704 ipse
2797 3639 3062 3706 pretiosus
3087 3642 3314 3696 donmus
3334 3658 3562 3714 corpore

1969 3725 2280 3793 requiescit,
2319 3728 2678 3784 immunitates
2705 3731 3064 3798 gloriosorum
3097 3750 3278 3802 regum
3317 3747 3566 3794 anteces-

1965 3829 2146 3870 sorntn
2184 3827 2514 3884 nostrorum,
2567 3821 2811 3874 manibus
2849 3837 3034 3878 eorum
3077 3827 3373 3890 roboratas,
3403 3838 3566 3899 atque

1967 3906 2228 3974 genitoris
2287 3910 2454 3962 nostri
2517 3909 2687 3976 l’ipini
2744 3911 2896 3964 bona:
2961 3917 3231 3970 memoriae
3290 3919 3560 3986 quondam

1969 3997 2135 4066 regis,
2187 3997 2341 4051 nobis
2369 3997 2584 4065 protulit
2621 4000 2686 4054 ad
2716 4001 3026 4072 relegendas
3057 4005 3170 4072 (ubi
3192 4005 3566 4062 continebatur

1969 4087 2278 4157 insertum),
2341 4089 2571 4157 qualiter
2629 4091 2870 4155 praedicti
2922 4107 3078 4162 reges
3133 4109 3229 4163 pro
3259 4098 3560 4154 reverentia

1971 4178 2266 4234 beatissimi
2290 4179 2346 4235 S.
2379 4181 2611 4246 Martini,
2634 4181 2702 4236 de
2723 4183 2882 4238 rebus
2911 4185 3078 4252 ipsius
3099 4189 3268 4242 sancti
3299 4189 3350 4242 in
3375 4204 3564 4259 regno,

1972 4269 2082 4324 Deo
2111 4271 2364 4338 propitio,
2389 4285 2597 4339 nostro,
2623 4275 2854 4336 Austris,
2879 4274 3126 4332 Neostria
3147 4288 3203 4332 et
3233 4279 3562 4352 Burgundia,

1973 4361 2282 4425 Aquitania,
2315 4373 2368 4417 et
2411 4363 2708 4428 Provincia,
2737 4367 2806 4422 de
2843 4368 3092 4423 omnibus
3117 4371 3280 4425 rebus
3303 4382 3356 4427 et
3397 4375 3566 4430 lacul-

1979 4460 2088 4506 tate
2119 4452 2289 4522 ipsius
2337 4455 2629 4510 beatissimi
2679 4458 2911 4524 Martini,
2957 4462 3134 4530 quiete
3179 4462 3232 4518 in
3273 4479 3434 4534 regna
3464 4481 3560 4522 su-

279 4545 380 4598 pro
409 4539 613 4583 aeterna
644 4529 993 4581 retributione
1025 4527 1336 4582 benelicium
1371 4543 1494 4598 erga
1532 4531 1702 4597 ipsum
1739 4544 1867 4583 san-
1901 4537 1954 4597 ι)
1980 4544 2156 4610 per-ius
2215 4542 2411 4612 scripta
2465 4544 2889 4617 quibuscumque
2943 4527 3073 4605 locis
3135 4527 3426 4622 majoribus
3482 4558 3569 4614 vel

276 4633 425 4676 ctum
463 4619 638 4674 locum
667 4621 767 4674 visi
801 4619 994 4674 fuimus
1022 4619 1340 4685 indulsisse,
1379 4630 1434 4672 ut
1465 4621 1514 4673 iu
1546 4624 1788 4677 ecclesiis
1817 4635 1871 4678 et

277 4714 414 4768 locis
443 4713 526 4767 vel
560 4709 702 4780 agris
729 4726 822 4766 seu
854 4711 1070 4782 reliquis
1103 4711 1530 4779 possessionibus
1558 4714 1724 4782 ipsius
1759 4731 1873 4768 mo-

282 4805 528 4870 nasterii,
562 4819 694 4873 quas
722 4805 981 4860 moderno
1027 4817 1265 4872 tempore
1290 4805 1434 4874 juste
1459 4816 1512 4859 et
1539 4807 1872 4862 rationabili-

281 4909 368 4952 ter
415 4895 693 4965 possidere
745 4895 974 4961 videtur,
1027 4897 1110 4950 vel
1158 4899 1298 4966 quod
1353 4898 1607 4966 deinceps
1662 4899 1715 4952 in
1759 4899 1875 4966 jure

282 4985 455 5056 ipsius
505 4984 676 5039 sancti
729 4983 828 5039 loci
880 4985 1105 5039 voluerit
1160 4985 1336 5042 divina
1386 4991 1553 5056 pietas
1595 4989 1872 5056 ampliare,

287 5078 471 5131 nullus
519 5077 682 5146 judex
735 5077 974 5145 publicus
1025 5078 1090 5130 ad
1142 5093 1330 5132 causas
1375 5079 1736 5146 audiendum,
1793 5082 1872 5134 vel

288 5173 439 5226 [reda
468 5173 704 5240 undique
733 5171 1052 5241 exigendum
1101 5188 1312 5240 quoque
1358 5183 1594 5242 tempore
1625 5173 1876 5248 [ingredi]

288 5282 396 5320 non
430 5274 715 5334 prnsurust
747 5281 762 5320 :
809 5265 904 5319 sed
939 5265 1037 5317 hoc
1063 5267 1176 5332 ipse
1205 5265 1394 5330 abbas,
1427 5265 1507 5319 vel
1537 5281 1875 5322 successores

287 5361 392 5424 sui,
423 5375 517 5414 seu
535 5359 877 5428 congregatio
909 5359 1073 5426 ipsius
1097 5349 1406 5413 monasterii
1440 5371 1652 5429 propter
1682 5378 1875 5418 nomen

293 5451 504 5506 Domini
534 5451 635 5506 sub
674 5449 892 5518 integra:
937 5451 1245 5504 eiiinnitatis
1290 5451 1507 5506 nomine
1548 5454 1756 5508 valeant
1783 5454 1878 5508 do-

363 5589 392 5620 ³
433 5587 547 5642 Hoc
587 5587 820 5657 diploma
859 5589 999 5642 notis
1028 5587 1416 5656 citronnlogicis
1462 5599 1607 5644 caret
1637 5607 1652 5650 :
1677 5601 1732 5644 at
1755 5608 1876 5647 eum

292 5658 518 5732 Carolus
557 5659 610 5732 in
641 5673 707 5713 eo
743 5673 803 5713 se
833 5671 1036 5732 tantum
1073 5675 1250 5728 regem
1289 5674 1348 5712 ac
1394 5660 1670 5732 patricium
1711 5662 1876 5732 dicat,

299 5727 433 5801 haud
467 5729 638 5782 serius
666 5743 807 5782 anno
832 5729 934 5801 ῖθς)
956 5727 1394 5801 datum’videtur,
1420 5739 1474 5784 et
1504 5731 1636 5785 forte
1663 5727 1876 5801 quidem

301 5798 642 5868 Aquisgrani,
675 5801 802 5854 dum
834 5797 1056 5857 Carolus
1095 5801 1344 5872 Rotgerio
1378 5803 1557 5857 comiti
1591 5797 1879 5863 Doiniuicae

1977 4634 2294 4702 minoribus,
2327 4648 2434 4692 tam
2475 4641 2614 4708 quod
2647 4657 2740 4710 per
2769 4645 3152 4713 prmceptiones
3179 4650 3257 4701 vel
3291 4648 3570 4720 indulgen-

1978 4729 2078 4780 tias
2105 4741 2197 4782 seu
2228 4728 2592 4786 immunitates
2619 4749 2826 4804 regum,
2857 4739 2940 4790 vel
2971 4752 3002 4792 a
3053 4737 3368 4798 Christianis
3395 4745 3568 4798 homi-

1979 4820 2134 4872 nibus
2161 4827 2324 4889 atque
2367 4823 2596 4878 diversis
2646 4829 3030 4894 contractibus,
3080 4846 3174 4898 per
3216 4848 3568 4903 quocumque

1979 4909 2332 4966 instrumenta
2361 4924 2627 4970 cartarum
2654 4917 2719 4970 ad
2753 4919 3024 4986 praefatam
3054 4937 3232 4976 casam
3260 4925 3318 4976 S.
3358 4924 3566 4981 Martini

1982 4997 2084 5056 fuit
2129 5005 2422 5072 conlatum,
2476 5007 2565 5062 vel
2611 5007 2935 5078 delegatum,
2994 5019 3089 5066 aut
3133 5011 3308 5067 adhuc
3355 5015 3568 5072 inantea

1981 5091 2174 5148 futuris
2207 5095 2542 5163 temporibus
2588 5096 2890 5152 addendum
2923 5101 3004 5154 vel
3036 5101 3410 5171 delegandum,
3441 5120 3572 5160 con-

1982 5187 2350 5256 ﬁrmaverunt,
2370 5201 2426 5246 ut
2449 5193 2548 5245 sub
2568 5191 2860 5247 emunitate
2883 5203 3062 5249 nostra
3087 5195 3215 5264 ipsa:
3237 5214 3340 5265 res,
3361 5201 3440 5254 vel
3467 5200 3570 5270 ipsi
3647 5252 3649 5254 .

1979 5281 2223 5354 homines
2243 5281 2300 5336 S.
2337 5283 2545 5338 Martini
2579 5284 2754 5338 vivere
2781 5285 3028 5341 debeant.
3061 5289 3262 5344 Idcirco
3281 5293 3574 5362 suprascri-

1981 5385 2104 5441 ptus
2125 5375 2418 5430 Aichuinus
2445 5378 2578 5430 abba
2599 5393 2628 5431 a
2647 5381 2938 5436 serenitate
2966 5383 3112 5452 regni
3144 5385 3308 5439 nostri
3341 5387 3492 5452 petiit
3516 5395 3574 5444 ut

1982 5466 2036 5521 in
2095 5468 2326 5537 idipsum
2377 5470 2834 5527 corroborandum
2871 5515 2886 5541 ,
2941 5475 3193 5532 bonitatis
3251 5480 3573 5538 beneﬁcium

1981 5604 2156 5658 crucis
2173 5599 2482 5672 particuiant
2508 5606 2742 5671 tradidit,
2775 5607 3076 5666 Corrotensi
3101 5601 3421 5670 monasterio
3443 5629 3574 5672 con-

1981 5675 2314 5797 signanéliam.
2348 5677 2418 5728 lta
2447 5676 2782 5733 Mabillouius
2825 5681 2917 5736 lib.
2955 5697 3078 5737 uvt
3127 5686 3320 5741 Annal.
3347 5686 3572 5757 Bened.,

1985 5761 2130 5800 num.
2231 5781 2245 5798 ο

2056 5815 2082 5854 b
2117 5815 2275 5872 Forte
2298 5815 2364 5872 ad
2395 5831 2482 5874 an.
2518 5818 2624 5876 800
2651 5819 2988 5878 referendum
3025 5821 3126 5880 huc
3153 5823 3409 5898 diploma.
