4034 6182
577 345 684 403 991

1379 402 1382 404 γ
1464 345 1531 401 ις.
1567 345 1818 401 canon
1857 343 2076 402 MAGNl
2113 342 2266 399 ore.
2306 341 2482 398 cans
2517 341 2555 396 t.
2597 334 2848 398 Isscrto
2887 338 2951 395 tt.
3681 349 3762 406 ωτι

577 465 763 534 largiri
780 464 1122 519 deberemus.
1153 461 1318 528 Cujus
1349 476 1448 515 nos
1471 461 1709 529 petitioni
1737 461 2154 525 consentientes,
2185 469 2233 522 Α
2262 455 2470 511 vulsum
2499 465 2591 510 aut
2633 456 2966 510 confractum
3005 444 3194 518 fuerit,
3237 455 3538 511 omnimodis
3562 457 3670 526 ipsis
3693 477 3766 516 tu.

583 568 636 614 et
663 558 950 626 patrocinia
979 557 1038 610 S.
1070 553 1277 609 Martini
1305 562 1640 618 venerantes,
1689 555 1826 607 sicut
1860 555 2156 620 prtedeces-

582 665 738 703 sores
784 659 935 715 reges
983 645 1319 712 singulariter
1368 645 1713 712 cantaverunt
1741 684 1753 703 .
1800 652 1861 696 et
1904 657 2014 695 nos
2061 641 2162 694 Ito‘c

585 739 924 802 indulgentia:
948 736 1147 788 duttutn
1176 744 1484 804 grantantor
1509 734 1813 800 pra-stitisse
1831 731 2159 802 cognoscite.

584 825 960 893 Prrcipientes
985 824 1180 892 quippe
1209 833 1267 876 ut
1314 837 1502 878 omnes
1536 838 1620 876 res
1671 821 1832 890 ipsius
1875 820 2162 876 beatissimi

580 915 636 970 S.
670 914 879 969 Martini
909 925 1394 983 quantumcumque
1421 914 1472 966 in
1517 927 1703 979 regno,
1749 912 1863 964 Deo
1896 909 2161 978 propitio,

583 1014 792 1069 nostro,
821 1013 926 1056 tam
961 1002 1014 1056 itt
1052 1003 1204 1056 villas
1247 1010 1302 1056 et
1333 1002 1528 1070 praedia
1583 999 1782 1070 majora
1813 1001 1895 1054 vel
1927 1000 2158 1063 modica,

579 1108 677 1150 seu
726 1094 779 1148 iu
825 1109 1015 1150 omnes
1063 1093 1340 1147 facultates
1386 1092 1677 1148 beatissimi
1737 1091 1908 1144 sancti
1958 1090 2162 1142 Martini

578 1189 681 1242 sub
702 1186 1009 1242 emunitatis
1041 1186 1248 1239 titulum
1281 1187 1581 1238 consistere
1617 1184 1864 1246 debeant,
1895 1192 1952 1234 ut
1973 1182 2165 1250 aliquis

577 1275 742 1345 iudex
787 1275 1030 1342 publicus
1078 1274 1190 1327 llsei
1236 1274 1407 1328 nostri
1448 1274 1500 1326 in
1548 1273 1658 1342 jam
1707 1273 1874 1326 dictas
1901 1272 2052 1324 ‘vii'las
2082 1270 2163 1324 vel

578 1369 853 1422 facultates
884 1369 1047 1434 ipsius
1073 1367 1247 1420 sancti
1297 1365 1364 1418 ad
1393 1367 1678 1436 agendum,
1724 1366 1807 1418 vel
1852 1378 2039 1418 causas
2067 1378 2160 1418 au-

576 1461 852 1524 diendum,
884 1474 977 1512 seu
1029 1458 1175 1512 freda
1209 1458 1290 1511 vel
1333 1457 1642 1512 ιὶιιῐθτθιιιιιιε
1663 1456 2045 1520 exactavtdtmt,
2077 1455 2164 1508 vel

578 1554 843 1607 teloneum
874 1548 1186 1610 tollendum,
1215 1562 1308 1602 seu
1351 1548 1664 1601 mansiones
1698 1545 2029 1608 faciendum,
2066 1558 2163 1598 nec

577 1641 922 1710 fideiussores
980 1639 1296 1701 tollendum,
1349 1637 1550 1691 nullutn
1608 1636 1905 1705 ingressum
1961 1639 2061 1688 nec
2087 1634 2169 1687 in-

579 1733 800 1787 troitum
831 1731 883 1782 itt
914 1731 1056 1797 ipsas
1085 1730 1238 1782 villas
1267 1730 1325 1782 S.
1348 1726 1564 1780 Martini
1613 1725 1810 1780 habere
1837 1734 2160 1792 praesumat;

2267 548 2604 602 ctoritatibus
2655 549 2852 601 nostris
2906 555 2962 601 et
3023 546 3292 602 beneflciis
3346 557 3663 604 restauretur.
3719 554 3767 608 Et

2267 640 2489 694 ulterius
2522 640 2660 693 ullus
2689 649 2951 703 vestrum,
2976 641 3218 709 ultusque
3242 641 3496 709 juniorum
3524 648 3769 700 vestrorum

2263 741 2354 782 ant
2395 737 2789 794 successorum,
2839 729 3128 799 infringere
3173 741 3264 784 aut
3292 731 3483 786 violare
3524 733 3645 801 quod
3669 749 3768 789 cou-

2263 819 2528 872 sensimus
2557 831 2663 872 non
2695 821 3002 888 prtesumat,
3029 819 3129 874 sed
3183 820 3316 875 sicut
3352 822 3574 887 superius
3611 823 3768 879 dictum

2263 915 2368 969 est,
2416 921 2536 960 cum
2581 908 2893 975 plenissima
2955 909 3248 962 etnunilate
3291 908 3347 962 in
3393 915 3513 978 pado
3553 925 3657 964 cum
3701 911 3769 967 Dei

2263 996 2524 1061 adiutorio
2574 997 2658 1052 vel
2701 1009 2889 1051 nostra
2938 1000 3103 1067 gratia
3159 999 3367 1052 valeant
3407 1015 3515 1067 qum
3555 1001 3642 1053 sibi
3679 1002 3770 1056 data

2265 1084 2476 1138 fuerunt
2507 1086 2804 1152 possidere.
2834 1085 2903 1139 Et
2929 1096 2982 1138 ιιι
3001 1089 3286 1154 pra'cepti'o
3304 1088 3438 1140 circa
3459 1087 3609 1154 ipsam
3629 1097 3768 1142 casam

2264 1192 2329 1230 ac
2357 1179 2713 1231 venerabilem
2745 1178 3026 1232 ecclesiam
3058 1177 3116 1232 S.
3143 1176 3351 1230 Martini
3382 1191 3473 1244 pro
3494 1179 3770 1232 futuristem-

2269 1269 2490 1334 poribus
2513 1271 2687 1322 valeat
2719 1270 3028 1336 perdurare,
3051 1280 3213 1322 manu
3251 1271 3460 1336 prapria
3486 1277 3587 1322 eam
3609 1271 3769 1322 subter-

2269 1359 2618 1423 lirmavimus,
2641 1368 2696 1411 et
2715 1360 2898 1412 an‘ttuii
2924 1361 3088 1412 nostri
3115 1359 3460 1426 impressione
3489 1359 3767 1428 sigttavimtts.

2340 1453 2558 1520 Signum
2586 1450 2758 1505 Caroli
2787 1452 3156 1519 gloriosissimi
3185 1452 3348 1521 regis.

2340 1544 2532 1594 Actum
2561 1550 2742 1594 castro
2770 1541 3044 1606 Lauduno,
3091 1541 3144 1593 i'n
3198 1541 3288 1595 Dei
3328 1541 3533 1596 nomine
3577 1542 3770 1595 feliciter.

2269 1634 2463 1686 Arnen.

2975 1701 3160 1756 LXIII.

575 1823 667 1877 sed
696 1819 949 1889 quidquid
982 1819 1176 1874 exinde
1222 1822 1288 1871 ab
1335 1817 1570 1886 antiquis
1631 1817 1958 1884 temporibus
2006 1815 2164 1870 ﬁscus
2194 1801 2242 1861 Β
2274 1811 2593 1882 Ρνωεεριιηη
2619 1812 2794 1867 Caroli
2817 1811 2995 1889 Magni
3025 1829 3118 1889 pro
3132 1817 3458 1889 monasterio;
3477 1812 3774 1868 Cormaricemi

576 1922 763 1970 noster
794 1924 898 1967 tam
931 1913 1201 1982 praeterito
1228 1919 1386 1980 quam
1411 1919 1467 1963 et
1517 1921 1763 1977 praesenti
1805 1917 2044 1976 tempore
2069 1921 2162 1962 ac-

575 2006 755 2075 cipere
780 2007 860 2058 vel
883 2014 1131 2058 exactore
1151 2010 1525 2068 consueverat,
1551 2001 1730 2052 omnia
1751 2007 1806 2052 et
1825 1999 2074 2053 omnibus
2096 2012 2160 2052 ex

580 2101 714 2150 fisco
761 2106 943 2149 nostro
983 2094 1244 2157 cedimus,
1291 2103 1347 2146 et
1395 2091 1446 2146 i‘n
1489 2091 1837 2145 lominaribus
1883 2089 2049 2159 ipsius
2099 2090 2158 2145 S.

575 2186 810 2253 Martini,
842 2188 923 2242 vel
955 2187 1203 2239 alimenta
1238 2200 1546 2253 pauperum,
1598 2199 1692 2238 seu
1735 2183 1996 2253 stipendia
2042 2198 2158 2236 Ini-

581 2280 900 2342 nacltorum,
932 2275 1176 2345 proficiat
1206 2276 1258 2328 itt
1301 2283 1660 2344 augmentuttt.
1698 2274 1764 2328 Et
1787 2275 1985 2328 uullant
2014 2275 2166 2342 pote-

577 2380 770 2424 statem
813 2368 973 2438 judex
1022 2368 1263 2434 publicus
1301 2366 1418 2420 ﬁsci
1467 2367 1637 2420 nostri
1687 2380 1850 2437 super
1880 2365 2162 2434 praedictas

575 2463 727 2517 villas
771 2462 854 2516 vel
885 2461 1163 2515 facultates
1199 2460 1369 2513 sancti
1417 2458 1626 2512 Martini
1657 2463 1752 2527 per
1775 2457 2164 2525 qualecumque

576 2554 846 2622 ingenium
875 2553 1074 2606 ibidern
1104 2551 1306 2605 habere
1336 2565 1395 2604 se
1422 2550 1745 2618 cognoscat”;
1771 2549 1870 2603 ‘sed
1896 2547 1965 2602 ab
2016 2547 2164 2602 omni

576 2649 744 2704 ﬁscali
779 2650 1045 2718 potestate
1068 2647 1134 2701 de
1159 2645 1432 2716 praedictis
1456 2643 1618 2699 rebus
1636 2645 1696 2699 S.
1726 2639 1932 2700 Martini
1954 2658 2168 2714 semper

578 2750 870 2797 extraneos
900 2739 970 2792 sit
999 2741 1157 2806 atque
1183 2743 1449 2802 remotus,
1477 2735 1539 2790 ἰιι
1567 2745 1663 2790 nec
1691 2727 1894 2804 aliquas
1921 2743 2164 2802 umquam

587 2831 900 2888 occasiones
929 2829 1211 2899 inquirere,
1260 2827 1399 2882 unde
1445 2822 1778 2896 dispendium
1824 2823 1889 2879 a'd
1931 2825 2170 2879 homines

579 2925 640 2981 S.
672 2923 884 2980 Martini
935 2922 1112 2976 facere
1157 2920 1370 2983 debeat,
1403 2920 1473 2973 sit
1494 2931 1655 2974 ausus
1681 2925 2002 2988 praesumere
2030 2934 2043 2981 ;
2073 2918 2167 2970 sed

579 3020 834 3083 inspecta:
865 3013 1188 3068 entuuitates
1235 3011 1563 3090 a’nteriorntn
1614 3017 1794 3078 regum
1841 3008 1923 3059 vel
1967 3020 2167 3072 praece-

577 3110 784 3177 ptiones
812 3112 1009 3160 nostrae
1057 3103 1110 3158 itt
1142 3088 1387 3157 omnibus
1416 3107 1824 3156 conserventur.
1867 3088 1933 3153 Et
1959 3100 2002 3151 'si
2049 3098 2168 3166 quis
2197 3114 2218 3177 ά

577 3194 742 3256 inerit
773 3213 953 3255 comes
1005 3198 1087 3253 vel
1140 3194 1486 3258 domesticus,
1533 3206 1625 3246 seu
1675 3189 1862 3259 gratio,
1914 3188 2163 3251 vicarius,

577 3293 665 3348 vel
721 3292 988 3356 tribunus,
1043 3301 1138 3344 seu
1184 3287 1556 3358 qualicumque
1596 3283 1856 3354 judicaria
1907 3289 2170 3352 potesmte

577 3385 898 3446 succinctus,
931 3376 1021 3449 qui
1063 3378 1447 3447 indulgentiam
1493 3383 1548 3430 et
1586 3373 1876 3428 bonitatem
1929 3371 2166 3440 priorum

577 3487 639 3528 ac
689 3473 1046 3542 pos'leriornm
1092 3481 1273 3538 regunt
1326 3467 1408 3521 vel
1455 3474 1691 3520 nostram
1752 3464 2162 3532 prazceptionem

577 3568 873 3634 irrumpere
926 3575 1019 3616 aut
1069 3555 1272 3615 violare
1328 3559 1729 3629 priesumserit,
1793 3567 2167 3612 sexcentorunt

579 3656 871 3712 solidorum
913 3665 1082 3720 usque
1125 3653 1192 3704 ad
1229 3649 1391 3708 tinem
1437 3649 1553 3702 auri
1597 3650 1733 3701 cocti
1785 3647 1868 3702 vel
1899 3646 2172 3717 purissimi

579 3759 886 3808 numerum,
937 3757 996 3797 se
1031 3748 1318 3811 cognoscat
1365 3737 1733 3792 mulctattdnm
1778 3745 1961 3791 centra
2007 3736 2173 3804 ipsam

581 3826 762 3892 eaeam
795 3836 853 3892 S.
885 3833 1120 3897 Martini,
1169 3841 1222 3887 et
1268 3832 1371 3886 alia
1423 3829 1576 3884 tertia
1626 3828 1824 3898 ιιειιεὶιι
1853 3827 1964 3882 llsci
2009 3825 2175 3881 nostri

581 3929 838 3984 accitum
897 3927 1116 3980 veniat:
1151 3933 1206 3980 et
1253 3937 1356 3977 non
1404 3923 1632 3976 delectet
1679 3924 1802 3987 qua:
1851 3924 1948 3988 pro
1995 3919 2175 3974 divino

581 4022 772 4076 intuitu
819 4018 1020 4074 indulta
1068 4026 1194 4071 sunt
1249 4009 1658 4077 sacerdotibus,
1712 4011 1795 4065 vel
1852 4011 2173 4065 antetibtunt

583 4125 768 4180 regum
799 4109 1123 4164 etnttnitates
1154 4099 1237 4161 vel
1261 4115 1470 4160 nosttas
1501 4102 1886 4173 prtcceptiones
1909 4101 1976 4154 ab
2004 4101 2177 4169 impiis

582 4203 892 4258 hominibus
945 4200 1164 4254 lacerari
1204 4214 1218 4251 :
1272 4198 1364 4250 Sed
1417 4195 1785 4263 undecumque
1833 4191 1899 4244 ad
1941 4195 2177 4258 praesens

589 4293 703 4362 ipsa
732 4305 855 4345 casa
903 4289 963 4344 S.
1013 4287 1223 4344 Martini
1257 4286 1446 4339 chtita
1489 4299 1609 4338 esse
1640 4283 1869 4346 videtur,
1899 4280 1980 4335 vel
2023 4288 2176 4334 antea

582 4401 614 4442 ιι
642 4383 1068 4452 quibuscumque
1120 4378 1286 4434 Deum
1320 4374 1626 4429 timentibus
1676 4373 1757 4427 vel
1808 4370 1959 4424 bonis
2006 4369 2180 4423 horni-

2900 1886 3060 1953 (anno
3087 1884 3243 1952 800).

2335 1994 2412 2067 [In
2472 1994 2692 2049 nomine
2745 2004 2769 2032 ³
2813 1995 3023 2050 Domini
3076 1996 3171 2051 Dei
3240 1997 3400 2050 nostri
3455 1995 3567 2050 Jesu
3611 1995 3781 2063 Christi].

2265 2088 2486 2140 Carolus
2525 2087 2617 2140 Dei
2667 2089 2835 2157 gratia
2884 2089 3209 2142 Francorum
3279 2105 3393 2154 rex,
3449 2089 3667 2156 patricius
3703 2090 3776 2142 ilo-

2266 2195 2574 2234 tnanorttm.
2645 2181 2904 2235 Omnibus
2958 2181 3208 2235 fidelibus
3265 2182 3429 2236 sancti
3482 2182 3676 2244 Martini,
3713 2179 3776 2246 qui

2267 2275 2516 2342 praesenti
2566 2283 2806 2339 tempore
2857 2273 2964 2326 Deo
3011 2275 3256 2328 serviunt
3305 2274 3356 2328 in
3406 2274 3514 2327 loco
3542 2275 3693 2326 sancto
3715 2271 3775 2322 ubi

2269 2365 2540 2432 pretiosus
2581 2365 2862 2418 conféssdr
2908 2363 3105 2418 Citriin
3147 2364 3376 2430 corpore
3419 2363 3682 2432 requiescit,
3717 2363 3775 2413 vel

2270 2464 2430 2508 etiam
2487 2456 2645 2508 futuri
2699 2461 2824 2508 stmt
2875 2455 3210 2522 temporibus
3263 2455 3496 2524 posteris,
3545 2452 3777 2514 abbatibus,

2269 2550 2616 2619 presbyteris,
2673 2549 3006 2609 diaconibus,
3067 2556 3121 2602 et
3173 2548 3418 2600 omnibus
3477 2543 3776 2598 ecclesitsticz

2270 2642 2545 2710 dignitatis
2573 2641 2846 2710 gradibus,
2882 2638 3189 2694 senioribus
3219 2655 3314 2694 seu
3340 2637 3628 2708 junioribus,
3664 2643 3777 2688 ater-

2272 2749 2395 2788 nam
2426 2735 2475 2786 in
2520 2732 2714 2787 Christi
2761 2731 3021 2785 charitate
3066 2731 3297 2785 salutem
3328 2741 3380 2785 et
3421 2727 3774 2797 prosperitatem.

2271 2825 2464 2879 Netum
2496 2823 2564 2878 sit
2593 2823 2911 2877 fraternitati
2956 2831 3147 2876 vestra!
3179 2821 3322 2890 quod
3353 2819 3559 2874 dilectus
3591 2815 3777 2882 magister

2273 2922 2457 2968 noster
2490 2913 2711 2966 Albinus
2758 2913 2842 2980 pia
2908 2911 3198 2966 devotione
3247 2909 3522 2978 postulavit
3563 2906 3700 2966 nobis,
3736 2910 3777 2954 ttt

2275 3004 2474 3060 licitum
2509 3005 2728 3058 haberet
2758 3002 3052 3057 monachos
3078 3002 3404 3056 constituere
3441 3001 3488 3052 in
3515 2997 3627 3053 cella
3648 2990 3773 3048 sancti

2278 3097 2422 3150 Pauli
2455 3112 2572 3164 quae
2614 3096 2818 3149 rustico
2864 3097 3080 3148 nomine
3127 3094 3454 3148 cortnaricus
3499 3091 3679 3149 dicitur,
3713 3083 3779 3152 qui

2277 3183 2595 3255 regulariter
2625 3186 2916 3238 secundum
2969 3183 3138 3236 sancti
3189 3181 3454 3235 Benedicti
3483 3187 3650 3231 statuta
3674 3176 3714 3228 in
3733 3187 3779 3225 ea

2276 3278 2541 3331 viverent.
2573 3276 2742 3342 Quem
2778 3277 2949 3328 locum
2983 3273 3170 3326 lterius
3200 3273 3334 3326 abba
3379 3279 3650 3323 antecessor
3679 3265 3782 3316 illius

2274 3382 2338 3421 ex
2369 3375 2679 3435 comparato
2730 3363 3040 3433 adquisivit,
3075 3371 3130 3417 et
3181 3369 3494 3422 construxxt,
3540 3368 3586 3412 et
3624 3353 3782 3409 tradidit

2273 3468 2461 3513 sancto
2503 3457 2755 3511 Martino.
2810 3457 2917 3510 [Vos
2969 3469 3095 3509 vero
3142 3465 3250 3507 tam
3286 3455 3383 3523 pia:
3429 3449 3659 3505 devotioni
3682 3446 3785 3497 illius

2275 3560 2513 3601 annuere
2543 3542 2714 3599 ratum
2763 3543 3032 3608 duximus,
3083 3557 3313 3610 eamque
3361 3540 3521 3594 literis
3561 3533 3629 3588 vel
3655 3531 3783 3600 sigillo

2277 3638 2506 3692 nominis
2537 3637 2704 3690 nostri
2733 3635 3038 3690 continuari
3077 3632 3325 3695 fecimus,
3366 3647 3430 3686 ne
3458 3629 3552 3683 ulla
3578 3634 3675 3696 post
3695 3621 3779 3674 dies

2275 3728 2416 3782 illitis
2458 3741 2689 3792 unquant
2739 3726 3000 3794 disruptio
3046 3723 3160 3777 fieri
3217 3723 3472 3791 potuisset
3513 3735 3538 3772 a
3580 3725 3782 3786 quoquam

2276 3833 2647 3873 successorum
2681 3818 2844 3871 illius.
2885 3816 3014 3870 Nam
3045 3819 3088 3868 si
3119 3815 3300 3868 divina
3335 3812 3618 3884 parentibus
3635 3805 3786 3859 nostris

2279 3909 2537 3978 uobisque
2588 3907 2754 3976 pietas
2803 3916 3116 3975 potestatem
3185 3905 3412 3960 contulit
3465 3903 3606 3957 totius
3647 3906 3785 3948 mona-

2278 4003 2424 4056 sterii
2451 3999 2620 4054 sancti
2640 3998 2869 4061 Martini,
2895 4012 3180 4066 rerumque
3208 3997 3351 4051 illius
3381 3993 3652 4049 facultatem
3667 3983 3786 4039 dandi

2278 4091 2364 4145 cui
2413 4091 2789 4157 voluissemus,
2839 4100 3039 4158 quanto
3089 4090 3260 4158 magis
3307 4086 3456 4141 nobis
3499 4089 3694 4153 potestas
3723 4076 3789 4127 tri-

2280 4179 2473 4233 buendi
2521 4183 2586 4232 ad
2646 4169 2739 4233 Dei
2790 4179 3068 4233 servitium
3116 4176 3492 4246 perpetualiter
3533 4169 3779 4242 przrdictutu

2281 4263 2496 4323 locum?
2526 4262 2632 4324 Nec
2658 4269 2738 4322 fas
2764 4276 2840 4324 est
2871 4271 3116 4338 cuiquam
3143 4269 3338 4338 regalis
3363 4255 3662 4335 benigniktlis
3681 4271 3786 4326 5P0"

2283 4375 2408 4414 nere
2451 4360 2791 4413 donationem
2839 4360 2923 4414 vel
2977 4360 3463 4422 confirmationem,
3515 4354 3710 4410 maxime
3751 4348 3788 4400 ἶιι

586 4442 750 4532 nibus
805 4442 997 4526 datum.
1039 4471 1119 4526 vel
1171 4469 1420 4522 collatum
1478 4465 1670 4527 fuerit,
1726 4462 1824 4516 sub
1876 4461 2180 4516 emunitatis
2212 4461 2390 4550 Diam
2420 4453 2506 4519 pio
2529 4461 2581 4504 et
2601 4449 2800 4505 salubri
2827 4461 3113 4520 pra-cepto.
3161 4450 3368 4504 Idcirco
3390 4442 3791 4511 omninojubetnlls

581 4569 794 4631 titulum
821 4565 1072 4622 resideat.
1104 4566 1168 4618 Et
1199 4561 1521 4630 quicumque
1561 4558 1627 4612 ad
1673 4558 1838 4624 ipsam
1871 4568 2047 4607 casam
2079 4549 2171 4602 Dei

582 4673 672 4729 res
720 4672 909 4713 eorum
965 4656 1091 4710 dare
1143 4654 1447 4713 voluerint,
1502 4665 1567 4704 ex
1619 4657 1799 4702 nostra
1854 4641 2175 4697 auctoritate

585 4753 824 4818 habeant
855 4747 1123 4804 licentiam
1173 4743 1421 4808 faciendi,
1459 4754 1511 4795 et
1558 4740 1657 4793 sub
1702 4735 2008 4793 emunitatis
2038 4731 2171 4783 titu-

591 4843 704 4901 lum
733 4841 936 4910 absque
973 4835 1080 4890 ulla
1131 4834 1294 4888 ﬁscali
1349 4839 1607 4900 potestate
1653 4827 1815 4897 quieti
1865 4821 2174 4884 resideant;

593 4936 850 5010 quidquid
881 4935 1044 4990 ﬁscus
1070 4927 1510 4986 consuetudinem
1561 4923 1744 4978 habuit
1782 4914 2092 4987 recipiendi,
2126 4915 2182 4968 in‘

592 5029 949 5091 luminaribus
981 5025 1149 5097 ipsius
1187 5025 1245 5082 S.
1299 5019 1508 5077 Martini
1544 5017 1598 5074 in
1629 5021 1809 5070 nostra
1839 5012 2180 5078 e‘leemnsyna'

591 5124 659 5190 ad
711 5133 946 5195 praesens
995 5121 1249 5177 intercisa
1291 5115 1633 5183 computetur
1679 5114 1799 5163 cum
1848 5108 1959 5171 ipsa”
1990 5103 2181 5156 subse-

589 5191 850 5290 quentia;
893 5224 1000 5268 tam
1029 5217 1083 5267 et
1127 5213 1241 5280 ipse
1271 5210 1434 5264 abbas
1464 5215 1620 5275 quam
1653 5213 1706 5256 et
1735 5211 2072 5254 successores
2099 5191 2181 5248 sui

593 5287 781 5364 nunties
820 5321 906 5360 res
955 5303 1121 5372 ipsius
1164 5301 1226 5357 S.
1280 5297 1488 5354 Martini
1517 5298 1617 5351 sub
1659 5293 1865 5360 integra
1895 5287 2182 5372 emunitate

597 5396 982 5471 perpetuaiiter
1033 5393 1263 5448 debeant
1313 5391 1509 5445 habere
1555 5397 1606 5442 et
1654 5385 1947 5454 possidere.
2012 5379 2078 5432 Et
2133 5375 2184 5471 si

593 5467 718 5544 ante
747 5488 882 5541 actis
925 5484 1258 5551 temporibus
1299 5497 1391 5549 per
1420 5481 1652 5547 aliquam
1695 5472 2068 5545 negligentiam
2101 5467 2184 5520 vel

595 5578 926 5646 lepidttatem
955 5575 1232 5637 abbatum,
1261 5580 1348 5625 aut
1376 5567 1808 5640 praesumtionem
1831 5560 2088 5630 judicnm,
2119 5555 2186 5610 de

597 5670 714 5740 ipsa
735 5671 1030 5725 emunitate
1058 5650 1346 5736 quicquam
1391 5662 1678 5724 minutum,
1729 5658 2011 5724 irruptum,
2050 5664 2182 5704 con-

671 5814 696 5841 ⁸
731 5804 964 5861 Deienda
989 5803 1104 5860 Iun:
1128 5798 1411 5856 invocatio.

2284 4556 2336 4598 ιιι
2369 4544 2481 4598 lucc
2508 4546 2724 4598 donatio
2755 4555 2933 4598 nostra
2962 4556 3015 4597 et
3041 4543 3213 4614 jussio
3247 4553 3360 4596 rata
3386 4549 3437 4594 et
3456 4535 3672 4592 inviolata
3698 4539 3794 4582 tem-

2280 4638 2496 4705 poribus
2527 4628 2795 4706 perpetuis
2825 4646 3136 4704 permaneat
3165 4652 3181 4700 ;
3237 4649 3337 4688 nec
3383 4635 3544 4686 locum
3573 4626 3694 4704 illum
3719 4633 3791 4670 att-

2279 4723 2408 4786 ferri
2439 4729 2684 4784 volumus
2731 4724 2798 4782 de
2851 4737 3114 4798 potestate
3167 4725 3343 4781 sancti
3393 4720 3607 4782 Martini,
3651 4711 3789 4770 sedul

2281 4819 2351 4875 ibi
2382 4820 2610 4890 pleuiter
2656 4821 2756 4873 sub
2788 4821 2964 4889 regula
3012 4819 3182 4872 sancti
3234 4805 3502 4872 Benedicti
3552 4813 3699 4863 vivant
3721 4802 3792 4854 de-

2281 4922 2471 4981 gentes
2499 4911 2768 4979 monachi,
2801 4919 2856 4964 et
2905 4909 3134 4962 habeant
3173 4907 3553 4977 protectionem
3580 4908 3630 4954 et
3663 4890 3797 4948 subsi-

2282 5003 2426 5059 dium
2459 5003 2527 5056 ab
2553 5001 2837 5056 abbatibus
2869 4999 3178 5053 monasterii
3211 4996 3385 5051 sancti
3417 4981 3624 5049 Martini.
3657 4985 3700 5040 Si
3723 4985 3796 5034 hoc

2286 5101 2549 5158 nostrum,
2595 5091 2734 5162 quod
2784 5091 2946 5157 absit,
2994 5089 3278 5160 quisquam
3311 5087 3551 5140 abbatum
3591 5071 3798 5147 spreverit

2285 5198 2608 5258 praeceptum
2647 5185 2976 5254 temporibus
3025 5182 3276 5252 posteris,
3331 5179 3464 5234 sciat
3501 5179 3554 5229 se
3594 5169 3794 5258 rationein

2287 5255 2516 5336 reddere
2571 5275 3006 5349 prmsurnptioois
3061 5274 3180 5344 ejus
3234 5267 3461 5326 Domino
3507 5270 3666 5349 nostro
3703 5255 3795 5346 less

2287 5367 2501 5425 Christo
2528 5341 2585 5422 in
2610 5367 2697 5422 die
2726 5341 2900 5437 magni
2951 5341 3214 5418 adventus
3241 5359 3343 5414 sui.
3393 5357 3456 5412 Et
3485 5341 3699 5409 Similiter
3730 5341 3795 5437 qui

2287 5463 2485 5533 ali‘i'lid
2514 5461 2719 5515 ηιῖηυρι
2745 5432 3004 5514 de'rebus
3030 5471 3160 5526 quas
3187 5455 3355 5510 beata:
3389 5446 3634 5504 memoria:
3653 5432 3794 5533 lteri-us.

2288 5530 2446 5619 abba,
2491 5553 2793 5623 acquisivit,
2843 5556 3188 5619 comparavit,
3242 5555 3334 5599 aut
3375 5544 3441 5597 de
3485 5539 3628 5594 rebus
3667 5530 3795 5623 salicti

2291 5646 2501 5703 Martini
2541 5613 2674 5715 quas
2720 5613 2982 5700 ecclesia'
3010 5638 3180 5695 sancti
3228 5634 3382 5688 Pauli
3426 5625 3635 5689 tradidit,
3677 5613 3794 5670 velsi
