4034 6182
597 261 703 320 995

1498 259 1558 314 ιι.
1605 256 1855 314 canon
1895 255 2109 313 MAGNI
2149 241 2304 316 ore.
2347 257 2523 315 rans
2563 255 2604 315 ι.
2647 258 2889 317 SECTlO
2929 260 2993 320 tt.
3713 273 3795 333 995

597 379 835 451 gitantes
865 376 1292 444 postulaverunt,
1326 386 1383 428 ιιι
1419 375 1665 428 villarum
1700 376 1936 440 nomina,
1977 393 2040 429 ex
2071 375 2184 443 qni-
2217 381 2265 436 Δ
2291 376 2514 434 decimae
2560 381 2800 448 partibus
2853 381 3179 452 praescripta;
3230 386 3414 444 matris
3462 390 3703 463 ecclesiae,
3749 402 3797 454 ali

601 469 706 523 bus
739 481 896 522 nonae
921 477 977 521 et
1017 467 1240 523 decima:
1263 465 1328 520 ad
1357 465 1714 530 supradicmm
1756 463 2032 518 ecclesiam
2065 481 2186 534 per-

594 559 733 614 solvi
783 559 1001 626 debent,
1051 560 1104 612 in
1155 566 1351 611 nostra:
1395 558 1726 611 auctoritatis
1773 567 2039 627 prtecepto
2086 575 2182 613 no—

598 651 842 706 minatim
901 649 1130 703 adscribi
1191 649 1637 719 praecipissemus,
1696 667 1762 704 ne
1820 653 1998 720 aliquo
2046 653 2187 707 malo

597 742 833 813 ingenio,
864 749 956 794 aut
983 739 1218 810 qualibet
1243 741 1567 804 calliditate,
1599 751 1691 794 aut
1733 745 1969 811 potentia
2011 743 2183 797 alicu-

591 832 684 903 jus
724 832 905 886 divitis
948 830 1030 886 vel
1075 831 1326 900 potentis,
1360 832 1442 886 hie
1473 833 1610 886 villa:
1643 832 1725 886 vel
1777 835 1859 886 lite
1887 848 1976 889 res
2007 848 2035 886 a
2063 835 2182 910 iure

593 925 838 995 ejusdem
871 923 1123 980 Ecclesiae
1161 925 1405 978 alienatas
1453 923 1643 978 futuris
1693 925 1883 980 ﬂerent
1933 925 2186 995 tempori-

592 1017 716 1081 bus,
747 1023 843 1070 aut
871 1030 1026 1071 nona:
1059 1014 1144 1070 vel
1174 1015 1416 1081 decimae,
1449 1015 1562 1071 sive
1587 1030 1782 1070 census
1806 1018 1886 1070 vel
1918 1026 2185 1072 restaura-

590 1105 769 1160 tiones
797 1106 907 1174 jam
931 1104 1368 1170 dit-tteecclesia:
1399 1105 1587 1159 ablatae
1631 1105 1745 1160 ﬁeri
1777 1117 2012 1175 possvnt.
2040 1106 2184 1173 Quo-

590 1209 712 1249 rum
771 1194 1178 1264 deprecationes
1235 1202 1455 1263 prapter
1509 1209 1748 1250 amorem
1803 1193 1897 1249 Dei
1955 1194 2186 1251 libenter

585 1286 906 1347 audivimus.
951 1295 1008 1342 et
1059 1289 1195 1341 sicut
1234 1285 1505 1354 deprecati
1537 1297 1682 1351 sunt,
1729 1287 2051 1341 monasteria
2101 1287 2181 1343 vel

584 1377 833 1444 cellulas,
863 1393 957 1432 seu
987 1377 1135 1432 vicos
1169 1376 1252 1432 vel
1284 1378 1457 1442 villas,
1485 1392 1620 1447 quas
1664 1388 1849 1432 nostra
1901 1377 2183 1445 largitione

584 1482 650 1524 es
695 1469 815 1538 jure
860 1470 1090 1538 prtellrte
1126 1468 1369 1525 ecclesia:
1416 1470 1586 1526 nostri
1637 1469 1822 1525 lldeles
1873 1471 2074 1525 habere
2102 1470 2185 1524 di-

589 1568 905 1623 noscuntur,
935 1560 1247 1614 nominatim
1280 1562 1333 1614 in
1364 1559 1465 1614 ltoc
1492 1570 1762 1630 praecepto
1792 1562 2030 1616 inserere
2056 1561 2180 1631 jus-

586 1652 778 1716 simus,
810 1661 865 1706 ut
898 1652 1090 1707 futuris
1126 1653 1456 1721 temporibus
1497 1654 1550 1708 in
1569 1653 1692 1723 jure
1730 1661 1783 1708 et
1811 1655 2178 1711 dominatione

2291 471 2493 526 eisdem
2525 473 2768 528 fidelibus
2797 477 2998 532 nostris
3027 475 3252 535 libenter
3289 490 3344 535 et
3389 483 3599 550 pleniter
3635 497 3797 559 ρει-θοι.
3843 487 3847 492 ’

2292 573 2504 630 vattlur,
2545 573 2602 618 et
2628 565 2851 620 aedilicia
2885 565 3125 636 ejusdem
3157 570 3398 626 ecclesia!
3430 575 3534 630 sive
3571 579 3794 640 domorum

2289 653 2354 708 atl
2387 669 2505 708 eam
2551 653 2686 710 inl'ra
2719 657 2988 712 civitatem
3035 659 3407 728 pertinentium
3451 666 3516 722 ibi
3552 681 3795 740 restaurare

2289 741 2514 798 faciant.
2550 744 2689 799 ldest
2729 747 2796 800 de
2824 747 2949 802 villa
2980 747 3219 816 Taleida,
3251 753 3317 808 de
3347 756 3463 810 villa
3495 758 3728 831 Lucdono,
3749 770 3796 824 de

2288 833 2411 888 villa
2455 835 2712 902 Baladon,
2744 837 2811 893 de
2858 839 2980 893 villa
3010 840 3355 913 Quebrolitts,
3404 862 3516 916 quae
3547 849 3795 913 Nova-Villa

2291 936 2648 995 nuncupatur,
2678 927 2748 982 tle
2781 928 2907 982 villa
2941 929 3221 998 Pradellis,
3244 933 3310 990 de
3334 935 3604 1005 Morniaco,
3625 945 3681 999 de
3707 949 3794 1003 villa

2284 1015 2490 1082 Quillis,
2522 1016 2587 1072 de
2616 1020 2769 1074 tertia
2801 1029 2954 1089 parte
2981 1021 3048 1076 de
3073 1022 3206 1078 cella
3230 1029 3394 1082 sancti
3422 1029 3611 1099 Almiri,
3638 1046 3685 1088 et
3720 1047 3796 1094 ιιι».

2285 1108 2354 1160 tia
2387 1117 2536 1176 parte
2587 1108 2653 1163 de
2699 1111 2835 1166 cella
2877 1113 3045 1168 sancti
3087 1113 3297 1180 Ulfacii,
3338 1128 3391 1173 et
3418 1122 3560 1178 tertia
3595 1139 3719 1199 parte
3748 1130 3796 1186 de

2284 1195 2417 1249 cella
2445 1198 2612 1251 sancti
2641 1197 2881 1264 Ricmiri,
2905 1200 2973 1256 de
3003 1201 3126 1257 villa
3153 1204 3396 1273 Bonlido,
3420 1210 3484 1265 de
3508 1195 3724 1283 Angono,
3747 1221 3795 1275 de

2283 1283 2550 1340 Solemnis
2580 1286 2702 1342 villa
2753 1298 2807 1342 et
2837 1293 2974 1357 vicit,
3022 1301 3077 1348 et
3103 1295 3238 1351 cella
3275 1297 3530 1368 .lurmc-ro,
3560 1315 3608 1358 et
3630 1308 3684 1363 de
3708 1313 3794 1364 villa

2285 1375 2556 1443 Apiliaco,
2587 1389 2640 1432 et
2677 1377 2744 1434 de
2777 1380 2996 1450 Alnido,
3032 1393 3087 1438 et
3133 1383 3387 1453 Daucido,
3416 1391 3478 1446 de
3503 1392 3734 1454 Noviliaco
3757 1413 3794 1455 et

2284 1463 2601 1520 Farisnonia
2629 1477 2683 1523 et
2712 1469 2936 1541 Campo,
2983 1471 3235 1543 Sirigico,
3281 1477 3518 1548 Luciaco,
3560 1499 3607 1540 et
3639 1487 3789 1554 Monte,

2281 1568 2335 1614 et
2387 1559 2454 1614 de
2499 1561 2743 1629 Comnis,
2805 1565 2940 1620 cella
2987 1569 3159 1623 sancti
3191 1571 3514 1643 Leodegarii,
3559 1582 3796 1649 Angon,et

2287 1651 2485 1716 Bonlir,
2510 1653 2579 1708 de
2612 1656 2732 1710 vico
2759 1655 2976 1713 Gabron
3007 1673 3128 1715 cum
3157 1662 3275 1718 suis
3303 1668 3625 1739 appendiciis,
3651 1682 3696 1727 et
3720 1675 3790 1730 lla-

588 1741 696 1811 jam
745 1742 905 1797 dicta:
959 1742 1202 1798 ecclesiae
1248 1757 1370 1797 cum
1422 1721 1585 1797 omni
1620 1745 1924 1814 integritate
1975 1761 2178 1814 perma-
2212 1721 2257 1779 Β
2288 1743 2397 1797 lino
2441 1746 2563 1798 vico
2596 1745 2827 1815 publico,
2860 1744 2937 1803 ἐι
2979 1749 3045 1805 de
3091 1751 3217 1807 villa
3247 1721 3522 1824 Viv'iriaco,
3550 1721 3682 1818 et'de
3703 1767 3791 1820 villa

590 1839 772 1894 neant,
816 1831 868 1886 id
895 1840 980 1888 est
1009 1833 1393 1886 monasterium
1438 1834 1605 1888 sancti
1642 1833 1815 1898 Petri,
1849 1835 1988 1902 quod
2038 1835 2166 1889 Ber-

589 1934 832 1979 tramnus
874 1925 1158 1994 episcopus
1189 1925 1494 1993 aediﬁcavit,
1546 1941 1666 1990 curn
1718 1927 2046 1982 mona5terio
2092 1928 2173 1980 vel

589 2015 923 2086 synodocltio
951 2018 1120 2071 sancti
1147 2015 1356 2071 Martini
1389 2016 1438 2070 in
1475 2017 1783 2082 Ponteleva,
1813 2028 1868 2072 et
1896 2026 2173 2072 monaste-

588 2108 725 2160 rium
769 2107 938 2161 sancti
975 2107 1218 2173 Victurii,
1251 2109 1302 2161 in
1343 2122 1447 2176 quo
1486 2109 1603 2175 ipse
1649 2107 1880 2162 domnus
1914 2108 2181 2164 Victorius

589 2196 878 2267 requiescit
929 2198 981 2252 in
1029 2213 1280 2266 corpore,
1328 2207 1382 2252 et
1427 2199 1810 2252 monasterium
1847 2208 2046 2253 sancta:
2074 2199 2183 2253 Ma-

593 2289 708 2353 riae,
751 2287 894 2355 quod
934 2297 1019 2343 est
1056 2297 1422 2343 constructum
1455 2288 1592 2343 intra
1625 2304 1834 2343 murum
1875 2289 2104 2344 civitatis
2129 2299 2183 2344 et

589 2379 807 2433 ﬂuvium
864 2379 1066 2446 Same,
1122 2394 1245 2434 cum
1300 2379 1680 2433 monasteriolo
1731 2381 1901 2433 sancti
1961 2380 2181 2435 Ricmiri

587 2467 726 2522 ultra
755 2466 972 2521 llutium
995 2470 1166 2522 Sartze
1195 2467 1262 2522 ad
1289 2482 1412 2522 eum
1445 2468 1779 2536 pertinente,
1809 2479 1864 2524 et
1911 2478 2184 2523 monaste-

587 2559 728 2613 rium
780 2567 980 2612 sanctae
1029 2558 1361 2623 Scolasticae,
1419 2569 1473 2612 et
1521 2559 1956 2613 mouasteriolmn
2005 2560 2177 2614 sancti

589 2647 837 2702 Germani
871 2648 1008 2702 ultra
1039 2647 1256 2701 (luvium
1304 2647 1504 2714 Sartte,
1543 2659 1595 2703 et
1628 2650 2066 2706 monasteriolum
2097 2652 2180 2706 vel

593 2736 986 2808 synodocltium
1017 2746 1221 2793 sanctae
1247 2738 1444 2804 Mariae,
1474 2740 1525 2794 in
1547 2755 1653 2809 quo
1669 2741 1897 2798 domnus
1916 2742 2182 2799 Paduinus

591 2827 883 2896 requiescit
925 2827 977 2882 in
1017 2842 1276 2895 corpore;
1305 2836 1360 2884 et
1409 2830 1847 2887 monasteriolum
1889 2834 2056 2888 sancti
2085 2835 2181 2889 .lu-

587 2914 739 2979 lianl,
771 2915 825 2970 in
855 2931 962 2986 quo
993 2916 1106 2987 ipse
1135 2917 1428 2987 requiescit
1457 2918 1510 2972 in
1540 2934 1801 2989 corpore;
1849 2930 1905 2977 et
1931 2923 2180 2978 cellulam

586 3005 759 3060 sancti
784 3005 1002 3062 Victorii
1034 3006 1169 3062 infra
1193 3008 1494 3075 civitatem,
1523 3018 1580 3064 et
1601 3014 1984 3067 monasterium
2007 3015 2177 3069 sancti

589 3094 850 3162 Kariteﬂi,
879 3096 933 3152 in
964 3112 1070 3168 quo
1097 3098 1213 3168 ipse
1242 3067 1788 3171 doutnus'requiescit
1818 3102 1872 3156 in
1909 3067 2178 3172 corpore,
2211 3067 2256 3128 Ο

588 3195 642 3242 et
682 3189 1066 3244 monasterium
1093 3190 1264 3244 sancti
1293 3189 1528 3260 Georgii,
1561 3200 1616 3246 et
1647 3197 2031 3250 monasterium
2063 3196 2180 3251 Til-

590 3278 708 3346 lidi,
737 3289 793 3335 et
819 3282 1202 3338 monasterium
1215 3282 1490 3350 'l‘ussiaco,
1515 3293 1572 3340 et
1594 3289 1977 3343 monasterium
2006 3290 2178 3346 sancti

589 3368 849 3426 Johannis
877 3381 932 3426 et
953 3374 1122 3427 sancti
1152 3373 1364 3428 Trecliii
1399 3375 1450 3430 in
1481 3375 1707 3442 Buxido,
1739 3386 1795 3432 et
1823 3381 2183 3436 monasterio-

590 3462 701 3517 lum
744 3463 914 3518 sancti
961 3463 1169 3519 Martini
1210 3465 1264 3519 in
1298 3465 1652 3532 Diablentico,
1699 3477 1755 3522 et
1793 3472 2176 3527 monasterium

589 3564 788 3609 sanctae
811 3554 991 3610 Maria:
1017 3556 1070 3610 in
1095 3557 1390 3623 Aurionno,
1418 3567 1474 3612 et
1500 3560 1943 3616 monasteriolum
1973 3563 2183 3631 Buxidi,

593 3653 652 3700 ct
681 3645 928 3700 cellulam
967 3645 1286 3703 Scuviliaco.
1333 3649 1458 3704 lltec
1485 3651 1686 3720 omnia,
1715 3653 1858 3709 sicut
1898 3654 2187 3727 diligenter

594 3733 907 3804 inquisitum
937 3736 1215 3804 habemus,
1245 3753 1366 3793 cum
1395 3740 1644 3797 omnibus
1672 3744 1738 3798 ad
1778 3759 1838 3800 se
1869 3747 2183 3815 pertinenti-

593 3826 716 3891 bus,
745 3835 802 3882 ct
829 3828 879 3882 in
919 3829 1133 3899 scriptis
1178 3829 1503 3887 autltenticis
1550 3835 1720 3888 sancti
1752 3834 1999 3892 Gervasii
2029 3838 2186 3894 inve-

590 3917 788 3987 nimus,
821 3918 964 3988 juste
1003 3928 1060 3974 et
1088 3920 1326 3990 legaliter
1355 3923 1640 3990 pertinent.
1686 3925 1760 3979 Ex
1805 3928 2002 3995 quibus
2043 3945 2186 3999 prte-

590 4007 857 4077 cipimus,
909 4018 966 4063 ut
1021 4007 1396 4066 festivitatibus
1453 4011 1666 4071 illorum
1721 4027 2074 4085 sanctorum,
2129 4021 2182 4078 in

591 4114 820 4168 quorum
853 4100 1128 4162 memoriis
1162 4103 1274 4169 ipsa
1317 4104 1562 4159 ccenobia
1593 4105 1765 4161 dicata
1796 4123 1917 4163 esse
1947 4125 2183 4166 noscun-

595 4199 701 4256 tur,
734 4205 828 4258 per
855 4191 1094 4259 singulos
1121 4207 1290 4248 annos
1317 4192 1387 4248 ad
1417 4197 1687 4264 prazlixnm
1711 4209 1935 4254 matrem
1966 4209 2020 4256 et
2047 4203 2186 4256 civi-

593 4282 718 4334 tatis
751 4282 1074 4350 Ecclesiam,
1099 4298 1292 4340 census
1320 4285 1389 4340 ab
1418 4287 1567 4356 ipsis,
1597 4293 1686 4359 qui
1715 4292 1903 4347 eadem
1933 4296 2179 4352 ccenobia

2280 1833 2460 1904 Longa
2487 1852 2641 1906 aqua,
2674 1851 2728 1894 et
2759 1840 2826 1896 de
2856 1840 3238 1914 Campaniaco,
3266 1857 3321 1902 et
3347 1849 3411 1904 de
3436 1849 3474 1905 C
3509 1855 3732 1922 nedralio,
3751 1869 3790 1914 et

2289 1926 2356 1980 de
2405 1924 2618 1982 Geneda
2663 1931 2794 1986 vicis
2825 1932 3070 2002 publicis,
3101 1946 3156 1991 et
3185 1938 3254 1993 de
3293 1940 3407 1995 vilta
3441 1941 3605 2011 Clidis,
3634 1958 3680 2003 et
3699 1949 3795 2005 Tre-

2281 2017 2480 2084 dendo,
2513 2027 2569 2074 et
2598 2019 2869 2088 Vitltlena,
2911 2022 3211 2092 Turniaco,
3258 2029 3501 2099 Cass-ann,
3527 2049 3576 2090 et
3611 2038 3791 2107 Villare,

2280 2121 2337 2164 et
2365 2111 2654 2178 Adilarite,
2685 2125 2742 2169 et
2777 2115 2956 2185 Vigra,
3002 2129 3058 2174 et
3103 2119 3394 2189 Fontauas,
3422 2138 3470 2180 et
3497 2128 3796 2196 Sanmuro,et

2288 2201 2537 2271 Bralialo,
2566 2205 2824 2272 Felcaria,
2855 2209 3263 2276 Domno-Jorio,
3297 2225 3352 2268 et
3376 2227 3559 2284 partem
3575 2221 3632 2275 de
3652 2221 3794 2276 Fraxi-

2275 2298 2445 2360 nedo,
2473 2308 2528 2352 et
2555 2299 2882 2368 Maundaria,
2915 2305 3192 2372 Urogieco,
3230 2305 3442 2372 thlare,
3465 2310 3526 2365 de
3554 2311 3714 2377 Verrio,
3738 2317 3788 2370 tle

2283 2387 2502 2455 Juricio,
2545 2400 2595 2443 et
2649 2391 2958 2457 Camiliaco,
3005 2396 3072 2447 de
3121 2394 3461 2467 Taxinarias,
3503 2410 3554 2456 et
3589 2401 3788 2458 Coctiaco

2285 2477 2403 2532 vico
2429 2478 2658 2547 publico,
2693 2489 2747 2534 et
2775 2481 2895 2535 villa
2927 2483 3255 2550 Antoniaco,
3284 2487 3349 2542 de
3378 2490 3496 2542 villa
3519 2491 3727 2556 Bonalfa,
3751 2507 3794 2548 et

2284 2570 2354 2625 de
2381 2570 2632 2626 omnibus
2663 2571 2821 2636 villis,
2864 2588 2983 2642 quae
3025 2575 3090 2628 ad
3119 2577 3315 2631 cellam
3345 2583 3501 2633 sancti
3531 2581 3703 2636 Martini
3725 2583 3789 2636 in-

2285 2658 2364 2714 l'ra
2406 2674 2614 2716 murum
2641 2662 2869 2719 civitatis
2900 2668 3187 2732 pertinent,
3232 2677 3289 2724 et
3325 2670 3568 2739 Caugiaco
3595 2673 3688 2727 vico
3717 2689 3791 2740 pu-

2287 2749 2444 2816 blico,
2471 2759 2527 2808 et
2563 2753 2630 2808 de
2673 2755 2794 2808 villa
2828 2754 3149 2823 Limbriaco,
3179 2816 3182 2817 ν
3208 2767 3262 2813 et
3297 2760 3598 2827 Veriucella,
3622 2773 3666 2816 et
3695 2761 3792 2817 Ver-

2285 2846 2458 2909 niaco,
2490 2854 2546 2899 et
2571 2847 2637 2901 de
2661 2847 2775 2902 vico
2807 2848 3172 2918 Diablentico,
3209 2861 3265 2906 et
3311 2853 3376 2908 de
3415 2855 3537 2909 cella
3579 2856 3790 2916 Arciaeua.

2285 2949 2337 2994 et
2364 2939 2432 2996 de
2472 2941 2591 2996 villa
2628 2941 2956 3011 Camariacti,
2997 2955 3052 3000 et
3087 2946 3358 3015 Civriaco,
3399 2959 3450 3003 et
3476 2949 3622 3013 Galla,
3645 2948 3787 3005 etCo-

2287 3034 2543 3097 moriaco,
2573 3040 2628 3087 et
2656 3033 2723 3088 de
2755 3035 2872 3089 villa
2915 3035 3233 3104 Andoliaco,
3267 3050 3322 3094 et
3349 3040 3414 3094 de
3442 3039 3552 3095 villa
3585 3039 3791 3104 Griviaco,

2287 3130 2344 3177 et
2371 3123 2704 3193 Martiniaco,
2736 3136 2790 3180 et
2827 3127 3124 3196 Linerolas,
3154 3140 3214 3185 et
3255 3132 3502 3201 Sisciaco,
3531 3141 3579 3187 et
3611 3133 3668 3186 de
3695 3131 3790 3185 cella

2292 3213 2686 3286 Domus-Regis
2736 3226 2793 3273 et
2834 3219 2902 3273 de
2948 3234 3083 3290 pago
3122 3222 3455 3288 Ardonense,
3503 3225 3548 3278 itt
3588 3239 3677 3293 quo
3706 3234 3793 3277 sunt

2291 3314 2568 3362 manentes
2593 3307 2737 3364 mille
2761 3311 2930 3364 sancti
2959 3309 3226 3383 Gervasii,
3256 3323 3309 3368 et
3334 3315 3401 3368 de
3433 3314 3790 3376 Certe-Bassus,

2287 3407 2344 3453 et
2371 3399 2439 3454 de
2466 3398 2747 3467 Noviomo,
2790 3412 2847 3458 et
2889 3403 3192 3472 Scomiaco,
3241 3417 3292 3460 et
3335 3406 3614 3470 Camiliaeo,
3649 3415 3690 3461 et
3721 3404 3795 3460 Co-

2289 3488 2484 3555 miaco,
2533 3499 2590 3545 et
2635 3492 2848 3557 (.ornta,
2891 3503 2946 3548 et
2990 3493 3295 3550 Novi~Vico
3332 3507 3386 3552 et
3418 3497 3668 3552 Hostiliam
3699 3496 3794 3550 vicis

2289 3578 2537 3647 publicis.
2585 3580 2715 3634 Haec
2755 3593 2932 3636 autem
2964 3584 3167 3650 omnia,
3195 3601 3314 3654 qutc
3357 3587 3643 3640 nominatim
3675 3598 3791 3650 supra

2290 3670 2488 3727 inserta
2515 3683 2660 3738 sunt,
2693 3684 2747 3728 ut
2771 3674 2882 3744 jam
2924 3675 3126 3730 dictum
3170 3687 3277 3744 est,
3324 3680 3614 3735 enucleatim
3641 3677 3790 3732 etdili.

2285 3769 2473 3830 genter
2502 3762 2873 3832 investigatum
2904 3763 3186 3832 habemus,
3216 3779 3270 3823 et
3301 3770 3352 3824 in
3377 3769 3661 3825 authentieis
3685 3765 3794 3835 ejtu-

2287 3850 2408 3905 dem
2438 3853 2681 3908 ecclesiae
2710 3854 2924 3922 scriptis
2953 3856 3082 3924 ipsis
3108 3858 3322 3914 clericis
3351 3862 3497 3915 nobis
3527 3857 3794 3914 ostendenti-

2298 3941 2398 3995 bus
2424 3943 2744 4010 reperimus,
2774 3947 2889 4000 sive
2933 3947 3066 4002 alias
3113 3948 3289 4015 villas,
3346 3965 3470 4020 quas
3499 3960 3681 4021 propter
3705 3961 3795 4016 pto-

2287 4030 2560 4099 lixitatem,
2586 4033 2665 4087 vel
2689 4047 2904 4104 propter
2929 4035 3286 4106 ignorantiam
3316 4043 3548 4096 villarum
3576 4042 3788 4095 nominum

2283 4122 2339 4176 in
2385 4123 2487 4177 hoc
2535 4135 2800 4194 praecepto
2843 4143 2950 4181 non
3001 4139 3128 4184 sunt
3174 4132 3410 4200 insertae,
3439 4132 3501 4186 ad
3525 4133 3618 4200 jam
3644 4130 3794 4183 dictata

2285 4224 2466 4271 tamen
2493 4218 2776 4272 ecclesiam
2800 4218 2946 4288 juste
2985 4231 3039 4276 et
3081 4223 3327 4292 legaliter
3365 4226 3608 4293 pertinere
3647 4235 3794 4288 cogno-

2283 4315 2526 4361 scuntur.
2573 4307 2747 4375 Super
2775 4309 2968 4378 quibus
2997 4311 3092 4366 bas
3121 4324 3334 4367 nostras
3360 4311 3656 4369 auctoritatis
3686 4309 3791 4364 litte-

591 4381 777 4478 nostro
828 4372 1086 4478 beneiicio
1115 4383 1338 4478 tenent,
1390 4374 1636 4478 libenter.
1656 4379 1729 4478 ad
1751 4395 1884 4450 opus
1923 4384 2178 4478 episcopi,
2211 4419 2260 4478 Β
2288 4410 2375 4450 ras
2407 4397 2519 4451 fieri
2549 4372 2922 4468 decrevimus,
2972 4416 3067 4470 per
3105 4419 3240 4472 quas
3271 4413 3552 4460 statuentes
3575 4401 3785 4458 omnibus.

592 4462 680 4518 vel
726 4463 952 4520 lratrum
988 4464 1063 4519 ibi
1097 4466 1428 4532 degentium,
1477 4477 1532 4523 et
1571 4469 1638 4524 ad
1686 4470 1856 4540 ipsam
1895 4475 2180 4531 ecclesiam

594 4555 1017 4622 restaurandam,
1049 4565 1106 4612 et
1133 4573 1275 4612 nunc
1299 4569 1354 4614 et
1381 4560 1571 4615 futuris
1601 4565 1930 4632 temporibus
1973 4569 2186 4636 persol-

594 4653 786 4698 vantur
811 4661 825 4698 :
857 4656 912 4700 et
941 4646 1162 4702 refectio
1196 4649 1473 4706 canonicis
1503 4665 1701 4708 sancta:
1729 4655 1907 4712 Mariae
1930 4667 1985 4712 et
2011 4661 2180 4714 sancti

593 4736 837 4791 Gervasii
861 4729 1162 4806 optima'ab
1201 4739 1391 4795 eodem
1419 4742 1630 4810 abbate,
1673 4746 1765 4814 qui
1802 4747 1972 4818 ipsum
1997 4765 2182 4806 emno-

591 4828 740 4889 bium
789 4837 918 4882 tunc
973 4830 1237 4900 temporis
1289 4830 1488 4888 habere
1538 4835 1763 4901 videtur,
1816 4838 1868 4892 in
1926 4841 2177 4908 pradicta

597 4923 888 4980 festivitate
933 4923 1119 4978 libenti
1169 4926 1351 4978 animo
1382 4927 1491 4992 liat,
1532 4929 1576 4980 si
1621 4941 1855 4984 nostram
1877 4935 2098 5002 gratiam
2130 4947 2182 4990 ct

594 5014 709 5083 ipsa
746 5014 1002 5068 benelicia
1035 5013 1236 5070 [rabere
1265 5017 1499 5070 voluerit
1531 5033 1544 5069 :
1578 5027 1636 5071 ut
1676 5020 1830 5075 nobis
1868 5038 1961 5076 seu
1991 5023 2182 5079 deces-

594 5107 828 5174 soribus,
861 5106 944 5160 vel
988 5108 1494 5178 primogenitoribus
1536 5113 1734 5166 nostris
1785 5122 2007 5184 prapter
2035 5116 2182 5170 abla-

598 5197 772 5252 tiones
815 5197 898 5251 vel
951 5199 1362 5256 minorationetn
1408 5200 1606 5256 barum
1654 5219 1833 5258 rerum
1883 5206 1992 5274 jam
2025 5207 2184 5264 dictae

599 5289 843 5345 ecclesiae
883 5289 1096 5359 aliquod
1137 5291 1521 5348 detrimentum
1561 5304 1655 5348 aut
1699 5297 1990 5365 periculum
2034 5302 2182 5370 regni

602 5396 711 5436 non
735 5380 1047 5445 adcrescst;
1077 5382 1174 5437 sed
1203 5385 1528 5451 perennibus
1562 5389 1894 5459 temporibus
1929 5391 2029 5446 sub
2061 5392 2186 5463 jure

601 5471 846 5530 ecclesitc
874 5471 1241 5538 permaneant.
1270 5473 1349 5528 De
1368 5475 1500 5530 vicis
1530 5491 1658 5533 vero
1694 5479 1922 5550 publicis
1959 5485 2038 5537 vel
2084 5484 2184 5538 vil-

605 5560 726 5616 lttlis
762 5559 876 5630 jam
903 5562 1062 5616 dicta
1088 5561 1354 5632 ecclesiae,
1399 5581 1536 5636 quas
1575 5567 1767 5626 ﬁdeles
1804 5574 1973 5628 nostri
2003 5584 2188 5632 nostra

598 5648 879 5717 largitione
907 5648 1133 5718 habent,
1169 5653 1395 5712 omnino
1433 5658 1798 5729 praecipimus,
1839 5670 1897 5717 ut
1934 5670 2092 5721 noua
2127 5676 2180 5722 et

2288 4488 2376 4556 qui
2422 4487 2476 4542 in
2519 4490 2768 4558 praesenti
2799 4499 3035 4559 tempore
3079 4503 3171 4548 aut
3214 4494 3401 4549 futuris
3443 4493 3720 4562 temporibus
3741 4503 3790 4544 ex

2286 4592 2596 4638 tnentorata:
2623 4587 2808 4641 matris
2851 4589 3096 4644 ecclesia
3141 4591 3305 4646 rebus
3349 4592 3583 4648 beneﬁcia
3617 4584 3794 4643 assecuti

2289 4685 2434 4740 sunt,
2468 4686 2560 4730 aut
2587 4677 2808 4745 adsequi
2848 4683 3134 4746 potuerint,
3174 4684 3530 4752 praecipimus,
3558 4689 3607 4734 ut
3629 4681 3794 4734 dcotn-

2257 4764 2444 4820 .nibus
2481 4766 3009 4824 conlaborationibus
3053 4780 3211 4826 teme
3259 4784 3365 4827 tam
3415 4773 3555 4837 fesci,
3596 4784 3725 4838 quam
3754 4774 3818 4820 ct-

2284 4869 2510 4910 annona:
2535 4857 2773 4911 onmiutn
2803 4873 3091 4928 generum,
3144 4873 3252 4918 tam
3282 4864 3349 4919 de
3388 4878 3482 4918 sua
3508 4862 3789 4922 dominicata,

2284 4962 2446 5017 quam
2466 4958 2521 5003 et
2541 4948 2610 5004 de
2633 4953 2958 5006 vassalorum
2988 4969 3229 5019 suorum,
3259 4957 3328 5012 de
3353 4957 3601 5012 viuericiis
3625 4966 3791 5025 quoque

2283 5046 2340 5090 et
2372 5038 2687 5106 pcrdonato,
2716 5039 2784 5094 de
2805 5044 3140 5110 pastionibus
3167 5055 3224 5100 et
3253 5048 3552 5115 pascuariis,
3573 5045 3631 5100 de
3650 5043 3794 5098 berbi-

2287 5128 2408 5185 ticis
2453 5139 2510 5185 et
2558 5132 2738 5199 pullis,
2782 5134 2850 5190 de
2892 5135 3275 5203 piscationibus
3321 5149 3377 5195 et
3406 5136 3734 5210 pastionaticis,
3757 5131 3794 5185 id

2284 5229 2368 5273 est
2407 5219 2477 5275 de
2519 5220 2864 5292 glanditicis,
2914 5225 2983 5279 de
3023 5228 3181 5284 melle
3219 5239 3274 5285 et
3318 5226 3792 5286 conlaboratiouibus.

2283 5319 2406 5374 qua:
2451 5307 2506 5362 in
2546 5309 2717 5368 hortis
2758 5314 2892 5367 tiunt
2932 5315 3002 5371 de
3045 5319 3422 5376 nutriminibus
3449 5317 3794 5380 simillium,“

2284 5402 2454 5456 caecis
2494 5401 2586 5470 qui
2625 5400 2776 5468 ﬁunt,
2827 5405 2895 5460 de
2938 5409 3248 5465 vaccariciis
3295 5410 3633 5474 dominicatis,
3667 5418 3716 5458 ac
3743 5401 3792 5454 de

2285 5495 2533 5550 omnibus
2560 5495 3021 5570 redliibitionibus,
3061 5518 3178 5572 qua:
3209 5505 3280 5560 ab
3317 5503 3600 5561 hominibus
3639 5507 3793 5554 ωωιο·

2286 5595 2415 5642 rata!
2437 5588 2629 5643 matris
2655 5590 2900 5646 ecclesiae
2927 5595 3278 5666 recipiuntur,
3308 5606 3522 5667 excepto
3539 5591 3790 5648 hostilem.

2285 5678 2337 5734 id
2366 5690 2451 5736 est
2480 5679 2549 5738 de
2579 5680 2770 5752 bobus,
2788 5692 2844 5740 et
2871 5687 3119 5758 conjecto
3144 5688 3213 5744 ad
3245 5703 3426 5746 carros
3449 5678 3789 5744 constructum-
