4034 6182
279 257 382 315 θτετ

599 255 827 315 CODEX
870 258 1389 317 DIPLOMATICUS.
1431 257 1927 316 PRIVILEGIA.-
1957 257 2022 313 ll.
2065 257 2312 314 PlllVll..
2351 286 2413 300 -
2452 257 2583 313 PER
2623 255 2890 315 PARTES
2929 257 3210 318 ITALIIE.

3437 259 3542 317 Μ

278 369 354 421 De
381 367 462 421 his
488 376 665 422 autem
697 368 946 422 omnibus
972 367 1326 436 prreeipimus,
1357 378 1412 421 ut
1437 381 1656 421 censum
1685 366 1856 435 lcgiti-
1885 369 1932 427 Α
1962 376 2018 421 et
2067 366 2557 436 Langobardorum.
2590 367 2753 438 Regni
2786 372 2953 424 nostri
2983 369 3218 430 honores
3237 373 3543 435 creditis.

274 475 419 513 mum
465 466 522 514 et
569 474 738 514 nonas
786 471 840 514 et
889 460 1124 516 decimas
1168 463 1322 515 annis
1365 461 1586 529 singulis
1620 459 1856 526 partibus

274 547 602 616 praescripta:
625 549 815 603 matris
840 550 1081 604 ecclesia:
1110 551 1312 618 absque
1334 551 1434 603 ulla
1469 551 1749 603 maritione
1772 548 1854 602 vel

274 638 531 694 dilatione
562 640 809 707 reddere,
855 649 948 695 aut
995 642 1348 697 minoratione
1395 643 1621 712 pleniter
1651 643 1854 712 pet-sul-

273 747 404 788 vere
436 733 653 788 faciant.
685 733 909 804 Insuper
946 737 1361 789 restaurationes
1395 746 1500 788 tam
1551 737 1602 790 in
1636 736 1854 804 praelixa

275 825 529 893 ecclesia,
560 841 720 896 quam
760 826 1006 881 domibus
1034 825 1190 896 juxta
1221 843 1338 880 eam
1377 826 1763 895 adiacentibus,
1799 826 1852 880 in

272 915 636 986 teguminibus
676 927 730 971 et
762 918 1240 972 restaurationibus
1270 932 1366 987 pro
1396 919 1745 985 possibilitate
1771 933 1856 974 re-

270 1023 426 1073 rum,
456 1023 588 1077 quas
628 1009 679 1061 in
728 1009 1040 1063 beneficium
1089 1009 1282 1063 exinde
1329 1011 1633 1076 possident,
1682 1011 1856 1066 facere

269 1114 378 1154 non
409 1098 694 1170 negligant,
729 1100 774 1154 si
817 1101 1040 1168 gratiam
1084 1112 1318 1155 nostram
1355 1113 1408 1158 et
1435 1104 1619 1156 eadem
1651 1103 1852 1157 benefi-

266 1191 350 1246 cia
400 1191 760 1261 unusquisque
810 1191 1008 1246 habere
1060 1193 1310 1247 voluerit.
1354 1195 1672 1262 Prcscripta
1722 1208 1850 1247 vero

269 1282 530 1336 beneficia
563 1281 687 1334 volo
715 1290 774 1335 ut
802 1279 984 1335 ﬁdeles
1021 1281 1192 1335 nostri
1238 1282 1338 1336 sub
1386 1283 1640 1352 praedicto
1684 1297 1850 1336 censu

266 1387 394 1426 cum
423 1387 687 1428 consensu
715 1383 772 1427 et
797 1373 1166 1428 benevolentia
1190 1374 1430 1441 ejusdem
1461 1375 1703 1429 θεειοείω
1732 1376 1853 1444 epi-

264 1467 418 1532 scopi
452 1473 689 1528 teneaut,
721 1478 890 1533 usque
917 1463 1042 1518 dum
1075 1464 1163 1518 illa
1187 1478 1308 1518 cum
1335 1466 1432 1527 eis,
1459 1465 1544 1534 qui
1575 1479 1637 1519 ea
1671 1474 1850 1519 nostra

265 1557 486 1610 datione
511 1557 759 1610 videntur
789 1556 1006 1619 habere,
1038 1564 1282 1609 mutuare
1306 1556 1589 1624 possimus,
1621 1569 1677 1611 et
1709 1571 1853 1622 saepe

263 1648 424 1702 dictae
469 1647 731 1710 ecclesizc,
763 1646 848 1701 cui
892 1646 1038 1715 iuste
1079 1656 1136 1700 et
1170 1645 1404 1715 legitime
1432 1649 1516 1717 (ut
1539 1648 1847 1718 inquisitum

1961 460 2005 511 si
2049 458 2225 527 justas
2279 460 2566 526 petitiones
2611 467 2974 532 sacerdotum,
3027 464 3110 516 vel
3165 463 3539 518 ministrorum

1966 550 2080 612 Dei.
2112 565 2234 604 cum
2266 551 2464 605 nostris
2490 553 2709 608 auribus
2749 552 2984 622 probata:
3026 555 3242 619 fuerint,
3291 557 3540 624 perditi-io

1961 657 2078 694 mus
2127 641 2192 695 ad
2243 641 2516 696 effectum.
2573 644 2674 712 Ipsi
2726 644 2870 698 enim
2921 661 3016 712 pro
3067 647 3360 702 stabilitate
3387 648 3540 718 regni

1960 734 2150 798 nostri,
2199 735 2282 788 vel
2309 735 2502 787 animae
2532 746 2729 789 nostra:
2756 737 2956 799 salute,
2991 737 3085 791 Dei
3118 739 3546 793 misericordiam

1959 825 2292 896 frequentius
2341 839 2590 882 exorant.
2647 828 2984 895 Quapropter
3038 833 3248 883 noverit
3298 831 3544 884 omnium

1960 924 2304 986 praesentium
2340 916 2749 984 futurorumque
2789 917 3069 984 industria,
3099 919 3328 988 qualiter
3356 919 3542 974 'l‘hiet-

1961 1009 2148 1063 baldus
2193 1007 2360 1061 abbas
2404 1008 2472 1061 de
2515 1008 2843 1061 monasterio
2895 1008 3048 1078 cujus
3095 1008 3411 1064 vocabulum
3455 1019 3542 1063 est

1959 1101 2243 1165 Noviento,
2288 1102 2449 1155 situm
2493 1100 2545 1153 iu
2597 1116 2730 1169 pago
2773 1101 3077 1154 Alsatiense
3121 1116 3283 1168 super
3323 1101 3544 1154 fluvium

1959 1193 2074 1258 Illa,
2116 1191 2255 1261 quod
2301 1193 2382 1245 vir
2428 1192 2632 1245 illuster
2675 1192 2974 1255 Adalricus,
3004 1192 3117 1246 sive
3162 1193 3367 1246 Atticus
3407 1193 3540 1254 dnx.

1957 1292 2012 1336 et
2050 1281 2246 1350 coniux
2283 1282 2403 1336 eius
2448 1279 2738 1336 Bersvinda
2795 1282 2848 1335 in
2891 1281 3085 1336 Christi
3142 1287 3378 1346 nomine,
3405 1291 3460 1336 et
3487 1283 3542 1338 in

1960 1375 2163 1430 honore
2211 1383 2521 1430 sanctorum
2581 1374 2946 1442 apostolorum
3003 1373 3142 1429 Petri
3190 1385 3244 1430 et
3292 1374 3436 1428 Pauli
3483 1384 3538 1430 et

1956 1467 2124 1520 sancti
2157 1466 2384 1520 Mauritii
2415 1466 2789 1534 sociorumque
2817 1465 2934 1535 ejus
2965 1481 2992 1516 a
3026 1480 3165 1519 novo
3197 1466 3249 1520 in
3280 1480 3379 1518 suo
3409 1480 3534 1534 pro-

1959 1561 2075 1626 prio
2096 1557 2259 1611 fundo
2287 1567 2723 1622 construxerunt,
2752 1568 2990 1611 uestram
3012 1557 3538 1623 adiitSerenitatem,

1957 1649 2250 1714 deprecans
2289 1654 2348 1699 ut
2375 1644 2645 1713 privilegia
2688 1661 2807 1713 quin
2858 1643 2957 1714 pia
3007 1645 3278 1699 memoria:
3323 1647 3531 1714 genitor

215 1746 220 1751 ‘
269 1739 556 1810 habemus)
579 1739 867 1804 debentur,
890 1737 1180 1792 auxiliante
1200 1737 1426 1791 Domino
1449 1728 1654 1794 iestitui
1683 1751 1844 1811 atque
1882 1729 1926 1787 B
1959 1747 2140 1790 noster
2189 1737 2464 1804 Pippinus,
2507 1736 2729 1804 ejusque
2777 1747 3148 1790 antecessores
3186 1751 3339 1805 reges
3370 1735 3537 1792 Fran-

266 1832 500 1885 teddere
543 1845 864 1884 mereamur.
913 1829 978 1882 Et
1041 1828 1144 1883 hoc
1178 1829 1426 1882 omnibus
1469 1829 1619 1883 vobis
1662 1842 1848 1884 uouuu

265 1923 359 1985 sit,
395 1921 535 1989 quod
565 1923 608 1976 si
643 1921 834 1990 aliquis
860 1927 1097 1974 vestrum
1125 1919 1414 1983 exsuterit,
1445 1920 1534 1988 qui
1571 1921 1707 1974 hanc
1732 1921 1848 1988 jus-

266 2015 476 2066 siouetu
509 2023 767 2074 nostram,
799 2020 891 2066 ant
936 2011 1353 2078 contemnendo,
1399 2012 1489 2063 aut
1538 2011 1852 2080 negligendo

265 2105 566 2171 adimplere
593 2102 891 2165 distulerit,
942 2103 1188 2156 volumus
1219 2111 1379 2171 atque
1422 2104 1760 2170 praecipimus
1793 2113 1851 2157 ut

266 2193 594 2263 praescripta:
619 2192 766 2247 urbis
813 2191 1098 2261 cpiscopus
1146 2193 1197 2246 in
1244 2191 1367 2260 jure
1395 2192 1634 2261 ejusdem
1679 2195 1854 2246 eccle-

263 2290 384 2352 siae,
415 2285 527 2340 sive
555 2287 604 2338 in
632 2301 782 2338 suam
816 2285 896 2339 vel
930 2285 1306 2339 cauonicorum
1353 2299 1571 2338 suorum
1606 2293 1854 2352 potesta-

263 2389 374 2430 tem
432 2378 509 2430 vel
539 2374 961 2430 dominationem
1001 2378 1218 2431 easdem
1257 2391 1342 2430 res
1392 2391 1643 2431 revocare
1671 2377 1850 2439 faciat,

261 2481 433 2533 usque
462 2467 588 2519 dum
622 2465 718 2525 illi.
745 2465 834 2535 qui
857 2464 879 2535 j
900 2480 971 2518 nm
1003 2467 1161 2520 dicta».
1190 2465 1430 2520 ecclesia:
1461 2482 1547 2520 res
1575 2469 1655 2521 vel
1689 2469 1852 2521 bene-

265 2559 386 2613 flcia
421 2569 598 2611 nostra
633 2557 912 2626 largitione
954 2556 1236 2623 habebant,
1280 2559 1332 2612 in
1371 2569 1604 2613 nostram
1636 2559 1854 2614 veniant

260 2648 626 2715 presentiam.
668 2647 768 2714 Qui
815 2647 1033 2717 negligit
1072 2663 1292 2703 censum
1341 2650 1526 2716 perdat
1546 2665 1767 2718 agrum;
1799 2659 1853 2704 et

259 2755 359 2808 per
393 2739 532 2792 hanc
577 2738 973 2805 auctoritatem,
1010 2740 1124 2794 sive
1169 2755 1353 2794 eorum
1396 2743 1737 2808 negligentia,
1770 2745 1849 2797 rel

257 2840 600 2898 contemptu,
623 2829 736 2898 ipsa
761 2829 983 2900 perdant
1013 2829 1290 2884 beneficia.
1321 2831 1387 2884 Et
1419 2831 1519 2885 huc
1548 2833 1659 2885 hac
1682 2833 1852 2902 iussio

259 2938 449 2990 uosqa
493 2926 674 2978 verius
720 2926 990 2988 credatur,
1030 2935 1084 2979 et
1131 2926 1437 2994 diligentius
1481 2939 1848 2991 conservetur,

1959 1843 2148 1880 corum
2174 1825 2350 1879 eidem
2377 1825 2645 1885 cmnohio,
2681 1828 2920 1894 locisque
2947 1840 3066 1893 qute
3095 1824 3162 1878 ad
3191 1830 3536 1880 sustentatio-

1955 1935 2076 1972 nem
2138 1919 2362 1971 fratrum
2414 1917 2612 1971 ibidem
2672 1917 2780 1970 Deo
2825 1917 2925 1971 sub
2974 1917 3206 1986 regulari
3259 1917 3537 1985 disciplina

1953 2011 2297 2063 Servientium
2358 2009 2623 2076 pertinent
2681 2007 3108 2073 (contulerunt),
3183 2023 3532 2065 renovemus.

1957 2105 2302 2171 Praecipimus
2353 2115 2484 2170 ergo
2536 2115 2630 2168 per
2681 2099 2840 2167 regite
2886 2099 3180 2167 maiestatis
3232 2099 3533 2170 imperium,

1958 2195 2411 2262 praedecessorum
2461 2200 2762 2245 nostrorum
2811 2200 3006 2244 statuta
3041 2191 3442 2255 coulirutautes,
3477 2204 3533 2245 ut

1955 2287 2007 2338 in
2051 2283 2533 2352 villassupradicti
2577 2281 2828 2344 cmnubii,
2873 2283 2924 2337 id
2953 2291 3038 2336 est
3085 2279 3380 2345 Wiswirle,
3411 2299 3532 2352 qua:

1953 2376 2053 2430 sita
2079 2386 2162 2430 est
2194 2378 2244 2429 in
2287 2389 2424 2446 pago
2465 2373 2876 2442 Brisgaugiensi,
2925 2388 3088 2442 super
3137 2375 3303 2442 ripam
3365 2374 3536 2430 Rheni

1955 2467 2194 2520 numinis
2217 2505 2234 2531 ,
2287 2481 2408 2520 cum
2442 2466 2665 2521 ecclesia
2687 2474 2742 2518 et
2767 2466 3015 2519 omnibus
3047 2467 3367 2534 appetttlitiis
3395 2471 3534 2532 suis,

1954 2556 2006 2610 iu
2059 2555 2294 2620 Sulaha,
2338 2557 2388 2610 iu
2446 2553 2804 2626 Egensheiui,
2870 2555 2922 2609 in
2987 2555 3427 2626 Sigalthesheim,
3483 2557 3538 2613 in

1954 2649 2258 2711 Burcheim,
2289 2650 2340 2702 in
2371 2648 2767 2716 Lagelcnheim,
2808 2648 2860 2700 itt
2889 2648 3270 2714 Gruzenheim,
3314 2650 3366 2702 in
3387 2648 3535 2704 Hun-

1953 2738 2261 2802 densbeim,
2296 2738 2348 2790 in
2380 2737 2709 2802 Northusen,
2740 2740 2790 2790 in
2823 2737 3157 2803 Hollasvirle,
3190 2753 3308 2805 qua:
3343 2738 3535 2807 praefa-

1955 2841 2042 2885 tus
2085 2832 2187 2884 dux
2242 2829 2417 2884 eidem
2466 2827 2754 2882 venerabili
2809 2829 2926 2882 loco
2974 2827 3259 2898 delegavit,
3313 2831 3538 2896 relquae

1954 2923 2130 2977 adhuc
2177 2922 2372 2976 donata
2423 2920 2645 2986 fuerint,
2685 2920 2862 2974 nullus
2897 2921 3058 2989 iudex
3092 2921 3358 2989 publicus,
3389 2923 3535 2976 nulla

257 3025 420 3084 atque
451 3031 541 3082 per
561 3015 740 3068 omnia
762 3030 790 3067 a
815 3015 968 3068 nobis
999 3015 1316 3083 perficiatur,
1349 3026 1399 3070 et
1429 3017 1631 3070 firmius
1655 3018 1849 3072 futuris
1949 3015 2229 3086 iudiciaria
2285 3023 2540 3083 potestas,
2593 3012 2856 3080 spiritalis
2886 3028 2979 3067 seu
3009 3013 3285 3077 secularis,
3330 3013 3535 3082 ingredi

257 3103 591 3173 temporibus
622 3114 886 3167 teneatur,
931 3118 1090 3156 manu
1141 3106 1352 3172 propria
1382 3108 1568 3158 subter
1609 3107 1842 3160 lirmavi-
1873 3089 1919 3148 (ἶ
1955 3108 2212 3162 violenter
2284 3108 2510 3170 audeat,
2573 3120 2672 3160 nec
2733 3105 3123 3159 ecclesiasticas
3169 3107 3538 3174 possessiones

256 3209 402 3254 Inus.
433 3203 487 3247 et
511 3193 579 3248 de
605 3195 766 3248 anulo
795 3204 980 3264 nostro
1010 3194 1242 3262 sigillare
1267 3193 1543 3264 iussimus.

329 3283 554 3354 Signum
578 3282 752 3337 Caroli
776 3285 1147 3352 gloriosissimi
1178 3285 1530 3352 imperatori.

328 3374 594 3430 Genesius
621 3375 686 3429 ad
719 3376 884 3430 vicem
920 3376 1308 3431 Ercbembaudi
1332 3377 1616 3446 recognovi
1639 3387 1693 3430 et
1716 3377 1848 3431 sult-

254 3464 472 3530 scripsi.

331 3554 462 3605 Data
492 3555 541 3607 in
585 3570 768 3610 mense
799 3554 1018 3624 Aprilis,
1053 3571 1169 3609 vuu
1199 3555 1425 3610 Kalend.
1460 3555 1601 3618 Maii,
1647 3570 1789 3610 antro
1813 3555 1849 3609 2

257 3646 478 3700 Christo
505 3646 735 3716 propitio
778 3649 994 3717 gloriosi
1028 3649 1236 3716 imperii
1277 3648 1465 3712 nostri,
1496 3659 1548 3702 et
1590 3646 1660 3703 3i
1699 3651 1848 3718 regni

256 3737 430 3790 nostri
462 3737 514 3790 in
537 3736 780 3806 Francia,
804 3747 862 3795 et
887 3739 959 3795 29
987 3740 1039 3794 itt
1067 3740 1237 3806 Italia,
1268 3739 1323 3794 in
1348 3739 1440 3794 Dei
1470 3741 1687 3794 nomine
1720 3738 1849 3794 feli-

255 3828 413 3882 citcr.
446 3828 640 3883 Amen.

967 3919 1170 3974 LXVII.

255 4007 594 4083 Pr¢cepttutt
623 4011 798 4066 Caroli
846 4010 1068 4083 Magni.
1117 4027 1218 4082 quo
1263 4011 1598 4066 immanitatis
1639 4011 1848 4079 privile-

326 4083 470 4148 gium
501 4098 531 4134 a
559 4080 784 4151 Pippino
815 4080 961 4151 patre
997 4080 1329 4137 Novientensi
1376 4084 1682 4137 monasterio
1719 4099 1846 4136 con-

325 4167 525 4204 cessum
551 4154 820 4219 con/irruat
860 4156 1016 4216 (anno
1043 4155 1196 4223 810).

753 4242 846 4300 (Ex
875 4241 933 4291 D.
953 4243 1196 4305 llouquet,
1218 4242 1352 4304 ibid.)

331 4325 393 4376 In
425 4323 639 4379 nomine
661 4323 852 4391 Patris,
889 4338 938 4380 et
965 4325 1107 4392 Filii,
1135 4339 1188 4381 et
1210 4326 1436 4394 Spiritus
1456 4328 1648 4393 sancti,
1674 4325 1842 4381 Caro-

1954 3208 2140 3253 coutra
2181 3198 2444 3268 justitiam
2477 3198 2576 3252 sibi
2607 3197 2877 3253 vindicare
2919 3209 3206 3267 prastunat
3235 3217 3250 3252 :
3279 3200 3371 3253 sed
3404 3214 3537 3268 pm

1952 3291 2126 3345 dictus
2154 3293 2318 3345 abbas
2349 3289 2712 3354 'l'hietbaldus,
2765 3289 2988 3357 ejusque
3027 3303 3366 3344 successores
3411 3303 3535 3344 eas-

1957 3384 2078 3436 dem
2131 3398 2216 3436 res
2271 3381 2664 3451 augmenttaudo
2712 3390 2766 3433 et
2827 3379 3159 3433 tneliorando
3214 3380 3537 3449 potestatit'e

1959 3475 2292 3544 possideant.
2326 3475 2390 3528 Et
2420 3483 2479 3528 ut
2509 3474 2621 3528 lucc
2649 3485 2830 3526 nostra
2879 3475 3162 3526 auctoritas
3188 3472 3392 3525 stabilis
3415 3487 3510 3541 per

1953 3575 2189 3629 maneat,
2219 3575 2272 3619 et
2310 3579 2406 3634 per
2450 3565 2624 3618 futura
2669 3575 2906 3632 tempora
2941 3562 3133 3617 melius
3160 3571 3533 3624 conservetur.

1955 3660 2093 3712 hanc
2123 3665 2323 3711 cartam
2350 3657 2502 3724 jussu
2535 3663 2721 3706 nostro
2751 3656 3104 3721 conscriptam
3135 3667 3291 3706 manu
3325 3653 3534 3722 propria

1951 3748 2370 3816 conlirmantes,
2437 3745 2618 3800 annuli
2680 3745 2845 3798 nostri
2901 3742 3256 3813 impressione
3311 3743 3534 3810 sigillari

1952 3839 2224 3908 iussimus.

2025 3935 2245 4006 Signum
2278 3933 2458 3988 Κειτοιί
2487 3931 2856 4002 gloriosissinti
2889 3934 3030 4000 regis
3053 3931 3454 4006 [imperatoris].

2023 4037 2135 4107 Ego
2180 4037 2307 4091 lbbo
2353 4033 2421 4088 ad
2473 4035 2644 4088 vicem
2696 4031 3069 4088 Ercbambaldi
3116 4033 3280 4103 relegi
3309 4042 3364 4088 et
3392 4035 3523 4088 sub-

1950 4130 2158 4199 scripsi.

2023 4221 2149 4275 Data
2182 4217 2352 4289 pridie
2396 4211 2520 4272 ldus
2560 4217 2802 4286 Augusti,
2833 4229 2974 4270 anno
3001 4231 3031 4270 x
3060 4213 3274 4271 Christo
3304 4215 3535 4286 propitio

1950 4311 2162 4378 imperii
2208 4310 2398 4374 nostri,
2445 4317 2502 4362 et
2549 4323 2654 4362 χιιι
2705 4307 2850 4376 regni
2897 4309 3064 4361 nostri
3109 4309 3160 4361 in
3201 4304 3448 4374 [rant-ia,
3478 4317 3535 4362 ct

254 4414 338 4466 lus
363 4416 742 4469 serenissimus
763 4419 1053 4488 Augustus,
1081 4434 1109 4470 a
1133 4419 1240 4471 Deo
1261 4428 1566 4483 coronatus,
1591 4433 1834 4488 magnus,
1870 4453 1920 4512 0
1952 4418 2130 4459 XXXVII
2157 4403 2208 4456 ίιι
2237 4400 2412 4465 “alia.
2445 4399 2740 4454 ίιιάίεῑῖοηθ
2771 4400 2950 4454 te"lil-

253 4504 510 4571 pacilicus
567 4507 892 4573 imperator,
969 4509 1264 4562 Romanum
1311 4510 1614 4577 gubernans
1664 4510 1835 4576 impe-

250 4595 416 4658 rium,
448 4596 534 4663 qui
582 4606 633 4650 et
681 4611 777 4666 per
806 4599 1224 4653 miscricordiam
1259 4599 1350 4653 Dei
1381 4613 1468 4653 rex
1507 4597 1833 4653 Francorum

2017 4504 2206 4559 Actum
2241 4501 2396 4556 Ferdi
2438 4501 2490 4554 in
2536 4499 2763 4556 Saxonis
2795 4501 2848 4554 itt
2882 4499 2974 4556 Dei
3005 4498 3221 4556 nomine
3266 4498 3517 4557 feliciter.

1947 4601 2138 4652 Amen.

809 4781 890 4840 ll.
923 4813 996 4826 --
1033 4781 1491 4844 PRIVILEGIA
1523 4781 1711 4856 QUE
1745 4781 1851 4840 AD
1891 4776 2190 4839 PARTES
2225 4774 2518 4837 lTALlIE
2550 4773 2987 4836 SPECTANT.

251 5035 644 5090 lmmunt'tatum
661 5035 980 5103 conﬁrmatio
1001 5038 1139 5104 {acta
1164 5035 1437 5092 Frodoeno
1455 5039 1625 5092 abbati
1651 5037 1698 5092 Ν
1709 5056 1827 5093 ova-

523 5108 719 5161 liciensi
747 5125 777 5158 a
801 5105 988 5161 Carolo
1015 5107 1206 5178 Magno
1233 5112 1390 5179 (anno
1411 5109 1564 5178 775).

435 5196 532 5256 (Ex
569 5196 845 5256 “oratorio,
876 5196 1205 5260 Antiquitates
1227 5197 1334 5248 Ital.
1359 5199 1491 5248 med.
1517 5201 1654 5260 teri.)

322 5300 545 5355 Carolus
582 5299 750 5370 gratia
780 5298 871 5353 Dei
920 5314 1011 5353 rex
1053 5299 1403 5369 Francorum,
1453 5301 1535 5355 vir
1588 5302 1835 5369 illustris,

257 5390 564 5446 hominibus
599 5390 842 5446 fidelibus
871 5391 1094 5447 nostris.
1126 5392 1476 5462 Cognoscatis
1503 5411 1516 5447 :
1543 5396 1836 5450 maximum

254 5480 402 5549 regni
433 5482 601 5534 nostri
622 5496 819 5551 augere
841 5483 1112 5536 credimus
1141 5492 1569 5550 monumentum,
1601 5485 1656 5539 si
1671 5485 1836 5541 bene-

255 5572 374 5622 licia
402 5581 700 5639 opportuna
732 5571 866 5626 locis
892 5579 1203 5626 sanctorum
1256 5569 1322 5626 ad
1378 5573 1614 5642 quietem
1647 5589 1836 5630 mona-

256 5663 476 5717 chorum
521 5664 764 5720 benivola
793 5663 1176 5721 deliberatione
1202 5664 1572 5733 concedimus,
1615 5681 1678 5723 ac
1718 5666 1826 5724 Do-

1954 4950 2101 5003 mino
2141 4955 2450 5018 protegente
2497 4942 2835 4997 stabilitatem
2888 4937 3050 4992 nostri
3082 4939 3133 4991 in
3177 4937 3272 4992 Dei
3325 4951 3520 4992 nomen

1959 5037 2226 5108 pertinere
2254 5036 2592 5090 conﬁdimus.
2644 5031 2806 5101 Igitur
2835 5030 3040 5082 noverit
3083 5028 3298 5082 solertia
3348 5036 3525 5082 vestra

1950 5130 2070 5198 quia
2098 5126 2416 5182 venerabilis
2445 5125 2526 5178 vir
2548 5122 2857 5177 Frodoenus
2883 5121 3021 5174 abba
3052 5120 3521 5190 nobis-suggessit,

1951 5234 2016 5273 eo
2063 5217 2203 5286 quod
2255 5214 2635 5269 monasteriolo
2683 5212 2734 5265 in
2777 5212 2978 5265 honore
3009 5211 3284 5265 beatorum
3315 5226 3528 5282 germa-

1955 5323 2146 5362 norum
2174 5309 2537 5375 apostolorum
2567 5303 2710 5357 Petri
2749 5311 2803 5355 et
2842 5299 3064 5365 Andrei,
3102 5301 3181 5358 vel
3209 5313 3515 5357 ceterorum

1945 5406 2275 5460 sanctorum,
2328 5409 2486 5464 quem
2525 5392 2680 5446 Abbo
2709 5391 2978 5462 quondam
3023 5394 3164 5449 visus
3205 5392 3305 5447 fuit
3361 5393 3523 5449 edifi-

1948 5502 2102 5542 casse
2124 5486 2176 5541 in
2209 5486 2324 5539 loco
2352 5493 2692 5552 nuncupante
2717 5483 2987 5539 Novalicis
3013 5485 3063 5536 in
3091 5485 3227 5539 valle
3253 5485 3519 5554 Sigosina,

1953 5589 2008 5632 et
2061 5577 2257 5632 ibidem
2288 5575 2702 5647 congregatione
2742 5576 3125 5630 monachorum
3184 5577 3283 5631 sub
3336 5590 3526 5632 sancta

1943 5669 2124 5740 regula
2158 5667 2326 5724 sancti
2376 5666 2671 5733 Benedicti,
2703 5682 2797 5724 seu
2847 5675 3154 5725 ceterorum
3211 5679 3523 5727 sanctorum
