4034 6182
571 251 678 307 99‘)

570 458 659 511 ubi
721 453 953 522 presenti
1003 463 1242 518 tempore
1311 448 1638 504 venerabilis
1693 449 1776 503 vir
1838 448 2150 504 Fredneuus

572 547 706 601 abba
742 557 974 613 praeesse-
995 542 1202 594 videtur
1231 556 1242 592 :
1272 547 1327 593 et
1355 553 1453 593 nos
1491 539 1708 592 tetidem
1753 555 1848 606 pro
1895 551 2149 594 auemam

574 637 981 694 retributionem
1025 628 1338 684 beneﬁcium
1391 632 1456 682 ad
1487 628 1602 697 ipso
1643 639 1839 682 sancto.
1876 628 1995 682 loco
2051 629 2149 682 visi

571 731 768 784 fuimus
812 724 1120 782 indulsisse.
1155 731 1213 775 ut
1239 723 1294 776 in
1351 722 1466 776 loca
1501 722 1584 776 vel
1615 721 1781 776 curtis
1809 720 1979 788 ipsius
2029 736 2143 773 mo~

569 817 808 880 nasterii,
863 829 1022 883 quem
1068 813 1178 882 jam
1226 814 1404 866 dictus.
1439 813 1592 872 A-blio
1639 812 1933 879 quondam,
1983 809 2077 866 vel;
2119 824 2150 862 a

568 910 904 982 quibuslibet
936 906 1240 961 hominibus
1294 905 1401 959 Dee
1444 907 1756 961 timentibus
1805 906 2004 960 ibidem
2053 904 2158 958 fuit:

567 1003 867 1065 conlatum,
897 1009 994 1053 aut
1039 1000 1092 1052 in
1131 1009 1284 1052 antea
1317 998 1381 1049 ad
1437 997 1620 1066 ipsum.
1665 1007 1907 1050 sanetum
1965 997 2141 1050 locum

569 1094 808 1148 voluerit
829 1093 1000 1163 pietas
1028 1091 1221 1145 divina
1252 1089 1596 1154 ampliﬁcare,
1631 1089 1995 1157 uullusjudea
2039 1105 2150 1157 pu-

568 1186 740 1242 blicus
795 1185 861 1238 ad
914 1197 1104 1239 causas
1144 1183 1502 1243 audiendum,
1560 1192 1653 1235 aut
1707 1183 1851 1236 [reda
1909 1183 2150 1251 undique

564 1277 941 1340 exactandum,
971 1290 1188 1345 quoquo
1227 1285 1467 1344 tempore
1498 1289 1602 1327 non
1635 1285 1920 1342 priesumat
1955 1274 2146 1343 ingre-

565 1372 729 1425 dere:
777 1368 870 1422 sed
922 1369 1023 1421 hoc
1075 1367 1303 1420 abba-de
1334 1366 1458 1432 ipso
1508 1365 1836 1419 monasterio
1865 1379 1967 1416 una
2020 1379 2172 1418 cumr

562 1461 976 1530 congregatione
1007 1468 1462 1527 propter-nomen
1491 1456 1698 1509 Domini
1749 1464 1801 1509 et
1831 1456 2132 1509 reverentia

564 1563 877 1604 sanctorum
913 1549 1016 1604 sub
1059 1549 1260 1619 integra
1291 1547 1585 1600 emunitate
1633 1545 1803 1599 valeat
1832 1545 2136 1599 dominare.

568 1643 878 1696 Slatuentes
905 1653 1032 1709 ergo
1061 1646 1120 1692 ut
1149 1653 1318 1707 neque
1347 1650 1462 1699 vos,
1515 1650 1691 1705 neque
1732 1636 1997 1703 juniores,
2047 1646 2139 1690 aut

1463 247 1521 301 Β.
1561 244 1815 303 CAROLI
1856 245 2074 303 MAGNI
2109 243 2265 301 αρι).
2306 245 2482 303 PARS
2515 245 2560 303 1.
2603 245 2858 305 εεετιο
2887 247 2955 305 ll.

572 366 788 422 Palmm
811 359 1129 433 (legent-ibus
1155 358 1550 414 sub-ciuobitali
1569 359 1767 414 ordine
1789 359 2146 423 conlocasset,
2182 365 2228 422 Α

3663 260 3772 320 ιοω

3013 381 3079 438 ll.

2258 470 2476 551 Donatio
2527 473 2687 551 sylva.-
2735 485 2781 528 et
2804 477 2962 529 curtis
3005 477 3072 551 de
3118 473 3295 551 [lana
3342 479 3512 551 Longo
3546 501 3576 540 tt
3617 486 3770 548 Carolo

2327 542 2532 625 dia-gno-
2555 548 2718 625 fuerit.
2759 548 3068 625 inorirmterio
3112 546 3349 603 Bobienu
3395 542 3604 625 ejusque
3631 542 3768 618 abbati

2322 611 2635 668 Guiuibaldo
2662 614 2836 684 (anno
2860 615 2963 669 774
2981 619 3024 686 ).

2747 705 2839 768 (lix
2888 707 3166 771 luretorio,
3203 710 3343 773 ibid.)

2326 805 2354 844 ὶι
2385 805 2606 860 Carolus
2645 809 2813 875 gratia
2847 808 2939 862 Dei
2979 826 3074 864 rex
3121 810 3475 870 Franeborum
3525 829 3574 874 et
3599 819 3774 894 Longo-

2256 899 2566 954 bardortuu.
2597 901 2664 955 Si-
2682 905 2826 956 enim
2857 918 2922 957 ex
2973 905 3209 975 bisque:
3244 907 3416 963 divina
3444 912 3598 980 pietas
3625 929 3772 974 eterna

2255 995 2480 1047 liuent-er
2511 993 2716 1059 tribuit,
2754 1001 3568 1066 prooppuntuuitateservorum
3598 1008 3686 1063 Dei
3705 1013 3768 1066 lo-

2251 1085 2330 1137 cis
2373 1085 2780 1140 veuerabilibus.
2795 1090 3162 1156 concedimus,
3218 1092 3318 1148 hoc
3347 1097 3495 1151 nobis
3518 1100 3578 1154 ad
3607 1117 3772 1159 merce-

2253 1175 2344 1230 dis.
2367 1186 2748 1244 augumentum
2801 1193 2864 1233 ac
2910 1181 3432 1256 stabilitatem-regni
3462 1193 3611 1244 nostri
3639 1197 3770 1262 perti-

2253 1281 2382 1320 nere
2410 1269 2745 1322 conﬁdimus.-
2775 1271 3119 1340 Qéuapmpler
3147 1273 3414 1332 donamus-
3435 1279 3496 1334 ad
3550 1297 3770 1340 inciiaste-

2254 1360 2400 1410 rium.
2447 1358 2770 1420 Ehobiense,
2813 1361 2902 1415 ubi
2930 1374 3148 1417 sanctus
3197 1363 3562 1425 Colmubanus-
3589 1387 3770 1442 corpore

2253 1449 2563 1517 requiescit,
2619 1459 2676 1504 et
2704 1449 3062 1508 Guinibaldua
3092 1455 3274 1511 abbas.
3309 1473 3546 1527 praeesse:
3577 1464 3762 1529 videtur,

2255 1540 2560 1596 secundum.
2577 1543 2882 1608 ampliusin
2915 1545 3164 1601 iutttrttm-
3181 1551 3508 1617 petitionem,
3534 1554 3768 1611 donatutao

2253 1645 2358 1698 que
2420 1631 2472 1686 in
2523 1635 3145 1700 perpetuoad-eundem
3193 1653 3432 1697 sanctum
3489 1645 3643 1702 locum
3680 1665 3772 1704 esse

564 1743 1016 1797 successoresque
1063 1728 1249 1791 vestri,
1295 1741 1393 1781 nec
1433 1724 1575 1780 nulla
1626 1726 1836 1792 publica
1863 1724 2144 1792 iudiciaria
2179 1713 2224 1772 Β
2256 1723 2544 1778 volumus;
2577 1723 2680 1778 hoc
2701 1735 2784 1780 est
2810 1726 2940 1780 silva
2972 1741 3166 1784 nostra»
3186 1747 3289 1785 una
3319 1748 3416 1788 con
3444 1746 3580 1792 certe
3597 1740 3671 1792 illi
3696 1740 3770 1794 ibi-

568 1830 806 1891 potestas
834 1831 858 1858 ⁸
888 1834 1101 1890 queque
1131 1828 1369 1885 tempore
1397 1821 1449 1869 in
1481 1817 1610 1871 loco
1635 1816 1718 1870 vel
1746 1817 1920 1871 curtis
1943 1826 2052 1870 tam
2095 1821 2146 1870 in

565 1915 679 1982 ipsa
726 1913 869 1967 valle
887 1910 1153 1978 Sigusina,
1198 1924 1358 1978 quam
1387 1907 1677 1972 Brientina,
1733 1911 2002 1976 Aq-nense,
2052 1923 2148 1962 seu

563 2005 840 2075 Arqttinari,
889 2003 1156 2067 Manuale,
1192 2001 1267 2055 uti
1319 2002 1371 2053 in
1405 1999 1726 2069 Bnrgnndia,
1757 2008 1848 2054 aut
1903 2000 2149 2054 ubicum-

564 2110 685 2164 que-
723 2095 775 2148 in
807 2109 971 2164 regno
1014 2101 1198 2146 nostro
1239 2090 1404 2159 ipsius
1436 2094 1766 2154 monasterii,
1799 2101 1888 2144 aut
1919 2091 2140 2157 nostris,

560 2199 659 2239 seu
705 2195 759 2238 et
791 2184 1132 2252 privatorum
1167 2181 1434 2248 largitatis
1479 2195 1721 2246 munere,
1780 2191 1870 2234 aut
1901 2182 2056 2250 quod:
2095 2186 2148 2235 in

559 2287 716 2330 antea
771 2276 838 2330 de
882 2279 1263 2346 cujuscumque
1321 2275 1646 2329 hominibus-
1680 2272 1840 2330 fuerit
1902 2276 2142 2331 additum

563 2370 646 2422 vel
676 2369 969 2433 conlatum,
1018 2369 1082 2421 ad
1112 2367 1408 2421 audiendas
1429 2368 1805 2424 altercationes
1837 2369 2143 2439 ingredere,

559 2468 653 2511 aut
687 2457 830 2510 {retia
865 2459 931 2511 de
964 2471 1298 2526 quacumque
1329 2457 1457 2510 libet
1485 2471 1644 2510 causa
1677 2459 1760 2512 vel
1811 2457 2139 2524 hominibus,

561 2549 653 2617 qui
707 2547 772 2600 ad
820 2548 932 2615 ipsa
990 2561 1112 2601 casa
1171 2549 1414 2612 aspicere
1461 2546 1692 2615 videtur,
1750 2548 2003 2616 exigere,
2045 2565 2146 2604 nee

561 2639 894 2702 mansiones,-
922 2646 1014 2690 aut
1044 2647 1281 2706 paratas,
1314 2651 1412 2692 nec
1442 2637 1796 2705 lidejussores,
1824 2639 2139 2706 tollendum,

564 2733 661 2785 sed
693 2730 948 2799 quidquid
995 2729 1188 2784 eti-inde
1219 2739 1310 2783 aut
1354 2728 1428 2784 de
1452 2730 1692 2798 ingenuis
1722 2732 1803 2786 vel
1855 2733 1922 2786 de
1971 2735 2141 2786 servi-

559 2821 1030 2889 tutibus‘publicis,
1060 2820 1591 2890 ceterisqueeumque
1641 2823 1961 2898 rationibus,
2017 2841 2136 2893 qua:

555 2921 692 2966 sunt
734 2911 868 2965 infra
917 2911 1071 2978 locis,
1100 2912 1180 2967 vel
1217 2913 1403 2978 curtis,
1456 2927 1554 2982 seu
1604 2914 1851 2969 terminis
1901 2915 2140 2984 ipsorum

562 3002 805 3074 praedicti
851 3002 1096 3056 monachi
1145 3014 1568 3070 commanentes,
1623 3007 1705 3060 vel
1737 3005 1936 3060 ibidem
1989 3009 2139 3078 aspi-

561 3097 787 3158 cientes,
819 3093 905 3148 vel
933 3095 986 3149 in
1032 3101 1211 3157 antea,
1243 3096 1810 3164 auxilianteDomino,
1845 3113 2139 3168 anguinea-

553 3197 686 3252 tare,
731 3186 1368 3253 aut-atraherepetuerat
1397 3187 1574 3248 liscus,
1606 3197 1697 3241 aut
1745 3187 1818 3244 de
1849 3188 2018 3251 (reda,
2054 3190 2138 3246 vel

551 3274 920 3330 [unctionibus
958 3275 1426 3345 undiquecumque
1481 3285 1729 3346 potuerat
1774 3293 2017 3346 sperare,
2072 3295 2138 3335 ex

555 3373 736 3418 nostra
779 3363 1110 3434 indulgentia
1159 3365 1466 3434 pro-futura
1499 3367 1756 3421 salute-in
1791 3368 2141 3424 luminaribus

556 3455 738 3524 ipsius:
756 3455 1068 3510 monasterii
1101 3471 1196 3524 per
1226 3471 1415 3510 manus
1445 3460 1714 3526 agentium
1747 3459 1984 3527 ipsorum
2020 3475 2141 3527 pro-

559 3545 703 3599 llci-at
749 3547 802 3598 in
850 3554 1163 3614 perpetuum
1191 3563 1203 3597 :
1227 3553 1283 3598 et
1319 3546 1460 3612 quod
1495 3562 1592 3600 nus
1641 3557 1858 3615 propter
1894 3558 2138 3602 sanctum

556 3649 754 3689 nomen
806 3633 1036 3699 Domini,
1083 3643 1138 3686 et
1165 3634 1461 3688 reverentia
1497 3635 1663 3704 ipsius
1692 3637 1861 3691 sancti
1894 3637 2018 3705 loci,
2048 3641 2139 3692 vel

558 3740 662 3794 pro
709 3727 927 3782 animae--
957 3733 1158 3778 nostra:
1203 3725 1522 3789 remedium,
1577 3740 1678 3780 seu
1711 3737 1893 3784 nostra
1949 3729 2138 3784 subsco

555 3817 740 3885 quenti
804 3815 1080 3883 progenie,
1136 3815 1288 3885 plena
1347 3816 1634 3870 devotione
1701 3818 2158 3886 indulsissc,nec.

554 3907 774 3979 regalis.
803 3906 1124 3971 sublimitas,
1147 3921 1254 3964 nec
1283 3907 1589 3976 cujuslibet.
1604 3907 1877 3978 iudicibus
1931 3911 2139 3980 cupidi-

555 4010 636 4054 tas
687 4000 954 4066 retragare
983 3997 1260 4056 tenenEt
1311 4007 1368 4052 ut
1397 4013 1638 4066 praesens
1691 4001 1981 4056 aucturitas
2023 3999 2130 4058 tam

496 4151 498 4153 _
550 4087 908 4156 praesentibus
957 4100 1116 4154 (luam
1153 4085 1344 4140 futuris
1375 4088 1704 4156 temporibus
1739 4089 2012 4155 inviolata,
2040 4091 2127 4147 ad-

548 4179 770 4245 iuvante
800 4177 1048 4243 Domino,
1079 4188 1408 4247 permaneat,
1445 4196 1634 4236 manus
1671 4193 1871 4235 nostra:
1899 4182 2128 4252 propriae

549 4269 904 4339 signavimus,
941 4280 1001 4322 et.
1024 4269 1321 4330 de-anmdo
1358 4271 1949 4339 nostro,sigillavimus.

623 4369 844 4436 Signum
875 4366 916 4434 ἰ·
936 4365 1114 4420 Caroli
1141 4367 1515 4436 gloriosissitni
1536 4369 1696 4438 regis.

620 4454 1118 4530 Tettius-recognovi
1147 4469 1203 4516 et
1219 4459 1536 4528 Suliscripsi.

622 4547 752 4600 Data
781 4562 872 4602 vttt
899 4545 1166 4603 Kalendas
1195 4549 1414 4618 Aprilis,
1448 4565 1588 4604 anno
1633 4553 1819 4618 quinto
1868 4554 2014 4622 regni
2047 4569 2142 4608 no-

551 4638 702 4700 alii...

629 4728 815 4784 Actum
852 4726 1146 4806 Carisiaco,
1190 4729 1389 4805 palatio
1428 4730 1658 4798 publico,
1692 4733 1745 4789 itt
1779 4733 1876 4790 Dei
1904 4735 2136 4792 nomine.

624 4905 927 4960 tutamen
942 4899 1370 4969 prmtereundum
1401 4917 1506 4956 non
1532 4912 1633 4966 est,
1655 4912 1713 4957 ut
1732 4906 1852 4958 utin
1875 4905 2137 4972 diploma-

552 4973 620 5026 tis
674 4987 1041 5041 sui-pentnnero
1079 4972 1379 5025 eximantur
1411 4972 1520 5026 Deo
1572 4976 1883 5036 militantes.
1929 4979 2032 5032 imo
2085 4991 2138 5033 ct

553 5057 737 5095 eorum
761 5042 900 5094 servi
922 5051 976 5094 et
997 5043 1192 5107 coloni,
1235 5042 1657 5110 ajurisuictione
1706 5047 1960 5100 comitum
2003 5048 2138 5104 alio-

553 5113 1113 5186 rumque-reipublicte
1155 5115 1542 5186 ttiittistrorum,
1576 5124 1810 5170 attamen
1851 5132 1880 5169 a
1930 5117 2135 5186 judicio

555 5183 832 5248 regiorum,
865 5183 1182 5258 intimorum,
1227 5184 1573 5258 ipsorumque-
1617 5200 1798 5258 regum
1853 5183 2134 5258 et'Augu-

555 5263 779 5314 storum,
798 5267 903 5306 non
921 5253 1084 5308 fuisse
1097 5257 1269 5319 reipsa
1289 5257 1576 5308 immunes.
1591 5256 1719 5308 Cum
1745 5273 1828 5310 res
1849 5253 2133 5314 conﬁrma-

558 5321 703 5376 tione
747 5322 982 5390 indigere
1031 5328 1334 5392 neutiquam
1366 5324 1626 5391 videatur,
1653 5325 1702 5379 id
1736 5341 1894 5380 unum
1951 5337 2132 5383 Osten-

554 5393 695 5458 dam,
725 5392 813 5445 ditt
848 5393 1166 5459 perdurasse
1205 5394 1472 5458 ejusmodi
1525 5397 1993 5451 consuetudinem.
2027 5400 2130 5452 Do.

553 5462 822 5533 missimus
844 5466 934 5533 vir
959 5461 1230 5533 Hubertus
1251 5464 1674 5533 Deuveglieatus
1701 5467 1979 5533 Senensis,
2009 5485 2131 5524 cum

551 5531 790 5608 vivebat,
833 5532 899 5586 ad
943 5545 1028 5586 tne
1058 5531 1464 5608 misitdiploma
1492 5535 1707 5588 llenrici
1768 5535 1831 5608 Vl
1865 5531 2026 5606 regis.
2078 5551 2133 5594 et

550 5602 688 5650 inter
745 5611 1096 5674 imperatores
1149 5603 1343 5669 quinti,
1401 5602 1452 5656 iu
1487 5619 1615 5674 quo
1671 5602 2021 5674 prtecipitur,
2062 5625 2130 5665 ne

551 5670 840 5735 monachos
867 5673 1034 5724 sancti
1063 5672 1357 5728 Salvatoris
1387 5673 1454 5728 de
1481 5670 1721 5742 lttsula,'t
1746 5670 2030 5746 pra-suntet
2061 5681 2154 5735 ad'

2255 1813 2378 1867 dem
2435 1816 2590 1879 scita,
2626 1831 2854 1885 quantm
2899 1820 3218 1875 vocabulum
3264 1836 3350 1877 est
3395 1823 3568 1880 Monte
3607 1828 3764 1898 Longa,

2252 1919 2374 1958 cum
2400 1905 2646 1959 omnibus
2673 1906 3104 1976 adjacentiisgvel.
3121 1913 3435 1980 appenditiis
3454 1916 3514 1970 ad
3546 1917 3643 1985 ipsa
3666 1921 3766 1972 silva

2254 1992 2336 2046 vel
2369 1992 2434 2046 ad
2469 1995 2591 2058 ipsa;
2617 2005 2769 2050 curto
2794 1996 3177 2067 aspicientibus
3198 2003 3288 2056 vel
3317 2007 3668 2069 pertinentibus
3689 2010 3768 2064 ibi-

2252 2084 2396 2146 dem,
2429 2099 2532 2138 una
2567 2099 2688 2139 cum
2737 2089 2916 2154 terris,
2947 2089 3213 2160 munibus,
3244 2094 3475 2158 ediﬁtiis,
3524 2101 3764 2167 mancipiis,

2255 2173 2448 2237 vineis,
2483 2176 2708 2242 eatttpis,
2742 2178 3194 2248 pratis,.paacuis,
3247 2188 3419 2254 aqua,
3457 2202 3766 2259 aquarumque

2251 2263 2588 2335 decursibus,
2633 2267 3004 2325 mobilibus-et
3033 2272 3414 2342 immobilibus,
3453 2284 3611 2333 omnia
3653 2291 3764 2335 etet

2251 2355 2538 2420 omnibus,
2567 2369 2640 2410 ut.
2664 2360 2926 2425 diximus,
2958 2361 3213 2430 quidquid
3245 2365 3310 2422 ad
3341 2371 3551 2422 eandem
3581 2374 3765 2426 loreitat

2253 2444 2350 2498 \el-
2378 2456 2586 2502 curtetn
2619 2456 2858 2502 nostram
2885 2451 3130 2516 aspicere
3157 2454 3455 2519 videbatur,
3512 2461 3765 2527 plenissima

2253 2538 2520 2592 voluntate
2546 2554 2591 2592 a.
2625 2539 2989 2609 diepresente
3021 2545 3362 2603 indulsimus.
3427 2549 3651 2605 Similiter
3689 2553 3764 2605 ad-

2245 2627 2521 2699 iungimus
2567 2647 2618 2686 ar
2651 2635 2860 2702 pre-fato
2908 2642 3246 2694 monasterio
3307 2642 3584 2698 Ebobiense
3625 2647 3760 2712 alpei

2251 2721 2502 2789 aliquant,
2533 2737 2641 2791 quo
2669 2737 2887 2778 vocatur
2913 2727 2978 2779 ad
3007 2727 3270 2794 Montem,
3308 2731 3552 2800 incipiens
3573 2734 3688 2787 enini
3708 2736 3759 2788 de

2249 2814 2366 2866 rivo
2389 2813 2457 2868 de
2497 2812 2860 2881 CasaNeteri,
2891 2820 3193 2874 ascendens
3217 2837 3316 2889 per
3341 2826 3613 2877 costamin.
3643 2841 3758 2877 suni-

2251 2905 2444 2962 mitate
2461 2905 2690 2962 Guehari
2741 2910 2961 2964 minoris
3009 2925 3176 2978 super
3211 2915 3473 2985 Casalegri
3509 2917 3682 2984 integra
3702 2919 3774 2968 ria

2251 3001 2612 3066 pet-transiens
2643 3002 3261 3070 vcrsuslncerasiolam,
3311 3007 3397 3061 ubi
3441 3008 3652 3062 Danciola
3679 3023 3756 3060 vo-

2247 3100 2418 3155 catur,
2468 3107 2578 3161 quo
2624 3095 2884 3148 terminus
2935 3094 3391 3166 linis-estz.aqtia
3442 3099 3558 3153 inde
3587 3101 3764 3154 descen-

2221 3185 2407 3240 dente
2463 3185 2513 3240 iu
2568 3185 2752 3255 Caput-
2804 3187 3048 3246 Sirtaritn
3080 3204 3256 3255 usnue
3304 3192 3368 3244 ad
3398 3207 3653 3246 marezex.
3687 3192 3767 3242 alio

2248 3276 2411 3330 latere
2437 3275 2636 3330 habens
2648 3278 2823 3330 rivum
2856 3279 3502 3336 linalem—descendetem
3527 3283 3588 3337 de
3608 3285 3764 3336 Monte-

2249 3363 2406 3432 lnugn
2433 3365 2722 3421 intrantem
2757 3369 2808 3420 in
2843 3384 3025 3433 mare,
3059 3372 3404 3440 iungitur-que
3429 3375 3606 3430 abhinc
3628 3375 3763 3428 linis-a

2249 3468 2398 3525 petra
2450 3459 2641 3514 Coriee
2693 3477 2788 3528 per
2813 3463 3173 3519 summitatem
3205 3468 3370 3523 Ceste
3410 3469 3459 3522 in
3489 3470 3558 3521 via
3584 3469 3763 3537 publica,

2245 3546 2429 3616 ibique
2504 3549 2791 3604 terminum
2866 3562 3008 3616 stat,
3067 3554 3453 3627 descenditque
3506 3573 3588 3626 per
3641 3558 3762 3611 linem

2242 3637 2439 3691 montis
2469 3637 2683 3694 Petroni
2725 3655 2817 3709 per
2855 3656 3116 3698 summam
3146 3659 3353 3702 costam
3385 3664 3414 3701 ιι
3445 3649 3651 3703 vallicula
3682 3660 3764 3713 que

2244 3742 2581 3800 nuncupatur
2629 3734 3005 3802 Castanetum,
3053 3737 3408 3796 deseeitdens-
3435 3742 3486 3795 in
3533 3742 3648 3795 viam
3684 3751 3764 3807 ulte

2241 3823 2419 3877 educit
2468 3823 2534 3878 ad
2581 3836 2782 3894 petram
2815 3829 2988 3883 Corici
3016 3830 3169 3898 juxta
3199 3845 3434 3890 montem
3477 3836 3526 3888 in
3554 3837 3762 3890 Nausea.

2239 3913 2487 3984 caditque
2518 3915 2569 3969 in
2595 3915 2753 3970 aliain
2804 3919 3270 3990 viampublicam,
3303 3941 3405 3992 que
3451 3923 3577 3976 vadit
3599 3923 3654 3975 ad
3687 3923 3764 3974 ϋηο

2239 4005 2571 4073 stellionem,
2605 4007 2835 4078 indeque
2858 4013 3088 4079 repricat
3115 4027 3178 4068 se
3201 4016 3258 4068 in
3289 4017 3765 4085 stream-intactos-

2241 4103 2354 4149 tem
2384 4095 2678 4154 iucerrice
2699 4123 2702 4125 ·
2726 4100 3033 4171 insignitum
3063 4118 3249 4173 cruce,
3292 4118 3344 4162 et
3373 4107 3631 4177 pertransit
3674 4119 3764 4158 ver-

2243 4204 2361 4245 sum
2396 4190 2448 4245 in
2481 4192 2639 4247 linem
2667 4197 2836 4249 sancti
2870 4193 3148 4253 Michaelis
3179 4213 3462 4258 exeuntem
3489 4204 3550 4255 de
3591 4199 3763 4254 ﬂumine

2244 4282 2494 4340 Petrurio
2515 4284 2579 4336 ad
2613 4283 2745 4338 lines
2773 4286 2968 4341 montis
3002 4289 3447 4348 llarimannorum
3462 4309 3605 4364 super
3623 4292 3760 4346 illive-

2244 4383 2374 4438 tum,
2422 4377 2560 4442 quod
2593 4384 2671 4429 est
2716 4379 2796 4431 via
2831 4378 3039 4446 publica
3077 4382 3228 4448 juxta
3272 4400 3504 4441 mentem
3535 4401 3614 4454 per
3653 4384 3760 4440 Catt-

2230 4448 2424 4519 'netum
2454 4461 2622 4535 usqaé
2667 4484 2695 4520 a
2729 4469 2906 4524 Pirum
2936 4483 3222 4542 agrestem.
3271 4476 3342 4530 Et
3366 4448 3547 4532 earu-
3568 4477 3652 4532 hec
3671 4489 3760 4528 oat-

2247 4558 2333 4611 nia
2365 4572 2458 4624 per
2489 4559 2599 4612 hoc.
2635 4569 2814 4616 nostre
2842 4566 3174 4619 auctoritatis
3204 4569 3573 4637 pragmaticum
3619 4569 3759 4622 dona-

2245 4664 2362 4702 mus
2392 4659 2550 4718 atque
2581 4652 2926 4709 concedimus
2958 4662 3190 4712 tenentia
3231 4662 3405 4730 capite
3434 4679 3530 4717 uno
3554 4663 3598 4717 in
3625 4674 3759 4723 mare,

2241 4746 2297 4793 et
2350 4738 2455 4794 alio
2498 4742 2673 4810 capite
2723 4757 2752 4796 a
2833 4745 2966 4800 lines
3036 4747 3500 4818 llarimannorum,
3561 4754 3620 4807 de
3681 4765 3762 4805 uno

2239 4916 2429 4996 placita
2476 4917 2714 4996 trahere,
2756 4919 2839 4996 vel
2871 4921 3210 4996 distringere,
3267 4937 3358 4980 aut
3401 4928 3635 4996 judicare,
3683 4924 3760 4978 nisi

2241 4987 2292 5038 iu
2327 4995 2504 5066 nostra
2527 4989 2797 5066 imperiali
2814 4987 3120 5066 pra-sentis.
3156 5017 3175 5046 ι
3197 4987 3287 5050 Ἰιτι
3318 4987 3431 5066 ε]υέ
3458 5001 3582 5051 illius
3607 4987 3652 5050 et
3669 5009 3760 5048 suc-

2237 5068 2421 5132 cessqr
2452 5055 2832 5132 Fridericusll'
2885 5064 3158 5132 privilegia
3205 5055 3759 5124 coiili'i'iiianstiiomste-

2239 5127 2321 5203 ri_o_
2372 5124 2772 5203 Yangadiciensi
2828 5124 2895 5184 ad
2927 5124 3163 5188 Athesim
3203 5153 3422 5200 parvum
3463 5143 3575 5203 situ,
3607 5151 3755 5190 mona-

2237 5195 2354 5275 chis
2387 5197 2622 5275 indulget
2651 5216 2672 5249 ι
2703 5210 2759 5251 ιιι
2781 5202 2933 5275 nulli
2969 5205 3098 5257 indc-
3140 5195 3460 5275 respuunture
3504 5195 3753 5264 teneantur,

2241 5266 2532 5346 nisi_nobis
2556 5279 2662 5346 aut
2672 5281 2818 5324 certe
2849 5273 3012 5326 misso
3040 5266 3245 5338 nostro,
3277 5280 3341 5331 ad
3376 5281 3476 5332 bne
3495 5277 3755 5346 specialiter

2235 5337 2526 5391 destinato.
2567 5357 2584 5388 ι
2623 5337 2861 5393 Fuerunt
2914 5352 3071 5415 etiam
3105 5337 3341 5414 tempora
3373 5337 3551 5415 quibus
3573 5351 3755 5413 impera-

2239 5415 2382 5460 tores
2411 5415 2466 5460 et
2501 5423 2655 5477 reges
2684 5424 2872 5465 causas
2900 5414 3204 5470 criininales
3243 5419 3345 5471 sibi
3395 5414 3693 5472 reservarunt
3713 5415 3751 5465 in

2235 5490 2517 5556 sacrorum
2539 5479 2814 5556 immittunt
2836 5485 3074 5538 castellis
3101 5496 3152 5539 et
3176 5490 3340 5556 agris.

2309 5545 2338 5586 δ
2400 5545 2741 5630 Desideratur
2766 5553 2842 5630 __i_n
2884 5556 3110 5630 eaet-dio
3152 5545 3336 5630 titulus
3382 5556 3752 5630 primaint!!!-

2236 5621 2609 5691 uorum,_quod
2648 5618 2713 5691 iu
2730 5621 2848 5674 aliis
2889 5625 3272 5691 diplomatibus
3300 5618 3536 5684 occurrit.
3561 5625 3654 5681 Sed
3688 5623 3750 5691 ni_-

2236 5685 2331 5741 ltili
2363 5685 2636 5744 faciendus
2665 5689 2752 5744 hic
2797 5685 3056 5751 delectus.
3100 5699 3340 5754 Nondum
3367 5702 3502 5753 enim
3529 5710 3650 5750 anno
3670 5689 3748 5745 721
3827 5746 3840 5764 ,
