4034 6182
292 359 423 416 IOOI

289 478 451 530 latere
522 468 867 539 Greganiam,
943 474 998 520 et

291 566 467 632 longo,
532 571 634 613 una
695 571 797 611 con
856 566 1064 621 pascuis
1115 549 1227 604 suis
1281 557 1442 616 atque
1497 542 1761 597 curtiforis
1813 548 1865 592 et

290 630 502 708 olivetis
530 667 546 713 ;
572 648 709 702 sicut
758 644 824 698 ad
868 642 1116 698 Eduardo
1161 651 1404 708 posseSSu
1442 636 1607 689 luisse
1636 630 1866 686 dinosci-

294 755 401 798 tur.
429 742 721 808 Propterea
756 752 847 804 per
874 735 1011 789 hanc
1041 730 1440 801 preceptionem
1466 735 1701 781 nostram
1724 723 1868 790 jubeo

292 848 430 898 mus,
470 841 528 886 ut
578 829 755 882 nullus
792 824 1047 896 quislibet
1090 823 1157 876 ab
1208 821 1463 874 hodierna
1510 818 1600 870 die
1630 830 1690 867 ex
1738 812 1873 881 judi-

292 927 458 981 ciaria
513 930 795 990 potestate,
827 927 919 971 aut
944 916 1195 986 quislibet
1249 926 1472 982 persona
1506 908 1713 977 prefato
1760 920 1873 957 mo-

288 1016 529 1073 nasterio
585 1013 804 1079 suisque
833 1005 1132 1065 rectoribus
1179 1004 1246 1057 de
1276 1003 1385 1071 ipsa
1442 1000 1643 1054 foreste
1699 1006 1753 1049 et
1804 992 1875 1046 de

290 1119 442 1163 certe
490 1102 793 1172 supradicta
825 1114 921 1153 seu
976 1096 1137 1152 etiam
1172 1096 1291 1163 alpe
1344 1089 1735 1160 prenominata,
1790 1085 1875 1139 in-

291 1199 533 1268 quietare
556 1205 646 1247 aut
676 1190 998 1246 calumniam
1030 1200 1291 1256 generare
1319 1191 1619 1252 presumat;
1654 1179 1749 1234 sed
1780 1179 1873 1233 ab—

292 1289 390 1342 bas
414 1284 647 1352 prefatus
673 1279 1063 1343 Guinebaldus,
1091 1276 1282 1343 suique
1319 1286 1682 1351 successores,
1709 1269 1877 1323 deno-

294 1380 523 1430 minatas
545 1385 633 1427 res
665 1377 882 1425 teneant
907 1381 1027 1420 cum
1062 1364 1383 1433 integritate,
1411 1363 1548 1416 sicut
1584 1360 1660 1414 de
1682 1358 1878 1426 palatio

294 1478 552 1535 possessa
587 1469 730 1527 sunt,
764 1469 950 1513 tenere
985 1470 1048 1510 ac
1073 1455 1421 1510 deuoininare
1451 1454 1532 1506 vel
1566 1466 1755 1521 regere
1784 1452 1879 1505 de-

293 1560 477 1618 beant,
508 1562 564 1608 et
592 1549 847 1622 quidquid
877 1563 909 1603 a
954 1546 1163 1616 prefato
1187 1544 1297 1615 jam
1345 1544 1491 1599 dicto
1545 1542 1877 1597 Monasterio

292 1660 395 1714 pro
421 1643 683 1699 mercedis
737 1649 920 1694 nostre
947 1649 1258 1707 augmento,
1290 1634 1378 1689 vel
1426 1648 1522 1703 pro
1578 1632 1879 1687 Iuminariis

288 1734 539 1802 ejusdem
566 1729 794 1785 ccelesie
823 1726 999 1783 facere
1026 1724 1305 1796 elegerint,
1341 1724 1568 1780 liberum
1602 1724 1880 1792 perfruan-

642 350 870 409 CODEX
914 341 1439 404 DIPLOMATICUS.
1483 369 1553 380 —
1594 330 2010 392 PRIVILEGIA.
2039 359 2105 370 —-
2143 326 2389 382 Plll\'ll..
2435 323 2567 378 Plill
2612 320 2880 377 PARTES
2920 296 3193 375 ITALLE.

1073 463 1140 517 de
1216 461 1384 515 altero
1454 457 1620 510 latere
1664 452 1946 507 Monte-A

3416 319 3551 374 180?.

2045 445 2156 500 Sub
2177 443 2262 497 die
2290 442 2466 495 Nonas
2485 439 2686 501 Iunias,
2719 448 2858 490 anno
2884 444 3147 488 scsto.....
3181 431 3331 501 regni
3359 434 3551 487 nostri.

2042 540 2232 591 Actum
2276 533 2492 601 Papiam
2523 531 2815 595 civitatem,
2851 528 2903 580 in
2938 526 3030 580 Dei
3059 526 3275 581 nomine
3304 524 3554 581 feliciter.

2045 627 2309 683 Enrichus
2339 623 2645 693 recognovit
2674 631 2727 676 et
2748 619 2916 676 dedit.

1975 837 1999 862 ⁸
2033 828 2219 880 Charta
2240 826 2530 880 donationis
2555 826 2795 878 bonorum
2822 823 3082 885 immanis,
3107 837 3139 874 a
3169 820 3354 875 Carolo
3373 820 3563 890 Magno

2046 905 2199 967 [actin
2230 896 2598 950 Nonantulano
2630 894 2977 967 monasterio,
3000 894 3209 964 ejusque
3252 891 3423 945 abbati
3459 894 3566 945 An-

2047 963 2203 1022 selmo
2232 966 2391 1037 (circa
2413 982 2605 1018 annum
2630 963 2780 1031 774).

2471 1065 2564 1130 (Ex
2608 1064 2888 1126 Iluratorio,
2928 1064 3072 1126 ibid.)

2051 1161 2367 1216 Veneravile
2386 1159 2613 1215 cenobio
2626 1168 2931 1212 sanctorum
2959 1158 3325 1224 apostolorum
3374 1159 3480 1214 sito
3514 1160 3567 1214 in

1978 1265 2155 1308 rastro
2199 1253 2501 1308 Nonantule
2542 1250 2801 1307 territorii
2851 1248 3188 1314 Mutinensis,
3222 1249 3308 1304 ubi
3338 1251 3570 1305 domuos

1981 1343 2453 1398 Anselmus........
2486 1341 2639 1394 nobis
2688 1338 2913 1394 Karolus
2962 1354 3087 1410 rege
3134 1339 3461 1395 Francorum
3512 1350 3570 1395 et

1980 1436 2334 1491 Saxio........
2363 1442 2417 1487 et
2445 1431 2943 1501 Longobardorum,
2977 1445 3083 1484 una
3111 1446 3235 1485 cum
3286 1431 3573 1501 Norlepcr-

1982 1536 2069 1580 tus
2114 1524 2245 1589 dux,
2275 1524 2485 1589 damus,
2540 1519 2807 1589 simulque
2841 1516 3115 1574 oiferimus
3162 1520 3339 1574 omnia
3392 1529 3573 1573 nostra

1980 1624 2253 1682 cortvs,et
2281 1615 2473 1670 donica
2498 1613 2549 1667 in
2574 1610 2831 1667 comitatu
2865 1610 3182 1677 Fossolauo,
3221 1612 3274 1664 in
3317 1611 3573 1665 comitatu

1986 1707 2332 1771 Pistoriense,
2364 1713 2526 1774 atque
2550 1704 2601 1757 in
2630 1701 2887 1756 comitatu
2911 1700 3177 1765 Lucardo,
3208 1699 3267 1754 et'
3311 1699 3364 1752 in
3406 1701 3577 1753 comi-

295 1838 385 1881 tur
409 1824 713 1881 arbitrium.
748 1822 812 1875 Et
833 1831 889 1874 ut
914 1820 1013 1874 hee
1042 1818 1334 1873 auctoritas
1366 1816 1570 1870 lli-mior
1596 1804 1878 1882 habeatur,

2005 1810 2097 1852 .altl
2129 1799 2395 1864 Lucense,
2417 1804 2469 1849 et
2495 1794 2547 1848 in
2577 1793 2835 1848 comitatu
2892 1790 3184 1858 Rigenses,
3215 1799 3374 1857 atque
3404 1790 3457 1843 iu
3485 1804 3575 1843 co-

296 1917 382 1973 vel
425 1914 621 1970 nostris
652 1910 846 1966 futuris
897 1908 1226 1979 temporibus
1279 1906 1469 1960 melius
1499 1914 1877 1968 conservetur,

294 2021 463 2064 manu
492 2003 706 2074 prppria
732 2002 918 2056 subter
944 2013 1061 2053 eam
1083 1997 1423 2052 decrevimus
1450 1997 1729 2051 roborarc.

364 2097 589 2167 Signum
617 2095 659 2162 ἰ’
687 2104 875 2149 manus
910 2088 1125 2145 Charoli
1154 2086 1531 2157 gloriosissimi
1575 2086 1737 2155 regis.

295 2272 525 2329 Carolus
570 2268 831 2339 ejusmodi
891 2265 1122 2339 titulum
1168 2277 1430 2339 usurpare
1480 2270 1758 2339 eruperat,
1786 2262 1889 2339 _uti

294 2344 550 2409 exerupla
589 2331 619 2392 ii
657 2337 962 2409 bIabillonio
992 2334 1248 2409 producta
1278 2336 1413 2409 satis
1442 2332 1750 2409 ostendunt.
1785 2331 1888 2385 Po-

296 2416 410 2468 tius
442 2402 581 2465 notae
610 2402 1007 2477 chronologicie'
1043 2405 1313 2473 negotium
1366 2402 1889 2477 facessaot.‘Actuin

296 2482 551 2552 Diploma
577 2478 770 2552 dicitur
785 2472 1202 2552 _Pa'piic,_anno__
1220 2483 1507 2552 sexto._.....
1538 2472 1682 2543 regni
1705 2475 1889 2526 nostri.

298 2544 578 2618 Einicham
608 2550 756 2619 regni
785 2544 1034 2619 Francici
1061 2544 1320 2599 exhibere
1345 2544 1431 2599 hic
1458 2552 1636 2619 potest
1657 2557 1685 2596 a
1719 2553 1893 2619 morte

298 2612 519 2691 Pippiui
569 2612 756 2689 patris.
790 2617 984 2691 Verum
1025 2629 1130 2691 cur
1158 2629 1264 2691 non
1309 2623 1365 2667 et
1409 2616 1554 2691 regni
1589 2612 1895 2691 Langobar.

299 2681 423 2746 dici'
439 2694 498 2744 lit
524 2681 749 2754 mentio,
778 2702 902 2741 cum
925 2685 1097 2754 Ticini
1115 2684 1372 2751 scriptum
1399 2681 1637 2750 diploma
1662 2681 1890 2744 dicatur,

293 2774 355 2818 ct
385 2762 614 2817 Carolus
653 2753 979 2812 inseribatur
1024 2753 1486 2823 Langobardorum
1526 2768 1740 2823 quoque
1767 2754 1896 2808 rex?

296 2839 557 2888 Attamen
578 2836 632 2884 et
653 2827 739 2882 hic
766 2825 1114 2893 respondeas,
1141 2824 1342 2879 lacunae
1372 2824 1705 2893 interposita:
1735 2836 1893 2877 eausa

300 2904 633 2956 subductum
663 2897 819 2952 nobis
842 2892 1004 2950 fuisse
1026 2909 1225 2951 annum
1250 2895 1481 2962 primum
1515 2892 1661 2961 regni
1687 2892 1896 2961 Lango-

295 2971 538 3026 bardici.
586 2966 694 3024 Sed
724 2969 989 3021 insuetum
1034 2974 1117 3019 est
1146 2964 1276 3018 illud
1305 2965 1509 3034 signum
1552 2979 1734 3034 inaniis
1762 2963 1896 3017 Cha-

298 3042 431 3107 roli,
464 3054 587 3094 cum
617 3039 668 3091 in
700 3037 820 3107 aliis
868 3035 1255 3107 Diplomatibus
1302 3032 1504 3107 signum
1550 3032 1896 3107 Caroli_tan-

300 3099 589 3167 tummodo
610 3106 907 3170 scribatur;
935 3099 992 3161 et
1019 3104 1261 3169 Carolus,
1286 3099 1391 3157 no'n
1430 3102 1687 3158 Charolus
1716 3099 1895 3156 Fran-

297 3196 489 3237 corum
526 3189 572 3234 et
616 3176 1106 3246 Langobardorum;
1140 3187 1244 3228 non
1293 3171 1651 3246 Franchorum
1677 3172 1888 3246 ct_Lon-

298 3252 655 3322 gobardorum
700 3244 754 3302 in
798 3246 919 3322 aliis
969 3252 1237 3322 occurrat.
1281 3244 1414 3322 Cum
1466 3244 1782 3322 tamen__liic
1826 3244 1895 3322 de

298 3313 856 3389 apographoiagatur,
891 3316 1027 3389 levia
1068 3314 1322 3389 haze_ur_ii
1356 3313 1896 3389 librariotribuenda

298 3382 585 3446 vidénttir.
629 3382 890 3442 Praeterea
940 3386 995 3439 iti
1026 3382 1399 3455 vetustissimis
1436 3384 1636 3439 chartis
1665 3384 1768 3438 vidi
1797 3399 1897 3455 ego

301 3461 582 3515 interdum
613 3456 1071 3528 Langobardorum
1117 3464 1174 3528 et
1190 3453 1567 3528 Langobardia
1608 3453 1894 3523 scriptum.

301 3529 673 3595 Quamobrem
711 3523 831 3580 fidei
861 3525 1063 3580 chartae
1112 3523 1272 3594 hujus
1298 3523 1585 3580 detrahere
1614 3540 1713 3594 ego
1760 3540 1898 3580 nou-

303 3603 439 3653 duin
485 3598 679 3652 ausim.
722 3598 928 3652 Interea
975 3608 1073 3649 nos
1119 3596 1185 3647 ad
1239 3608 1436 3648 annum
1489 3595 1595 3648 774
1641 3596 1898 3651 habemus

303 3668 683 3725 Guinibaldunt
712 3668 939 3719 abbatem
974 3663 1295 3736 Bobiensem,
1337 3680 1496 3733 quem
1529 3665 1803 3736 Ugliellius
1844 3668 1898 3722 iu

302 3741 557 3807 episcop.
592 3737 923 3800 Bobiensib.,
969 3745 1103 3807 tum.
1137 3733 1201 3807 IV
1233 3734 1350 3807 Ital.
1382 3733 1668 3807 Sacran'et
1711 3736 1899 3791 Malui-

305 3805 516 3864 Ionius'
558 3812 611 3862 in
661 3807 911 3860 Aunalib.
985 3805 1344 3860 lleuedictiuis
1393 3805 1728 3873 ignorarunt.
1781 3806 1900 3873 Quo

305 3889 561 3945 tempore
588 3879 773 3931 urbem
798 3874 1133 3929 Ticineusem
1165 3874 1334 3945 victor
1376 3875 1597 3930 Carolus
1627 3878 1901 3945 ingressus

304 3943 502 4009 fuerit,
552 3947 910 4015 investigabat
942 3946 1129 4013 I’agius
1172 3946 1222 3997 in
1249 3943 1434 3999 Critic.
1471 3946 1665 4002 Baron.
1689 3943 1769 3998 'ad
1800 3961 1898 3999 au-

305 4035 443 4074 tium
484 4019 611 4081 ΤΗ,
642 4014 800 4085 atque
822 4014 873 4067 id
903 4016 1146 4070 evenisse
1169 4029 1234 4067 eo
1260 4029 1399 4068 anno
1422 4024 1532 4084 post
1550 4016 1684 4069 diem
1707 4031 1902 4085 nonum

304 4088 509 4142 mensis
551 4084 816 4149 Maiiﬂed
835 4097 954 4138 ante
983 4084 1234 4138 decisum
1276 4085 1480 4137 tertium
1509 4088 1695 4139 mensis
1730 4084 1897 4151 Junii,

307 4166 473 4214 recte
501 4157 712 4210 statuit.
767 4156 1049 4225 I’rOpiurcs
1091 4168 1257 4222 scopo
1285 4156 1517 4222 diploma
1567 4156 1705 4209 istud
1751 4156 1899 4225 (dum

308 4229 616 4297 legitimum
643 4225 809 4297 fctum
839 4226 1319 4297 agnoscee‘velis)
1359 4238 1455 4277 nos
1479 4225 1626 4297 facit,
1659 4226 1927 4280 iudicans-

306 4294 571 4353 Cairolnrn
617 4296 707 4351 illa
732 4294 842 4364 jam
892 4296 1024 4349 urbe
1056 4294 1277 4361 potitum
1318 4302 1443 4348 ante
1475 4294 1655 4349 Nonas
1694 4296 1899 4350 Junius.

306 4367 440 4423 Vidi
464 4367 626 4421 etiam
658 4367 713 4420 in
745 4366 997 4419 Lucensis
1024 4364 1429 4432 archiepiscopii
1453 4366 1711 4420 tabulario
1741 4367 1901 4421 char-

308 4450 428 4492 tam
454 4446 727 4506 exaratam
766 4454 785 4486 ι
821 4445 1079 4504 regnante
1106 4434 1312 4506 domno
1332 4444 1515 4506 nostro
1556 4434 1751 4491 Carulo
1779 4450 1903 4506 gra-

307 4514 393 4562 tia
424 4506 516 4562 Dei
548 4521 637 4560 rex
672 4504 995 4560 Francorum
1025 4513 1079 4557 et
1118 4504 1610 4572 Langobardorum,
1650 4521 1713 4560 ac
1737 4504 1898 4574 patri-

308 4578 440 4632 cius
484 4576 871 4633 Romanorum.
906 4588 1047 4627 anno
1087 4574 1239 4641 regni
1289 4575 1426 4640 ejus,
1457 4589 1564 4641 quo
1595 4574 1905 4643 Langobar-

308 4648 466 4701 diam
501 4645 670 4711 cepit,
698 4646 961 4713 vigesimo
989 4643 1197 4711 quinto,
1221 4651 1280 4713 et
1306 4643 1549 4713 lilioejus
1575 4645 1776 4700 domno
1807 4662 1907 4698 no-

308 4728 438 4770 stro
479 4710 704 4784 l‘ip’pino
734 4710 879 4783 roga,
914 4727 1055 4766 anno
1084 4710 1232 4784 regni
1282 4712 1400 4784 ejus
1452 4710 1642 4767 octavo
1672 4715 1908 4779 decimo,

308 4802 369 4841 iv
427 4781 816 4847 Idus'Junias,
862 4784 1152 4837 indictione
1189 4781 1241 4835 ϐ.
1284 4783 1621 4837 Manifesnim
1661 4793 1746 4840 est
1783 4787 1912 4839 mihi

309 4855 611 4923 Atripaldo
648 4854 951 4924 presbitero
982 4854 1091 4906 lilio
1128 4853 1396 4922 quondam
1442 4855 1653 4922 Ilaperti
1695 4856 1913 4910 deloco

311 4926 527 4989 Bucca,
575 4929 698 4995 quia
746 4939 840 4992 per
893 4924 1020 4976 baut
1072 4925 1275 4976 cartula
1314 4940 1409 4992 pro
1457 4925 1691 4978 remedio
1738 4929 1914 4979 anime

312 5010 449 5050 inee
480 4995 573 5049 tali
598 4994 810 5058 Ordine,
839 5004 898 5048 ut
922 4994 1106 5047 subter
1135 4996 1449 5059 decrevere,
1478 4995 1673 5050 offerre
1701 4997 1914 5062 previdi

310 5068 465 5132 Deo,
487 5077 539 5119 et
566 5065 660 5119 tibi
687 5066 913 5119 ccclesie
946 5066 1230 5117 venerabili
1258 5065 1372 5135 viro
1389 5065 1614 5119 Joltanni
1637 5068 1912 5135 episcopo,

313 5134 617 5191 ecclesiam
654 5149 827 5190 meam
872 5137 1039 5187 sanati
1083 5134 1301 5204 Quirici,
1330 5137 1575 5190 editicata
1607 5152 1635 5189 a
1682 5134 1916 5204 parenti-

315 5210 433 5260 bus
459 5208 594 5260 meis
624 5207 675 5259 in
723 5207 1086 5274 suprascripto
1117 5205 1235 5257 loco
1267 5203 1463 5271 Rocca,
1516 5221 1619 5259 una
1666 5203 1785 5258 cum
1825 5222 1917 5261 ca-

314 5282 429 5339 sis,
458 5284 566 5345 etc.
609 5292 629 5329 ›
670 5277 878 5345 Scripta
923 5274 1021 5328 fuit
1067 5274 1251 5345 charta
1285 5287 1425 5329 anno
1450 5274 1648 5345 Christi
1677 5274 1804 5340 798,
1828 5277 1917 5331 die

320 5347 403 5416 10
451 5343 616 5416 Junii.
665 5343 808 5416 Ergo
855 5345 1045 5400 eodem
1088 5346 1185 5416 die
1220 5344 1429 5416 decimo
1470 5344 1782 5416 Juniianno
1812 5346 1918 5400 7.74

315 5413 877 5485 Langobardiaﬁa'tque
904 5415 1037 5485 adeo
1079 5415 1225 5483 regia
1259 5413 1530 5485 Ticineusi
1558 5415 1688 5485 urbe
1717 5418 1917 5484 potitus

314 5489 443 5554 jam
474 5486 643 5539 fuerat
680 5484 904 5555 Catulus
957 5484 1196 5555 Magnus.
1240 5484 1437 5537 Contra
1482 5484 1724 5555 dubitare
1771 5489 1914 5553 licet,

323 5571 409 5608 an
470 5555 789 5610 decurrente
835 5554 974 5608 Maio
1030 5554 1227 5623 region
1281 5555 1423 5607 illam
1475 5555 1539 5607 ad
1590 5554 1915 5611 deditionem

318 5626 595 5692 coegerit,
622 5640 742 5680 cum
764 5628 815 5678 in
837 5631 1025 5679 eodem
1054 5624 1280 5679 Luceusi
1300 5624 1521 5677 archivo
1547 5624 1713 5677 altera
1737 5629 1917 5680 charta

317 5705 660 5755 asscrvetut.
704 5700 900 5763 scripti
935 5713 954 5745 ι
1002 5712 1143 5747 anno
1195 5693 1266 5745 ‘23
1320 5693 1492 5747 Caroli
1544 5695 1704 5761 regis,
1752 5705 1806 5750 et
1852 5698 1915 5750 17

323 5764 547 5832 I’ippini
577 5765 738 5835 regis,
786 5780 970 5820 mense
1002 5766 1159 5822 Maio.
1202 5763 1490 5820 indictione
1517 5765 1720 5835 quinta,
1759 5784 1777 5819 i
1813 5769 1916 5824 boc

702 5861 974 5921 ιἈτιιοι.
1007 5860 1248 5922 XCVII.

1989 1891 2172 1945 miratu
2196 1886 2444 1944 Senensi.
2476 1885 2531 1940 In
2560 1884 2746 1954 primis
2774 1882 2953 1936 omnia
2983 1880 3053 1935 do
3073 1894 3173 1949 ego
3207 1881 3440 1949 dompno
3468 1880 3575 1934 Ca-

1994 1983 2142 2037 rolus
2169 1981 2277 2034 duo
2302 1978 2528 2050 gualdos
2558 1991 2674 2031 mea
2702 1974 2889 2029 donica
2921 1974 2971 2028 in
2999 1973 3254 2029 comitatu
3283 1971 3576 2029 Fossolano

1990 2085 2149 2140 super
2179 2071 2504 2124 lluvio.......
2529 2066 2771 2138 jacentcs
2805 2079 2925 2120 cum
2963 2063 3219 2120 ecclesias
3259 2077 3406 2131 suas,
3439 2064 3581 2119 idest

1992 2262 2074 2308 est
2096 2265 2238 2303 anno
2258 2247 2454 2303 Chriin
2487 2246 2611 2301 797.
2636 2245 2784 2314 Quod
2812 2252 2865 2298 ct
2898 2244 2948 2298 in
2981 2243 3101 2297 aliis
3133 2242 3251 2314 ejus
3281 2242 3378 2314 aevi
3420 2242 3581 2314 char-

1995 2325 2083 2385 tis,
2113 2336 2179 2375 ac
2232 2321 2496 2387 prmi-iptio
2555 2311 3411 2387 Langobardicisanimadverti,
3459 2311 3579 2387 dies

1995 2383 2197 2447 mensis
2224 2383 2442 2444 minime
2472 2383 2759 2441 adnotaius
2797 2393 2900 2441 est.
2931 2384 3011 2439 Ad
3058 2384 3173 2438 haec
3214 2384 3266 2437 in
3307 2383 3581 2437 chartario

1995 2460 2306 2518 monasterii
2351 2457 2678 2513 Veronensis
2731 2455 2905 2512 sancti
2959 2453 3194 2510 Zenonis
3260 2466 3581 2522 pergameua

1995 2532 2128 2586 mihi
2170 2530 2283 2584 visa
2323 2540 2427 2594 est,
2459 2530 2658 2597 scripta
2694 2544 2713 2579 ι
2761 2535 3031 2597 regnante
3045 2520 3461 2597 donino'nostro
3481 2520 3582 2576 Ca-

1995 2603 2113 2657 rolo
2152 2590 2611 2656 excellentissimo
2662 2612 2787 2665 rege
2824 2590 2892 2651 'in
2945 2595 3090 2650 Italia
3139 2607 3293 2665 anno
3326 2590 3582 2665 septimo.

1996 2671 2199 2727 mensis
2226 2669 2403 2739 Magii,
2452 2685 2547 2737 per
2576 2662 2867 2739 indictione
2902 2666 2957 2730 3,
2990 2666 3233 2739 feliciter.
3268 2662 3584 2739 Dulcissinta

1997 2745 2172 2811 adque
2198 2734 2835 2811 amantissima_mibi,_et
2860 2750 2983 2791 cum
3008 2734 3587 2811 omni_ho_nor_e_nomi-

1996 2801 2172 2866 nanda
2196 2818 2249 2864 et
2270 2809 2443 2864 felicia
2467 2809 2644 2877 puella
2685 2807 2806 2877 tilia
2854 2821 2977 2861 mea
3004 2818 3121 2877 ego_
3136 2804 3298 2877 Folia
3338 2801 3585 2877 Clericus

1998 2882 2138 2937 illius
2167 2880 2304 2935 bone
2333 2872 2592 2933 memorie
2617 2875 2870 2941 Johanni,
2901 2886 3008 2931 etc.
3034 2872 3059 2925 ἰ
3085 2873 3143 2929 Ei
3178 2873 3344 2928 multa
3392 2872 3582 2929 donat.

1998 2952 2183 3021 Itaque
2196 2957 2420 3004 exarata
2436 2947 2537 3021 fuit
2554 2948 2739 3021 charta
2754 2946 3006 3021 illa_anno
3022 2943 3216 3021 Christi
3233 2942 3363 3008 780,
3385 2957 3453 2997 ex
3474 2958 3584 3021 qua

1998 3013 2110 3077 uti'
2141 3035 2208 3075 ex
2280 3032 2441 3088 supra
2497 3017 2748 3088 indicata,
2811 3015 3025 3088 elucere
3077 3013 3587 3088 videturmondum

2003 3105 2188 3146 mense
2257 3081 2393 3144 Maio
2463 3088 2585 3143 anni
2641 3086 2770 3153 774,
2810 3084 3073 3156 cpocbam
3128 3081 3588 3155 Langobardicam

1919 3139 1969 3204 C
1997 3139 2187 3216 caui
2212 3139 2386 3226 big—oi
2441 3139 2721 3213 suum
2755 3139 3002 3227 suae.

2069 3258 2098 3289 ι
2127 3248 2379 3318 Quisquis
2392 3250 2635 3303 chartam
2656 3247 2795 3303 hanc
2816 3243 3331 3318 legerit,animoqne
3380 3244 3590 3300 intento

1999 3316 2435 3381 consideraverit.
2463 3329 2555 3373 aut
2585 3321 2842 3373 continuo
2863 3333 2979 3373 eam
2997 3318 3062 3371 ad
3080 3316 3380 3383 apocrypha
3403 3330 3560 3369 aman
3577 3345 3591 3354 -

1999 3393 2113 3457 det,
2151 3401 2243 3446 aut
2285 3403 2483 3459 anceps
2524 3389 2826 3458 dubiusque
2864 3389 2916 3459 in
2964 3390 3085 3457 ejus
3132 3384 3590 3459 contemplatione

1999 3454 2243 3517 considat
2264 3454 2500 3530 oportet.
2523 3460 2589 3513 Et
2628 3454 2754 3525 ego'
2777 3457 2931 3530 haesi,
2961 3454 3123 3526 atque
3165 3454 3345 3530 adhuc
3383 3455 3587 3511 haereo.

2002 3532 2187 3587 Fidem
2211 3524 2346 3600 pen'e
2374 3530 2585 3585 excedit
2629 3524 2774 3584 tanta
2810 3524 3373 3600 bonoruiii,‘villarum
3422 3535 3588 3596 atque

2001 3593 2346 3658 ecclesiarum
2377 3600 2589 3666 ell’nsio,
2623 3613 2730 3653 uno
2752 3607 2942 3655 tenore
2965 3613 3029 3652 ac
3059 3595 3145 3666 die
3172 3593 3308 3666 facta
3342 3596 3395 3650 in
3421 3593 3589 3651 unum

2004 3675 2252 3728 abbatem
2292 3664 3033 3741 unumquemonasterium1
3080 3664 3280 3741 Deinde
3316 3666 3457 3741 nulla
3505 3677 3592 3722 est

2001 3744 2202 3797 chartae
2232 3743 2355 3795 huic
2385 3737 2621 3810 germani
2654 3739 2962 3810 diplomatis
3008 3738 3208 3799 facins;
3263 3746 3319 3790 et
3358 3737 3589 3810 quisque

2002 3815 2170 3875 novit,
2198 3808 2611 3881 quihus'verbis,
2636 3821 2690 3864 et
2721 3809 2968 3881 formulis
3010 3821 3183 3877 reges,
3206 3814 3369 3881 atque
3416 3808 3587 3871 impe-

2003 3877 2550 3937 ratores'donationes
2579 3896 2642 3935 ac
2682 3878 2949 3947 privilegia
2980 3891 3073 3930 sua
3124 3877 3408 3942 concipere
3453 3891 3589 3947 con-

2004 3962 2247 4007 suerunt.
2276 3952 2450 4005 Mirari
2483 3950 2642 4005 etiam
2666 3944 2851 4003 subeat
2874 3944 2970 4001 cur
2994 3960 3116 4000 sese
3143 3960 3263 4000 eum
3294 3961 3419 4012 rege
3444 3944 3588 3999 Nor-

2004 4033 2223 4092 tepertus
2254 4024 2361 4075 dua:
2409 4021 2705 4092 iininiscest
2765 4022 2816 4073 in
2864 4015 3125 4092 ejusmodi
3172 4015 3459 4071 donatione
3512 4015 3589 4069 fa-

2009 4086 2218 4146 cii-uda.
2248 4093 2369 4145 Ilazc
2401 4088 2642 4156 profecto
2671 4098 2830 4158 atque
2858 4089 2983 4152 alia,
3004 4086 3197 4158 fateor,
3218 4099 3588 4158 nluquumltlc

2005 4162 2169 4216 tuenti
2208 4155 2646 4224 observabantur,
2674 4155 2791 4212 rnin
2843 4161 3081 4212 chartam
3122 4155 3405 4222 descripsi,
3430 4159 3586 4224 cujus

2004 4233 2358 4286 autnciiticam
2387 4231 2643 4297 originem
2676 4237 2927 4296 pnestare
2956 4234 3102 4282 certe
3132 4227 3256 4279 nolo
3276 4265 3293 4297 ,
3326 4227 3418 4280 sed
3464 4245 3586 4291 qua:

2005 4318 2118 4355 mea
2150 4302 2220 4354 sit
2249 4304 2315 4354 de
2341 4299 2427 4353 illa
2457 4296 2634 4366 opinio
2674 4309 2879 4353 tantum
2926 4311 3216 4364 esponere.
3274 4296 3580 4365 Suppositi-

2007 4373 2132 4425 tium
2167 4372 2329 4424 fetum
2373 4368 2644 4423 afﬁrmare
2691 4385 2796 4422 non
2846 4372 3014 4422 ausim
3058 4384 3069 4420 :
3104 4367 3149 4420 si
3192 4366 3332 4420 enim
3380 4367 3587 4434 antiqui

2013 4441 2257 4495 monachi
2286 4439 2518 4493 animum
2550 4439 2876 4507 adjecissent
2901 4439 2965 4491 ad
2996 4436 3399 4504 conlingettdatn
3450 4438 3587 4507 adeo

2016 4512 2348 4578 inagnilicaiu
2380 4506 2744 4574 donationem,
2771 4510 2927 4579 longe
2958 4509 3130 4579 minus
3154 4512 3425 4574 negotium
3457 4506 3588 4562 fuis-

2010 4592 2093 4635 set
2116 4579 2348 4648 diploma
2377 4579 2729 4646 comminisci,
2756 4578 2883 4632 cum
2906 4588 2959 4633 et
2988 4578 3087 4631 sibi
3129 4579 3193 4630 ad
3236 4592 3449 4631 manum
3495 4592 3589 4632 es-

2009 4658 2147 4707 sent.
2180 4662 2234 4703 et
2270 4649 2466 4716 ubique
2507 4648 2661 4704 facile
2710 4653 3034 4703 haberentur
3061 4648 3354 4717 diplomata
3386 4665 3413 4701 a
3444 4651 3583 4716 regi-

2013 4722 2109 4774 bus
2135 4721 2351 4779 etnissa,
2380 4733 2500 4786 qua:
2536 4720 2728 4773 imitari
2776 4723 3087 4785 potuissent.
3142 4718 3343 4773 Deinde
3400 4720 3586 4772 subsec

2011 4790 2294 4858 quentibus
2326 4791 2652 4855 temporibus
2691 4791 2831 4843 nulla
2862 4800 3206 4858 supererant,
3242 4788 3316 4841 uti
3351 4788 3584 4858 videtur,

2013 4857 2233 4927 vestigia
2280 4868 2540 4912 tantarum
2598 4875 2756 4928 opum
2806 4857 3179 4913 Nonantulano
3233 4857 3484 4928 emnobio
3532 4860 3585 4910 in

2012 4931 2202 4983 Tuscia
2232 4931 2540 4983 collatarutn
2568 4944 2583 4981 :
2611 4927 2673 4983 ac
2704 4931 2923 4998 proinde
2946 4944 3100 4998 quem
3127 4943 3312 4998 quiaaso
3340 4927 3391 4980 itt
3429 4942 3581 4980 usum

2020 5003 2329 5067 impostura:
2360 5000 2481 5051 huic
2513 4997 2857 5053 indulsissent
2886 4997 3169 5067 monachi?
3202 4997 3276 5050 Ad
3305 4997 3421 5052 haec
3466 4998 3587 5063 quis

2015 5066 2310 5122 comitatum
2337 5069 2482 5123 illum
2509 5068 2820 5134 Lucardum,
2846 5069 2913 5122 de
2936 5083 3038 5135 qua
3082 5066 3209 5119 inibi
3262 5081 3441 5120 sermo
3489 5067 3590 5119 fuit

2017 5140 2170 5204 alias,
2213 5139 2598 5208 posterioribus
2619 5140 2828 5193 stecnlis
2864 5136 3245 5208 excogitasset,
3271 5136 3486 5208 quando
3520 5150 3589 5208 ne

2016 5226 2179 5264 unum
2202 5206 2414 5277 quidem
2441 5208 2658 5262 verbum
2676 5210 2743 5261 de
2770 5209 2860 5263 illo
2882 5217 3104 5276 antiqua
3135 5206 3590 5277 bistoriagbabet?

2015 5274 2373 5347 Quamobrem
2419 5277 2591 5348 justus
2644 5277 2893 5343 Opinaiidi
2943 5274 3089 5330 locus
3147 5274 3486 5348 relinquitur,
3514 5277 3590 5332 nil

2018 5351 2254 5420 figmenti
2284 5350 2334 5420 in
2359 5347 2429 5420 ea
2448 5347 2630 5401 charta
2657 5347 2864 5420 haberi,
2897 5347 3363 5420 ipsamque‘fuisse
3416 5348 3592 5420 priva-

2019 5415 2125 5473 ta'm
2146 5417 2308 5473 veluti
2327 5419 2642 5485 scripturam
2663 5434 2690 5469 a
2715 5417 2900 5471 Carolo
2922 5432 3038 5487 rege
3061 5415 3123 5469 ac
3139 5415 3447 5484 Norteprrto
3461 5417 3592 5470 duce

2018 5488 2234 5543 factam.
2268 5488 2374 5543 Sed
2400 5501 2497 5541 cur
2539 5496 2680 5540 tanta
2730 5497 2940 5557 unoque
2986 5486 3158 5557 (pene
3180 5487 3592 5557 dixi)renorinis

2019 5561 2331 5625 insuetaque
2352 5557 2572 5610 donatio
2602 5557 2738 5611 facta
2770 5554 3144 5611 Noiiantuiauo
3164 5554 3449 5611 emnobio?
3483 5556 3589 5611 Ve-

2020 5631 2161 5682 niam
2203 5643 2233 5680 a
2269 5626 2555 5681 lectoribus
2589 5638 2733 5693 peto,
2759 5630 2801 5681 si
2833 5627 3060 5681 fortasse
3087 5626 3295 5680 facilius
3316 5641 3477 5693 quam
3498 5641 3594 5695 par

2018 5699 2088 5752 sit
2120 5699 2171 5751 in
2194 5696 2477 5764 quamdam
2508 5695 2868 5766 suspii-ionem
2910 5698 3135 5765 inclino,
3159 5711 3382 5765 eamque
3428 5699 3590 5753 etiam

2021 5763 2222 5825 referre
2253 5782 2391 5822 nunc
2419 5763 2615 5823 audeo.
2647 5768 2917 5839 Suspicor,
2945 5763 3188 5835 inquam,
3215 5763 3418 5824 tantam
3435 5763 3610 5824 Caroli

2964 5861 3042 5921 32
