4034 6182
376 277 520 334 1005

801 273 1026 330 CODEX
1069 269 1589 329 DIPLOMATICUS.
1634 267 2043 325 PRIVILEGIA.
2076 299 2144 312 —
2179 268 2402 323 Ριιινιι,
2445 268 2573 324 PER
2614 269 2885 325 PARTES
2926 270 3197 326 ITALUE.

3486 274 3625 333 1006

374 395 659 461 Leonardi,
689 403 838 450 corte
887 410 915 448 a
968 395 1168 457 Furno,
1202 404 1256 448 et
1302 402 1478 447 castro
1516 390 1741 455 Cilianu,
1788 399 1947 455 atque
1982 390 2027 448 Α
2127 386 2235 456 Ego
2270 387 2501 441 Mericbo
2528 388 2756 442 clericus
2793 398 3027 458 rogatus.

374 489 547 542 Monte
580 486 781 552 Bonici,
809 498 862 542 et
885 485 1052 540 sancti
1090 485 1230 540 Petri
1256 499 1374 539 cum
1416 493 1569 538 certe
1598 482 1868 548 Quintolo,
1897 491 1952 534 et

366 576 522 644 juxta
551 576 715 629 ﬂuvio
743 573 972 630 Collatia
1001 583 1150 629 corte
1184 572 1465 638 Dominici,
1486 580 1538 625 ct
1563 572 1733 625 sancti
1761 567 1948 623 Donati

371 676 522 721 certe
572 666 811 728 Decimo,
865 666 1016 732 plebe
1071 675 1252 718 sancte
1306 663 1695 724 Cecilie,corte
1736 658 1944 723 Penite,

372 760 527 823 plebe
576 759 771 813 Sancte
809 757 1002 820 Mario,
1042 764 1191 809 certe
1225 755 1440 817 Melete,
1473 764 1622 807 corte
1664 751 1946 814 Monacile,

370 848 709 917 Vadolongo,
742 848 971 912 Quarta,
1021 848 1174 915 plebe
1225 845 1393 900 sancti
1447 846 1611 908 Petri,
1644 843 1946 896 llabuciona

369 952 490 991 cum
518 940 719 1007 capella
747 938 916 992 sancti
948 938 1111 1003 Petri,
1128 947 1334 992 cortem
1388 937 1510 1003 Sepi
1557 950 1677 990 cum
1720 935 1944 989 ecclesia

367 1037 551 1081 sancta
594 1028 795 1094 Maria,
844 1037 992 1082 corte
1044 1027 1265 1081 Caracle
1309 1041 1428 1079 cum
1486 1026 1710 1079 ecele~ia
1761 1024 1941 1079 Sancti

366 1118 594 1181 Martini,
624 1128 771 1172 certe
814 1118 1120 1183 Casentino,
1149 1117 1428 1171 Corticella
1470 1126 1647 1169 nostra
1699 1131 1824 1178 una,
1853 1114 1941 1182 qui

364 1218 588 1263 vocatur
638 1210 810 1275 Salri,
859 1219 1008 1263 corte
1056 1208 1375 1275 Pinscinguo
1429 1221 1549 1260 cum
1597 1205 1730 1258 cella
1773 1205 1941 1257 sancti

362 1301 603 1367 Apostoli
660 1314 825 1368 prope
873 1299 1032 1353 ﬂuvio
1078 1298 1273 1353 Selice.
1324 1298 1375 1351 lu
1403 1296 1666 1349 Comitatu
1700 1296 1942 1350 Lucense

361 1402 547 1443 sancta
582 1390 739 1444 Maria
768 1404 888 1443 cum
920 1397 1068 1442 corte
1106 1388 1413 1449 Puliuacbo,
1447 1402 1539 1440 seu
1569 1398 1622 1440 et
1650 1387 1783 1439 alias
1823 1399 1941 1437 om-

364 1495 460 1533 nes
487 1490 664 1535 certes
692 1491 901 1535 nostras
929 1481 979 1534 in
1011 1481 1261 1549 predictis
1282 1480 1644 1544 comitatibus,
1666 1478 1942 1532 territorio

362 1569 554 1624 Tuscia
615 1572 665 1624 in
707 1571 900 1624 donico
951 1581 1273 1636 nostrorum,
1331 1569 1469 1637 quod
1534 1577 1778 1622 est.......
1834 1567 1941 1621 duo

360 1658 528 1712 millia
549 1657 982 1728 quingentorum.
1006 1658 1072 1712 Et
1095 1661 1138 1712 si
1161 1660 1386 1726 amplius
1407 1660 1472 1711 de
1491 1668 1673 1711 nostro
1692 1658 1936 1711 domnico

2126 476 2235 546 Ego
2264 478 2539 547 itaimpret
2579 488 2809 547 rogatus.

2125 567 2234 637 Ego
2266 568 2522 622 Aldoinus
2543 580 2776 638 rogatus.

2122 661 2232 729 Ego
2257 660 2454 730 Ioseph
2478 677 2507 715 a
2535 671 2771 730 rogatus.

2120 751 2417 807 Melcbione
2440 755 2676 807 medicus
2707 768 2736 806 a
2777 765 3009 823 rogatus.

2118 840 2278 911 Signa
2311 842 2350 911 -ξ-
2371 843 2410 912 -ι-
2434 841 2473 912 οι-
2493 842 2614 911 1-de
2640 845 2965 898 contesdbus
3003 843 3313 911 Warnifret,
3344 847 3614 912 Artornus,

2046 932 2601 1004 Mecltois,.lnsepltns,
2625 935 2885 1001 Stravins,
2909 937 3141 1003 Aripret,
3158 937 3450 1002 Johanncs,
3482 937 3618 993 Pau-

2048 1023 2204 1091 linus,
2237 1024 2514 1091 Basingus,
2539 1024 2585 1078 Μ
2604 1040 2737 1087 ειη-ο,
2771 1025 2907 1090 Leo,
2931 1024 3221 1096 Gumperto
3243 1069 3257 1093 ,
3293 1027 3614 1097 Stamperto,

2044 1114 2267 1181 Stabile,
2299 1114 2375 1169 Da
2405 1116 2556 1180 Villa,
2587 1114 2846 1169 Vanielei.

2788 1250 2872 1305 iV.

2042 1364 2283 1436 Diploma
2311 1384 2410 1436 quo
2432 1367 2644 1422 Carolus
2668 1366 2886 1437 Magnus
2908 1370 3209 1422 monasterio
3232 1376 3258 1405 ι
3288 1369 3616 1423 νιιΙιατησηδὶ

2143 1438 2376 1508 ᾳιιωάαηι
2405 1439 2668 1508 privilegia
2688 1455 2747 1491 ac
2758 1444 2885 1506 jura
2913 1439 3144 1493 concedit
3172 1442 3333 1507 (anno
3355 1438 3506 1508 774).

2364 1551 2456 1613 (Ex
2488 1551 2767 1611 Inratorio,
2792 1552 2966 1613 Script.
2991 1564 3090 1601 rer.
3115 1552 3289 1614 Italic.)

2111 1656 2329 1710 Carolus
2353 1655 2516 1725 gratia
2540 1655 2628 1710 Dei
2657 1672 2749 1710 rex
2781 1655 3127 1720 Francorum,
3150 1666 3203 1709 et
3236 1655 3611 1723 Longobardo—

360 1749 560 1805 invene
587 1751 640 1804 in
671 1754 861 1820 pagina
895 1753 993 1805 ista
1026 1763 1331 1819 permaneat
1354 1766 1454 1804 una
1497 1765 1618 1804 cum
1641 1751 1814 1803 onmia
1840 1764 1933 1801 ca-
1969 1725 2009 1783 Β
2042 1762 2178 1810 rum,
2218 1754 2376 1814 atque
2414 1747 2664 1809 patricius
2716 1744 3106 1813 Romanorum,
3126 1747 3374 1801 omnibus
3403 1750 3613 1815 episco—

361 1840 557 1907 pidalia
586 1853 641 1896 et
666 1842 963 1901 censoaria,
986 1855 1084 1895 seu
1104 1851 1158 1895 et
1187 1840 1389 1894 decima
1420 1842 1507 1909 qui
1524 1841 1588 1893 ad
1609 1842 1746 1908 ipsas
1762 1849 1937 1893 cortes

360 1931 614 1999 pertinet,
645 1942 702 1986 ut
729 1932 800 1986 sit
828 1931 881 1986 in
910 1932 1052 1986 victo
1078 1945 1431 2002 pauperorum
1466 1942 1621 2001 atque
1647 1932 1936 1985 monacho-

361 2036 478 2074 rum
506 2036 603 2090 pro
628 2021 970 2076 veneratione
992 2021 1197 2089 religia,
1230 2030 1285 2076 et
1323 2037 1389 2076 ne
1415 2023 1635 2075 subeant
1677 2022 1774 2088 ipsi
1822 2036 1940 2074 mo-

360 2109 540 2174 nachi,
575 2110 655 2164 vel
687 2110 1009 2164 monasterio
1049 2110 1151 2164 nisi
1180 2110 1246 2163 ad
1280 2110 1571 2165 Ecelesiam
1618 2111 1933 2165 ttonnauam.

356 2202 546 2254 Umnia
591 2203 734 2269 ipsas
779 2210 956 2255 cortes
1000 2215 1121 2254 cum
1171 2201 1468 2269 adjacentia
1519 2212 1571 2255 et
1617 2201 1937 2269 pertinentia

354 2306 477 2353 sua,
508 2305 602 2344 seu
625 2306 745 2344 cum
779 2292 1110 2360 appendiciis
1140 2292 1253 2346 suis
1282 2301 1481 2361 quanto
1501 2291 1567 2345 ad
1598 2302 1805 2345 nostras
1833 2306 1940 2346 cor-

358 2394 442 2438 tes
495 2384 796 2452 depertinet
843 2383 977 2438 inl‘ra
1024 2384 1188 2452 ipsius
1236 2384 1599 2447 comitatibus,
1631 2382 1789 2435 tantis
1837 2395 1938 2435 una

351 2488 477 2528 cuin
507 2476 679 2528 selvas
701 2475 767 2528 ad
800 2474 941 2543 ipsas
982 2475 1381 2544 depertinentes
1411 2486 1515 2528 una
1561 2489 1679 2528 cum
1730 2472 1941 2527 olivetis

353 2574 412 2618 et
441 2565 653 2629 vinetis,
684 2564 937 2628 arbustis,
960 2565 1239 2619 arboribus
1270 2563 1562 2634 pomiferis.
1587 2562 1941 2617 lructil'eriset

352 2653 701 2709 iulrnctileris
751 2655 1081 2722 diversisque
1126 2654 1433 2723 generibus,
1460 2652 1580 2722 jura
1630 2651 1936 2717 ﬂuviorum,

352 2743 446 2811 qui
474 2741 709 2797 decurrit
731 2758 824 2811 per
852 2743 921 2798 de
950 2743 1093 2811 ipsos
1118 2742 1423 2807 comitatos,
1458 2741 1666 2808 alpibus
1694 2750 1747 2793 et
1787 2740 1935 2795 colli-

354 2835 476 2896 bus,
505 2834 682 2888 omnia
713 2847 743 2887 a
769 2834 867 2888 sibi
901 2833 1218 2900 pertinentia
1244 2842 1300 2886 et
1326 2832 1625 2900 adjacentia
1676 2830 1729 2883 itt
1781 2829 1936 2884 inte-

349 2944 530 2996 grum.
556 2928 622 2981 Et
649 2926 692 2980 si
712 2926 800 2995 qui
847 2926 915 2981 de
960 2925 1262 2979 hominibus
1314 2926 1402 2992 qui
1455 2933 1705 2992 precepts
1756 2932 1936 2978 nostra

353 3018 669 3089 neglexerit,
689 3018 986 3072 vel.........
1017 3017 1244 3083 daverit,
1277 3015 1333 3071 tit
1362 3018 1460 3070 sibi
1489 3031 1620 3085 peoa
1660 3017 1931 3085 composi-

355 3119 476 3162 tura
506 3109 641 3161 bona
670 3106 787 3177 ejus
817 3107 1134 3176 publicctur,
1174 3118 1226 3160 et
1280 3107 1332 3160 in
1377 3106 1537 3161 exilio
1577 3106 1929 3162 mitteremus.

354 3200 503 3255 llanc
525 3215 654 3255 vero
684 3198 925 3269 paginam
966 3201 1195 3255 Artuiuo
1226 3199 1434 3254 notario
1456 3215 1487 3254 a
1532 3199 1769 3255 scrivere
1818 3202 1932 3256 tolli

310 3273 321 3284 ’
350 3305 407 3349 et
432 3293 710 3347 robariada
739 3306 838 3347 con
865 3291 1086 3347 testibus
1115 3291 1305 3347 tradita
1335 3289 1597 3359 complevi
1627 3298 1683 3344 et
1708 3291 1929 3347 absolsi.

429 3503 454 3529 ι
487 3491 857 3547 anturnensis
889 3491 1196 3545 monasterii
1226 3491 1369 3545 initia
1393 3492 1470 3546 sic
1498 3502 1678 3545 narrat
1702 3492 1929 3546 Chroni-

350 3579 456 3618 cou
486 3564 743 3618 Farsense
794 3580 809 3614 :
865 3578 885 3612 ι
943 3561 1230 3617 Crescente
1275 3563 1453 3629 itaque
1509 3563 1739 3617 nominis
1790 3566 1929 3617 tanta

351 3637 523 3689 Sancti
556 3633 773 3686 Tltomaa
804 3633 1009 3685 abbatis
1040 3629 1376 3703 [Farl‘ensis],
1406 3643 1459 3686 et
1488 3631 1645 3700 hujus
1682 3632 1932 3687 substan-

358 3707 443 3757 liis
476 3703 781 3756 monasterii
813 3703 864 3754 in
900 3703 1193 3772 peregrinis
1222 3713 1277 3756 et
1307 3703 1601 3770 hospitibus
1631 3703 1927 3769 suscipien-

350 3777 461 3837 dis,
485 3775 774 3827 secundum
799 3772 1010 3825 Domini
1043 3782 1385 3840 pra-ceptum,
1421 3774 1791 3825 honestissime
1811 3788 1926 3825 am-

354 3848 844 3912 pliatis,cteperunt
871 3843 1019 3895 multi
1053 3858 1114 3896 ex
1140 3844 1363 3896 diversis
1411 3843 1711 3895 nationibus
1765 3843 1924 3896 ismut

359 3914 700 3982 frequentare
728 3914 926 3975 locum,
956 3913 1034 3982 vel
1065 3912 1230 3980 gratia
1261 3912 1608 3972 visitatiottis,
1640 3912 1733 3982 vel
1767 3927 1925 3982 causa

356 3981 753 4048 hospitalitatis,
778 3984 862 4034 vel
891 3982 953 4035 ad
981 3981 1143 4037 Deum
1173 3997 1355 4036 amore
1395 3981 1759 4035 convertendi.
1811 3981 1929 4046 Quo

356 4065 597 4122 tempore
634 4054 702 4107 de
733 4054 1034 4106 Benevento
1058 4054 1316 4120 progressi
1346 4062 1468 4105 sunt
1494 4062 1600 4105 tres
1628 4052 1721 4103 viri
1769 4052 1926 4104 nobi-

357 4124 460 4186 les,
491 4135 543 4176 et
572 4124 973 4190 consanguinei,
998 4133 1216 4174 sanctus
1250 4122 1636 4190 Paltlo,~'l‘aso,
1668 4130 1726 4174 et
1771 4122 1926 4187 Tato,

354 4196 470 4261 qui,
500 4194 750 4246 smculnnt
782 4189 833 4247 et
863 4207 954 4243 sua
987 4192 1163 4245 omnia
1195 4208 1288 4258 pro
1318 4193 1528 4247 Christo
1550 4189 1928 4259 relinquentes,

356 4264 798 4331 peregrinationis
828 4263 928 4314 iter
979 4273 1401 4326 assumpserunt,
1433 4272 1489 4315 et
1517 4262 1579 4312 ad
1614 4262 1927 4327 praedictum

354 4332 531 4386 virum
557 4332 809 4398 dotnnnm
840 4331 1096 4384 Thomam
1137 4332 1220 4384 hic
1261 4339 1635 4398 pervenerunt.
1694 4333 1760 4383 At
1803 4347 1931 4384 vero

1958 3059 2007 3124 (Ξ

2043 1837 2142 1902 pis,
2172 1836 2469 1900 abbatibus,
2492 1836 2744 1901 ducibus,
2771 1837 3071 1901 comitibus,
3104 1836 3332 1899 vicariis,
3359 1838 3613 1890 domesti-

2039 1928 2117 1983 cis
2144 1938 2197 1981 et
2224 1928 2561 1993 centenariis,
2590 1928 2670 1983 vel
2697 1927 2945 1983 omnibus
2975 1928 3149 1982 missis
3177 1928 3368 1982 nostris
3398 1929 3611 1983 discur-

2040 2020 2297 2073 rentibus.
2330 2019 2593 2087 Quidquid
2618 2022 2759 2074 cnim
2788 2020 2859 2075 ob
2889 2036 3125 2075 amorem
3162 2020 3519 2075 Ecclesiarum
3555 2032 3611 2076 et

2041 2110 2268 2177 quietem
2290 2126 2564 2174 servorum
2596 2110 2687 2164 Dei
2718 2125 3050 2175 exercemus,
3077 2112 3181 2166 hoc
3227 2112 3379 2167 nobis
3423 2113 3609 2182 procul

2040 2198 2222 2263 dubio,
2254 2198 2476 2252 Domino
2502 2199 2805 2266 adjuvante,
2830 2198 2897 2253 ad
2927 2210 3178 2254 internum
3228 2202 3606 2257 beatitudinem

2042 2291 2304 2358 pertinere
2344 2291 2681 2345 conlidimus.
2733 2290 2893 2360 Igitur
2935 2292 3230 2361 comperiat
3277 2276 3603 2362 magnitudo,

2040 2394 2135 2433 seu
2160 2382 2355 2434 utilitas
2381 2390 2575 2443 vestra,
2602 2381 2830 2449 qualiter
2852 2382 3173 2436 venerabilis
3217 2385 3297 2435 vir
3353 2381 3612 2438 Probatus

2040 2472 2205 2526 abbas
2234 2471 2546 2526 monasterii
2573 2472 2713 2540 quod
2745 2481 2823 2526 est
2846 2481 3211 2526 constructum
3254 2472 3306 2526 in
3356 2473 3613 2527 uouerent

2043 2561 2363 2615 beatissima:
2394 2561 2483 2616 Dei
2511 2562 2783 2630 genitricis
2811 2577 3127 2631 semperque
3165 2562 3381 2632 virginis
3411 2563 3614 2624 Marias.

2041 2657 2182 2721 quod
2218 2664 2436 2708 vocatur
2482 2654 2791 2720 Acutianns,
2844 2654 2894 2708 in
2944 2654 3139 2708 ducam
3184 2654 3496 2724 Spoletano.
3530 2658 3612 2710 vel

2042 2744 2261 2801 fundato
2287 2746 2338 2799 in
2367 2746 2639 2800 territorio
2667 2746 2969 2810 Sabinensi,
2997 2749 3153 2801 missa
3199 2748 3455 2816 petitione
3503 2748 3608 2803 cle-

2042 2837 2256 2889 mentia:
2279 2836 2424 2904 regni
2449 2837 2640 2899 nostri,
2670 2837 2803 2889 dixit
2826 2838 3180 2905 suggerendo,
3202 2846 3259 2891 ιιι
3289 2853 3384 2905 pro
3411 2854 3633 2903 merce:

2041 2927 2123 2981 dis
2153 2937 2348 2983 nostra:
2374 2939 2657 2995 augmento
2699 2929 2871 2982 taliter
2898 2930 2968 2992 ei,
3010 2928 3095 2982 vel
3145 2930 3241 2996 ipsi
3293 2932 3617 2987 monasterio

2040 3019 2340 3074 concedere
2369 3019 2707 3083 deberemus,
2732 3019 2958 3087 qualiter
2989 3020 3099 3086 ipsa
3127 3034 3248 3073 casa
3280 3021 3370 3075 Dei
3396 3021 3495 3076 sub
3521 3024 3612 3077 tali

2040 3111 2314 3180 privilegio
2341 3125 2458 3165 esse
2485 3112 2723 3173 deberet,
2755 3111 2893 3165 sicut
2912 3123 3087 3166 cetera
3119 3114 3434 3166 monasteria
3460 3114 3488 3152 ι)
3521 3113 3611 3166 Li—

2037 3201 2350 3264 rinensium,
2369 3201 2784 3271 Agaunensinm,
2801 3210 2853 3253 et
2877 3202 3309 3266 Luxoviensium,
3328 3205 3415 3258 tibi
3438 3204 3613 3271 prisca

2038 3292 2251 3347 Patrum
2286 3292 2484 3355 Basilii,
2515 3291 2809 3357 Benedicti,
2838 3290 3178 3359 Columbani,
3210 3294 3289 3347 vel
3314 3307 3613 3349 ceterorum

2036 3496 2149 3551 lucc
2176 3495 2359 3550 dicens
2400 3493 2674 3548 abscessit.
2718 3494 2865 3548 Mane
2913 3504 3089 3547 autem
3120 3496 3277 3558 facto,
3328 3494 3464 3549 idem
3505 3495 3607 3550 dux

2035 3582 2127 3635 per
2152 3581 2278 3621 suos
2307 3567 2579 3620 miniStros
2603 3566 2669 3618 ad
2700 3579 2757 3619 se
2783 3565 3169 3631 introductum,
3205 3574 3358 3632 prout
3410 3568 3613 3619 viderat

2034 3639 2087 3690 in
2117 3637 2340 3699 visione,
2372 3637 2519 3689 illum
2548 3635 2790 3703 cognovit
2814 3651 2828 3699 ;
2882 3644 2937 3688 et
2973 3637 3227 3689 continuo
3254 3651 3351 3690 suo
3380 3636 3447 3689 de
3476 3636 3613 3690 solio

2033 3708 2283 3769 surrexit,
2309 3713 2365 3760 et
2401 3707 2544 3758 omni
2576 3706 2626 3758 in
2663 3714 2799 3759 terra
2833 3715 3096 3772 prostrato
3123 3721 3349 3773 corpore
3373 3707 3605 3760 adorans

2033 3777 2225 3831 dixitei
2249 3794 2260 3828 :
2284 3794 2302 3826 ι
2322 3776 2471 3829 Alma
2503 3776 2589 3827 Dei
2618 3772 2864 3842 genitrix,
2891 3774 3074 3838 Maria,
3099 3786 3148 3829 te
3172 3772 3297 3828 mihi
3321 3780 3417 3828 bac
3448 3789 3602 3831 nocte

2038 3865 2057 3897 ι
2101 3863 2192 3913 per
2219 3846 2475 3900 visionem
2506 3844 2781 3898 ostendit:
2828 3859 2969 3896 nunc
3014 3859 3141 3897 vero
3195 3846 3442 3914 quicquid
3499 3847 3612 3913 pla-

2039 3936 2058 3969 ι
2095 3918 2261 3969 euenit
2291 3927 2412 3978 pete
2440 3930 2467 3966 a
2501 3928 2615 3977 me;
2664 3924 2716 3966 et
2739 3928 2838 3981 ego
2860 3915 3083 3966 devotus
3123 3913 3226 3969 ture
3258 3913 3608 3968 libentissime

2038 4007 2057 4039 ε
2097 3987 2324 4039 tribuam
2346 3983 2650 4053 sanctitati.
2676 4001 2695 4034 ι
2728 3983 2902 4036 Atille
2933 3999 2953 4053 :7
2986 4000 3005 4032 t
3040 3984 3234 4047 Unam,
3265 3984 3452 4053 inquit,
3486 4000 3609 4050 par-

2040 4076 2058 4109 ι
2098 4058 2272 4109 volam
2304 4065 2493 4107 vestra:
2531 4052 2860 4106 celsitudinis
2908 4052 3087 4121 pietati
3138 4056 3341 4119 postulo
3394 4055 3608 4120 petitio-

2039 4146 2056 4178 ι
2098 4140 2215 4179 nem
2252 4142 2264 4176 :
2295 4124 2467 4177 locum
2499 4122 2778 4189 quemdam
2812 4122 2862 4174 in
2893 4124 3093 4177 batnoii
3129 4125 3397 4186 provincia
3447 4137 3610 4190 super

2018 4215 2059 4248 'l
2101 4196 2342 4246 Vulturni
2377 4194 2607 4246 ﬂuminis
2634 4194 2800 4259 ripam
2848 4191 2899 4243 in
2946 4193 3285 4246 solitudinem
3317 4194 3613 4258 redactum;

2041 4285 2061 4319 ‹
2102 4265 2189 4318 ubi
2217 4265 2267 4318 in
2299 4265 2434 4316 beati
2474 4263 2730 4319 Vincentii
2758 4263 3015 4314 honorem
3045 4263 3267 4315 habetur
3313 4266 3606 4316 oratorium

2043 4355 2062 4387 ι
2098 4344 2485 4391 constructum,
2516 4336 2764 4397 obsecro,
2799 4341 2853 4383 ιιι
2878 4332 3004 4384 mihi
3037 4333 3246 4400 pietatis
3283 4346 3471 4385 vcsmu
3505 4333 3608 4384 lar—

357 4397 932 4479 venerabilis_"l‘liom:ts
952 4417 1072 4479 cum
1094 4404 1173 4455 eis
1190 4397 1412 4479 Romam
1441 4402 1695 4479 perrexit,
1726 4415 1924 4467 eosque
1956 4419 2006 4479 ι)
2039 4427 2058 4460 ι
2097 4407 2226 4479 gitio
2251 4404 2545 4457 com-edere
2572 4397 3115 4479 dignetur,quatenus
3139 4403 3327 4479 ibidem
3356 4403 3611 4479 habitatio

357 4488 539 4526 st-cnm
576 4472 946 4539 benignissime
974 4472 1240 4534 refovens,
1273 4473 1375 4525 hnc
1404 4470 1633 4535 reduxit,
1657 4484 1705 4524 et
1738 4486 1925 4537 quam-

357 4558 517 4609 quam
541 4556 688 4596 extra
723 4558 872 4595 usum
901 4543 1057 4594 fuerit
1080 4542 1405 4607 monasterii,
1442 4549 1655 4607 prOpter
1679 4541 1923 4594 ardorem

361 4624 539 4665 tamen
577 4613 855 4666 laudabilis
875 4626 1057 4664 eorum
1080 4612 1329 4665 desiderii
1358 4613 1678 4665 intrinsecus
1705 4615 1925 4677 recepit,

356 4693 418 4737 et
469 4699 587 4736 cum
649 4682 896 4735 fratrilms
953 4682 1308 4736 eotnmttniter
1354 4682 1653 4747 participari
1699 4678 1844 4743 fecit,
1875 4694 1929 4736 et

358 4752 782 4808 Cottversatiuttis
822 4766 1059 4804 normam
1104 4752 1300 4806 docere
1330 4755 1379 4806 itt
1412 4753 1591 4819 paucis
1618 4751 1805 4804 diebus
1830 4766 1930 4805 cu-

362 4824 519 4875 ravit.
546 4823 669 4875 l’o.-t
697 4823 809 4875 haec
836 4821 902 4873 ad
933 4822 1068 4874 beati
1100 4821 1358 4876 Viueentii
1404 4821 1651 4891 martyris
1699 4821 1749 4874 in
1802 4837 1926 4890 pro-

359 4894 530 4946 vmcia
557 4892 756 4947 Santnit
787 4906 945 4959 super
971 4892 1136 4960 ripam
1165 4893 1400 4946 Vulturni
1427 4891 1659 4946 ﬂuminis
1683 4904 1925 4946 sanctum

359 4964 673 5025 oratorium,
693 4962 743 5014 in
766 4976 873 5032 quo
895 4971 1017 5032 tunc
1048 4960 1186 5014 nulla
1208 4974 1322 5015 erat
1346 4963 1599 5016 habitatio
1629 4962 1925 5027 hominum,

364 5042 561 5102 praeter
590 5030 817 5086 ferarum
850 5030 1189 5102 ltttiltttla,vel
1223 5034 1508 5102 latronum,
1535 5034 1694 5086 eundi
1731 5032 1812 5087 eis
1842 5033 1925 5085 itt-

361 5101 558 5157 tlicium
608 5103 775 5168 dedit,
812 5110 866 5155 et
917 5115 974 5156 se
1018 5101 1080 5154 ad
1113 5116 1209 5155 eos
1252 5101 1376 5155 illuc
1427 5103 1681 5155 citiesime
1732 5103 1927 5156 iturum

403 5172 628 5226 rontisit.
649 5171 760 5225 Non
792 5170 958 5225 multo
979 5182 1096 5239 post
1121 5184 1293 5224 autem
1330 5174 1409 5224 vir
1438 5171 1644 5224 Domini
1695 5171 1929 5224 Thomas

409 5252 723 5297 eneveutum
756 5240 1021 5310 profectus
1073 5250 1156 5295 est
1209 5242 1471 5306 pedester,
1501 5251 1554 5293 et
1604 5241 1668 5293 ad
1725 5244 1928 5294 curiam

365 5316 598 5383 perrexit
620 5311 804 5365 Gisuiti
829 5311 997 5383 ducis,
1022 5313 1324 5383 spectabilis
1346 5311 1468 5383 viri.
1491 5310 1639 5364 Tunc
1656 5325 1781 5364 vero
1797 5325 1927 5383 apta-

364 5379 485 5436 itam
518 5392 674 5436 nocte
701 5393 886 5435 sancta
916 5382 1004 5435 Dei
1033 5382 1254 5449 genitriv
1311 5382 1492 5446 Maria,
1529 5395 1649 5433 cunt
1706 5379 1930 5451 pra‘lato

360 5455 480 5506 viro
530 5454 833 5507 venerabile
889 5453 1112 5519 'I‘boma,
1155 5452 1325 5504 eidem
1366 5452 1484 5503 duct
1537 5466 1630 5519 per
1671 5452 1928 5504 visionem

362 5538 625 5592 apparens
656 5521 907 5590 praecepit
932 5523 1114 5592 dicens
1147 5539 1158 5574 :
1190 5539 1208 5573 t
1246 5520 1392 5584 Vide,
1422 5531 1478 5574 ut
1512 5521 1757 5590 quicquid
1802 5536 1830 5573 a
1880 5531 1931 5575 te

368 5613 388 5646 ι
429 5591 528 5648 iste
559 5593 901 5661 postulaverit
929 5591 1262 5659 l‘ercgrsuus,
1293 5592 1340 5644 ei
1372 5606 1541 5658 neque
1593 5606 1787 5660 nugare
1837 5592 1932 5644 de-

369 5683 389 5716 ι
429 5666 575 5730 beas,
604 5664 725 5734 quia
754 5663 833 5717 vir
862 5671 1076 5717 sanctus
1102 5671 1201 5729 est,
1228 5671 1283 5714 et
1322 5664 1490 5716 oiabu
1540 5676 1634 5730 pro
1676 5674 1764 5716 te:
1808 5679 1828 5713 ι
1877 5668 1933 5716 et

2040 4497 2060 4530 ‹
2097 4477 2432 4529 debeatesse
2468 4472 2800 4524 monasterii.
2849 4488 2868 4522 ι
2922 4473 3089 4537 Quam
3135 4472 3443 4540 petitionem
3501 4473 3611 4539 ipso

2032 4548 2141 4601 dux
2169 4546 2393 4599 libenter
2422 4541 2712 4609 accipiens,
2734 4542 2884 4596 hilari
2915 4542 3061 4594 vultu
3094 4543 3368 4610 respondit
3388 4544 3572 4595 dicens
3602 4559 3619 4596 :

2038 4636 2057 4668 ι
2101 4618 2260 4678 Ecce,
2286 4614 2462 4675 Pater,
2497 4616 2629 4678 ipse,
2663 4613 2728 4663 de
2756 4626 2861 4679 quo
2894 4614 3151 4678 postulas,
3198 4618 3347 4667 locus
3395 4615 3460 4665 ab
3514 4617 3610 4667 bac

2037 4706 2057 4739 ι
2098 4686 2223 4738 liora
2255 4689 2304 4738 in
2349 4693 2433 4735 tua
2462 4694 2769 4750 permaneat
2819 4692 3100 4749 patestate,
3132 4693 3185 4734 et
3236 4683 3499 4735 li-mitatis
3544 4698 3615 4735 ex

2038 4776 2057 4809 ι
2094 4771 2158 4809 eo
2182 4758 2361 4823 accipe
2391 4762 2709 4823 praeceptum
2738 4768 2750 4803 :
2784 4769 2810 4803 ,ι
2843 4752 2983 4820 quod
3011 4767 3131 4804 mox
3163 4756 3399 4805 scribere
3427 4753 3606 4816 jussit,

2036 4821 2449 4891 roboratutnque
2476 4821 2592 4890 ejus
2623 4822 2841 4874 tradidit.
2866 4825 3130 4884 potestati.
3186 4823 3439 4873 l'ra-l'atos
3482 4836 3610 4872 vero

2034 4913 2176 4950 Viros
2205 4899 2282 4947 vir
2316 4893 2776 4947 ltoiuiui'l’hotuas
2809 4908 2858 4944 ιιι
2889 4892 3108 4958 gratiam
3160 4891 3398 4957 ejusdem
3448 4905 3604 4942 revo-

2030 4968 2169 5023 cavit
2193 4967 2368 5030 ducis,
2400 4973 2453 5013 ut
2474 4978 2594 5014 cum
2625 4963 2706 5014 eis
2729 4958 3038 5013 festinanter
3057 4959 3399 5030 adeumdem
3436 4960 3607 5011 locum

2034 5038 2295 5107 pervenit,
2330 5028 2416 5107 ubi
2448 5032 2732 5107 aliquantis
2760 5028 3489 5107 demoratusdielittsntnulta
3520 5039 3614 5081 oe-

2031 5100 2109 5162 ilit
2137 5109 2215 5160 eis
2244 5103 2439 5159 monita
2468 5104 2681 5162 salutis,
2712 5108 2764 5152 et
2816 5103 2867 5151 in
2915 5112 3021 5163 quo
3078 5102 3196 5150 loco
3244 5100 3611 5159 relectorittnt,

2033 5177 2428 5233 dormitorium,
2450 5181 2609 5241 atque
2633 5170 2897 5235 IIoSpitum
2923 5172 3408 5241 susceptimtetn.et
3432 5170 3609 5241 omnia

2031 5256 2329 5317 opportuna
2362 5238 2655 5295 habitacula
2680 5248 3020 5317 .construere.
3037 5238 3317 5317 deberent,
3338 5238 3602 5291 ostendit.

2035 5307 2320 5371 l’aldonem
2347 5327 2576 5381 quoque,
2607 5307 2817 5381 qui_ltis
2857 5308 3104 5381 otnnibus
3157 5310 3336 5361 mittor
3383 5318 3519 5371 erat,
3548 5318 3606 5359 ut

2034 5393 2292 5457 praeessm
2320 5378 2426 5437 ill.s
2453 5383 2502 5433 in
2537 5378 2820 5448 regimine,
2853 5378 3032 5447 elegit.
3072 5395 3091 5428 ›
3128 5388 3233 5432 etc.

2044 5562 2054 5572 .
2103 5518 2130 5556 ι’
2164 5518 2407 5572 Omnium
2432 5514 2778 5568 celeberrima
2805 5513 3122 5582 monasteria
3160 5513 3210 5565 in
3243 5528 3407 5582 regno
3447 5512 3613 5565 Fran-

2031 5606 2238 5654 corum,
2263 5588 2433 5646 qnalia
2463 5594 2517 5637 et
2545 5587 2594 5637 itt
2629 5584 2770 5636 Italia
2810 5580 2960 5639 {uere
2994 5580 3613 5649 CasittensefNonantu-

2033 5663 2232 5726 Ianum,
2270 5656 2542 5718 Farlense,
2577 5663 2679 5707 etc.
