4034 6182
601 292 739 349 1007

1487 295 1546 350 Β.
1588 294 1839 351 CAROLI
1879 295 2092 351 MACNI
2132 293 2282 350 OPP.
2327 295 2503 352 PARS
2542 296 2584 366 1,
2625 298 2862 357 SECTIO
2902 302 2965 357 ll.

3671 283 3771 374 totis

598 411 818 465 Patrum
849 408 1030 479 regula
1061 409 1314 464 custodiri
1340 409 1548 465 videtur
1584 431 1594 464 :
1624 421 1679 466 ut
1711 413 1885 470 nullus
1901 414 2180 480 episcopo-
2207 413 2257 471 Α
2286 423 2590 469 sanctorum
2623 420 3009 473 venerabiiium
3040 418 3109 472 ob
3139 434 3366 475 amorem
3397 423 3479 479 Dei
3508 429 3674 484 nostris
3703 447 3776 486 an-

599 518 720 556 rum
753 517 850 571 pro
878 503 1142 557 electione
1168 501 1377 557 abbatis
1399 504 1666 560 dationeni
1698 506 1944 574 accipere
1967 506 2180 569 debeat,

597 603 654 649 et
682 602 995 662 potestatem
1028 609 1131 647 non
1165 594 1360 648 habeat
1387 595 1453 648 de
1484 596 1600 662 ipso
1651 596 1980 650 monasterio
2035 595 2183 649 aule-

597 683 748 737 rendi
774 697 980 747 cruces,
1011 682 1229 749 calices,
1266 691 1508 751 patenas,
1529 685 1766 753 Codices,
1785 686 1865 739 vel
1900 686 2178 752 reliquias,

597 777 680 829 vel
708 774 972 843 quaslibet
994 789 1082 829 res
1112 776 1178 828 de
1204 775 1503 830 ministerio
1550 779 1819 841 ecclesias,
1851 792 1948 832 nec
2001 777 2178 845 ipsum

598 867 981 922 monasterium
1017 881 1216 936 ponere
1241 867 1341 923 sub
1377 866 1574 922 tributo
1600 869 1898 938 principum
1952 881 2185 938 pmesra-

596 966 705 1012 tem
736 957 973 1024 haberet,
1005 973 1104 1012 nvc
1128 957 1344 1013 demum
1391 958 1666 1021 tributum,
1711 970 1803 1013 aut
1856 974 2076 1012 censum
2129 958 2184 1012 in

595 1049 905 1118 supradicto
951 1051 1279 1104 monasterio
1321 1063 1510 1104 eorum
1566 1049 1783 1118 exigere
1833 1049 2061 1113 debeat,
2089 1050 2184 1102 sed

597 1138 710 1206 ipsa
741 1152 862 1194 casa
915 1139 1032 1205 Dei,
1079 1139 1215 1194 sicut
1267 1139 1628 1207 suprascripta
1683 1140 2030 1206 monaStci-ia,
2063 1154 2184 1208 qua:

598 1228 735 1285 inl'ra
759 1245 916 1299 regna
950 1238 1130 1284 nostra
1153 1239 1297 1297 sunt,
1325 1230 1424 1285 sub
1463 1245 1530 1285 eo
1569 1230 1846 1298 privilegio
1899 1240 1951 1284 et
1998 1244 2186 1283 norma

597 1321 819 1377 Patrum
855 1323 1138 1377 consistat.
1195 1321 1363 1393 Cujus
1393 1322 1702 1392 petitionem
1736 1337 1832 1391 pro
1871 1322 2054 1376 divino
2099 1336 2187 1376 re-

597 1422 810 1483 spectu,
844 1413 925 1468 vel
951 1413 1215 1470 mercedis
1256 1426 1450 1468 nostra:
1481 1423 1764 1482 augmento
1793 1413 2059 1468 noluimus
2087 1413 2188 1467 de-

597 1519 834 1574 negare;
864 1505 955 1560 sed
979 1506 1049 1559 ob
1071 1519 1310 1559 amorem
1350 1503 1561 1558 Domini
1612 1503 1779 1559 nostri
1823 1502 1947 1558 Jesu
1989 1503 2188 1558 Christi

597 1597 674 1654 ita
703 1599 1052 1654 conlirmasse
1079 1597 1162 1653 vel
1204 1597 1272 1651 de
1319 1611 1459 1650 novo
1500 1595 1836 1651 concessisse
1863 1595 2188 1665 cognoscite.

598 1689 979 1758 "accipientes
1025 1703 1154 1760 ergo
1201 1688 1485 1758 iubemus,
1525 1696 1584 1741 ut
1638 1687 1816 1740 nullus
1867 1687 2184 1756 episcopus,

595 1781 782 1849 abbas,
811 1781 940 1848 dux,
962 1759 1266 1845 Castaldus,
1300 1780 1383 1834 vel
1413 1778 1668 1850 quislibet
1711 1778 1776 1832 de
1809 1778 2058 1834 ﬁdelibus
2089 1792 2187 1834 no-
2219 1759 2265 1821 Β

497 1924 501 1928 .
596 1869 744 1937 stris,
767 1886 860 1926 seu
880 1883 903 1910 ο
919 1871 1182 1940 iuniores,
1199 1880 1290 1925 aut
1307 1882 1648 1923 successores
1665 1867 1850 1933 vestri,
1870 1869 2186 1938 praedictum

598 1962 868 2027 abbatem,
894 1973 985 2017 aut
1016 1963 1310 2017 monachos
1338 1975 1488 2022 suos,
1511 1961 1593 2015 vel
1623 1969 1843 2030 agentes
1887 1959 2051 2028 ipsius
2092 1973 2181 2014 eos

596 2054 776 2109 clesite
802 2053 869 2108 de
899 2053 1057 2109 rebus
1085 2051 1288 2122 praefati
1329 2050 1664 2114 monasterii,
1691 2063 1812 2121 qua:
1869 2049 2066 2104 ibidem
2121 2063 2186 2104 ex

597 2143 959 2200 muniﬁcentia
991 2158 1176 2214 regum
1227 2152 1319 2197 aut
1363 2143 1688 2211 reginarum,
1723 2142 1804 2196 vel
1861 2140 1929 2197 de
1982 2140 2190 2216 collatis

598 2234 802 2303 populi,
835 2233 919 2290 vel
947 2233 1282 2304 pontiﬁcum,
1314 2234 1396 2286 vel
1429 2235 1546 2301 quae
1577 2232 1642 2286 ad
1692 2232 1866 2301 ipsum
1915 2242 2191 2286 monaste-

598 2322 740 2377 rium
774 2336 1158 2393 pervenernnt,
1186 2333 1279 2376 aut
1308 2324 1362 2378 in
1395 2332 1577 2386 antea,
1609 2324 1717 2378 Deo
1746 2323 2056 2392 adjuvante,
2081 2323 2190 2376 lar-

597 2414 704 2481 gita
740 2416 958 2479 fuerint,
976 2425 1082 2470 tam
1116 2431 1210 2484 per
1231 2415 1580 2479 venditionis,
1599 2428 1758 2484 quam
1781 2423 1836 2468 et
1857 2413 2189 2475 dooationis,

598 2521 693 2567 aut
728 2506 987 2563 cessionis
1025 2515 1077 2560 et
1101 2507 1302 2574 reliqua
1334 2505 1688 2559 instrumenta
1720 2504 2022 2559 chartarum
2047 2544 2063 2569 ,
2112 2505 2193 2558 iu-

603 2600 871 2672 quietare,
894 2606 985 2652 aut
1014 2606 1198 2650 contra
1243 2595 1472 2650 rationis
1500 2595 1742 2650 ordinem
1793 2609 2009 2664 quoquo
2057 2604 2194 2650 tein-

599 2704 735 2761 pore
763 2701 954 2758 gerere
985 2687 1360 2756 praesumatis;
1406 2686 1499 2740 sed
1535 2686 1634 2739 sub
1683 2698 1868 2740 nostro
1923 2685 2198 2757 privilegio

602 2783 788 2849 quieto
806 2779 992 2832 ordine
1016 2775 1311 2831 resideant.
1336 2774 1401 2829 Et
1423 2777 1466 2829 si
1485 2775 1808 2846 quandoque
1837 2776 2001 2831 abbas
2027 2777 2196 2846 ipsius

608 2871 923 2929 monasterii
951 2870 1017 2925 de
1041 2869 1141 2925 hac
1173 2869 1290 2924 luce
1321 2870 1656 2938 migraverit,
1685 2869 1823 2923 inter
1843 2884 1902 2924 se
1933 2869 2034 2936 ipsi
2076 2883 2194 2924 mo-

611 2967 791 3030 nachi,
816 2979 974 3035 quem
999 2962 1296 3033 digniorem
1321 2961 1623 3015 invenerint
1645 2961 1937 3015 secundum
1959 2959 2197 3030 regulam

601 3054 776 3115 sancti
806 3052 1103 3116 Benedicti,
1133 3062 1190 3107 et
1218 3051 1354 3106 sicut
1384 3065 1569 3104 eorum
1598 3050 1731 3104 ordo
1761 3048 1976 3118 edocet,
2017 3058 2074 3106 et
2113 3065 2196 3106 re-

595 3158 753 3204 ctum
772 3155 876 3215 est,
893 3144 978 3201 vel
1000 3145 1078 3199 eis
1102 3144 1152 3198 in
1183 3158 1344 3197 unum
1369 3141 1846 3209 consentientibus,
1870 3155 2032 3212 quem
2057 3157 2189 3196 una-

602 3239 824 3295 nimiter
852 3235 1116 3305 elegerint
1142 3233 1408 3288 licentiam
1453 3231 1686 3287 habeant
1732 3235 1958 3302 eligendi
2019 3233 2194 3287 Abba-

605 3339 740 3398 tem,
765 3338 820 3385 et
842 3342 1015 3395 neque
1037 3341 1066 3381 a
1097 3325 1271 3391 nobis,
1299 3340 1473 3394 neque
1501 3339 1529 3378 a
1560 3325 1961 3380 successoribus
2000 3328 2196 3381 nostris

610 3422 847 3494 regibus,
880 3422 932 3476 id
963 3421 1102 3488 quod
1135 3434 1228 3484 pro
1253 3417 1500 3472 mercede
1539 3427 1719 3470 nostra
1748 3416 2089 3483 indulsimus,
2124 3418 2197 3472 ir-

613 3524 854 3582 ruptum,
873 3520 966 3565 aut
989 3509 1320 3565 confractum
1349 3507 1633 3576 aliquando
1653 3506 1747 3573 sit,
1767 3508 1866 3563 sed
1891 3508 1958 3562 de
1983 3509 2199 3578 proprio

610 3606 831 3658 valeant
860 3616 1074 3670 semper
1098 3600 1334 3671 gaudere
1357 3598 1697 3664 patrimonio,
1721 3608 1984 3668 quatenus
2012 3599 2200 3653 melius

607 3694 843 3750 delectet
873 3692 1044 3761 ipsam
1083 3688 1563 3759 Coogregationem
1611 3697 1809 3743 sanctae
1859 3689 2060 3753 Mariae,
2106 3706 2202 3758 pro

617 3784 798 3851 nobis,
831 3785 916 3839 vel
947 3783 1235 3838 stabilitate
1259 3783 1409 3851 regni
1434 3781 1626 3845 nostri,
1655 3781 1862 3835 Domini
1890 3781 2197 3837 misericor-

605 3877 751 3932 diam
777 3874 1035 3929 attentius
1067 3871 1374 3942 deprecari.
1407 3871 1474 3924 Et
1506 3881 1559 3924 ut
1593 3871 1706 3926 haec
1767 3875 2056 3941 praeceptio
2105 3889 2204 3928 no-

609 3967 764 4032 stris,
792 3975 848 4022 et
876 3964 1068 4020 futuris
1094 3962 1426 4032 temporibus
1461 3963 1664 4016 lirmior
1688 3962 1967 4029 habeatur,
2003 3964 2081 4017 vel
2111 3980 2204 4031 per

607 4073 847 4132 tempora
889 4058 1082 4114 melius
1124 4064 1513 4119 conservetur,
1544 4070 1705 4108 manu
1760 4064 1944 4110 nostra
1991 4055 2202 4124 propria

607 4155 793 4210 subter
822 4149 1170 4216 ﬁrmavimus,
1202 4156 1255 4204 et
1285 4145 1354 4202 de
1383 4146 1544 4201 anulo
1596 4139 1795 4201 nostro.
1821 4145 2042 4214 sigillari
2089 4144 2204 4214 jus-

607 4249 798 4304 simus.

679 4341 899 4410 Signum
921 4334 1098 4390 Caroli
1125 4331 1459 4388 invictissimi
1493 4331 1658 4401 regis.

681 4429 1009 4490 Gnicbaldus
1036 4431 1102 4482 ad
1132 4425 1301 4480 vicem
1323 4424 1548 4479 llitherii
1588 4423 1900 4493 recognovi.

692 4526 880 4579 Datum
909 4521 1010 4575 sub
1029 4519 1117 4572 die
1148 4532 1239 4572 vui
1269 4515 1384 4570 Kal.
1416 4515 1543 4571 Jun.
1571 4530 1656 4569 an.
1685 4530 1754 4568 vn
1775 4525 1829 4569 ct
1851 4514 2024 4582 primo
2054 4514 2202 4582 regni

612 4618 783 4678 nostri
812 4617 991 4672 domni
1018 4617 1196 4672 Caroli
1227 4614 1599 4686 gloriosissimi
1629 4612 1790 4684 regis.
1839 4613 2026 4668 Actum
2058 4611 2208 4665 Cari-

615 4713 735 4782 lego
759 4709 960 4780 palatio
987 4707 1226 4777 publico,
1260 4706 1312 4760 in
1346 4705 1439 4760 Dei
1473 4705 1689 4759 nomine
1732 4703 1979 4758 feliciter.

1378 4816 1446 4872 ν.

717 4915 960 4988 Diploma
1005 4912 1181 4970 Caroli
1235 4912 1557 4988 Magni_pro
1606 4913 1820 4968 ecclesia
1862 4910 2103 4981 Regicnsi

1233 4985 1396 5054 (anno
1427 4983 1495 5036 78
1510 4987 1521 5035 l
1537 4986 1579 5053 ).

1041 5075 1134 5137 (Ex
1159 5073 1408 5137 Ugbellio.
1434 5071 1569 5124 italia
1588 5073 1776 5138 Sacra.)

686 5158 916 5214 Carolus
942 5157 1110 5227 gratia
1143 5155 1234 5210 Dei
1261 5170 1354 5210 rex
1389 5154 1713 5210 Francorum
1745 5165 1796 5210 et
1829 5155 2207 5224 Langobardo-

613 5265 732 5306 rum
781 5257 834 5304 et
863 5247 1107 5320 patritins
1159 5244 1550 5300 Romanorum.
1602 5245 1862 5316 Quicquid
1899 5248 2042 5303 enim
2079 5247 2209 5302 locis

692 5418 719 5446 ⁸
762 5407 838 5460 Ex
867 5403 1153 5460 collatione
1174 5403 1463 5458 multorum
1495 5405 1755 5472 locorum,
1790 5415 1898 5458 tum
1941 5409 2079 5470 apud
2118 5407 2203 5461 Bi-

623 5479 878 5548 gnonium
901 5480 954 5528 in
987 5477 1128 5548 notis
1157 5475 1220 5548 ad
1245 5473 1582 5548 Marcull'nm,
1612 5485 1719 5529 tum
1746 5477 1882 5540 apud
1918 5479 2203 5548 iCaugittm

620 5547 677 5601 in
708 5547 1002 5609 Glossario,
1037 5544 1415 5614 inlerripoteSL
1472 5546 1573 5599 hoe
1625 5548 1844 5600 nomine
1897 5544 2204 5616 designatos

620 5617 782 5671 fuisse
821 5617 1078 5671 olliciales
1135 5630 1198 5686 ar.
1247 5616 1952 5686 ministerialescomitum.
2003 5620 2205 5686 Cangio

618 5690 848 5807 jumorr‘z‘s
876 5687 966 5766 alii
997 5702 1104 5742 non
1134 5685 1300 5742 fuisse
1328 5687 1579 5742 videntur
1605 5685 1705 5742 nisi
1727 5688 1933 5756 judices
1984 5685 2204 5744 minores

621 5772 710 5807 seu
738 5774 799 5807 ne
839 5772 974 5807 anet.

621 5772 974 5830 ua‘peaanet.

2285 508 2624 577 ctoritatibus
2653 511 3058 578 conﬁrmamus,
3091 513 3374 583 denamus,
3413 531 3463 571 et
3490 522 3660 589 regiam
3683 539 3779 580 con-

2285 600 2620 654 suetudiuem
2650 617 2985 669 exerremus,
3012 613 3067 660 et
3093 607 3143 659 id
3175 607 3225 659 in
3253 619 3508 676 posterum
3535 629 3779 673 mansurum

2287 700 2408 740 esse
2453 689 2741 744 credimus.
2800 693 2964 762 Igitur
3004 697 3295 762 comperiat
3339 701 3555 755 omnium
3599 704 3779 761 lldelinm

2289 785 2596 832 nostrorum
2628 780 2912 848 industria,
2944 784 3172 852 qualiter
3201 790 3502 844 venerabilis
3527 794 3597 847 vir
3618 794 3641 832 δ
3663 797 3782 864 Apol-

2288 867 2477 923 linaris
2511 871 2767 926 Ecdesiae
2799 873 3079 944 Regiensis
3103 880 3383 948 episc0pus
3415 885 3605 951 pietatis
3632 904 3781 945 nostra

2291 959 2634 1014 clementiam
2665 963 2892 1032 adjcrit,
2939 976 2995 1018 ut
3033 982 3223 1023 omnes
3261 985 3343 1024 res
3380 973 3529 1040 ipsius
3553 979 3782 1049 episcopii,

2287 1067 2420 1122 quas
2447 1055 2777 1125 antiquitus,
2809 1059 2893 1113 vel
2928 1063 3203 1118 modernis
3235 1069 3576 1137 temporibus,
3617 1084 3704 1128 tam
3737 1078 3785 1129 de

2287 1144 2594 1202 dationibus
2624 1165 2830 1218 regum,
2867 1169 3026 1220 quam
3059 1157 3383 1225 reginarum,
3414 1173 3500 1213 Seu
3525 1164 3783 1232 reliquorum

2289 1235 2455 1290 Deum
2481 1238 2802 1304 timentium,
2831 1243 2908 1296 vel
2939 1259 3071 1308 quos
3105 1245 3155 1298 in
3185 1259 3339 1302 antra
3368 1250 3598 1315 additum,
3627 1256 3694 1308 vi-l
3717 1261 3785 1311 de-

2289 1325 2522 1398 legatum
2563 1329 2754 1395 fuerit,
2788 1333 2870 1386 vel
2903 1337 3154 1402 quiequid
3191 1338 3364 1404 just-e,
3401 1351 3452 1394 et
3477 1344 3787 1403 rationabiliter

2289 1421 2566 1488 possidere
2593 1422 2946 1494 dignoscitur,
2995 1428 3096 1480 sob
3141 1429 3482 1487 immunitatis
3525 1441 3786 1492 nostrth-

2291 1509 2438 1566 tione
2470 1525 2566 1582 per
2594 1523 2834 1569 nostram
2866 1519 3240 1574 auctoritatem
3274 1523 3510 1588 przeilicto
3539 1525 3639 1581 loco
3672 1543 3787 1584 sacro

2288 1603 2788 1660 corroboraremus.
2851 1606 3131 1674 Quatenus
3185 1611 3360 1667 nullus
3407 1614 3555 1682 judex
3602 1619 3787 1685 publicus

2291 1697 2488 1752 ibidem
2518 1713 2708 1755 causas
2736 1700 3066 1768 audiendas,
3109 1703 3196 1758 vel
3246 1704 3388 1759 troda
3425 1707 3680 1776 exigenda,
3717 1725 3789 1765 seu

2292 1791 2709 1848 mansionaticas
2730 1833 2746 1858 ,
2779 1793 2862 1848 vel
2913 1808 3122 1862 paratas
3153 1793 3420 1852 faciendas
3441 1840 3455 1864 ,
3499 1814 3585 1854 nec
3620 1800 3789 1870 ﬁdeius-

2291 1884 2477 1940 siones
2511 1885 2798 1951 tollendas,
2831 1901 3006 1954 neque
3043 1887 3181 1941 ullas
3219 1888 3580 1944 redliibitiones
3604 1892 3790 1960 publicas

2293 1977 2660 2046 requirendas,
2687 1992 2781 2033 seu
2811 1979 2971 2032 etiam
3001 1993 3095 2047 per
3119 1979 3321 2034 Padum
3343 1994 3557 2047 sursum,
3581 1983 3651 2036 vel
3675 1982 3791 2036 deor-

2293 2081 2412 2122 sum
2445 2068 2752 2138 navigando
2778 2069 3062 2138 ripaticum
3096 2070 3356 2136 tollendo,
3387 2072 3530 2126 sicuti
3555 2083 3626 2126 est
3651 2071 3792 2127 Fem-

2294 2160 2458 2224 riam,
2509 2167 2602 2213 aut
2638 2157 2968 2226 Comaclim;
3020 2160 3112 2216 ubi
3158 2163 3486 2231 supradictus
3520 2165 3646 2218 locus
3675 2177 3791 2217 sacer

2295 2248 2491 2303 salinas
2519 2249 2820 2304 dinoscitur
2845 2251 3065 2306 habere.
3095 2250 3320 2321 Insuper
3341 2253 3491 2307 etiam
3520 2255 3736 2308 retensum
3756 2254 3792 2307 in

2299 2340 2448 2395 nullo
2479 2340 2595 2394 loro
2626 2342 2916 2412 exigendo,
2947 2343 3031 2398 vel
3079 2345 3382 2411 ripaticum,
3413 2355 3498 2398 aut
3524 2347 3792 2412 portaticuni,

2299 2433 2380 2486 vel
2413 2431 2499 2486 ubi
2533 2432 2670 2487 ullus
2696 2444 2914 2489 exactor
2939 2434 3174 2504 aliquam
3203 2436 3602 2504 oppressionem,
3626 2434 3692 2488 vel
3717 2435 3794 2487 vio-

2300 2522 2521 2577 lentiam
2562 2523 2763 2579 inferre
2804 2534 3171 2593 praesumeret.
3231 2525 3367 2580 Petit
3406 2527 3555 2580 etiam
3594 2524 3794 2593 quandam

2298 2615 2505 2685 sylvain
2542 2615 2680 2684 juris
2720 2617 2884 2671 nostri
2925 2616 3080 2671 sitam
3126 2617 3180 2671 in
3223 2617 3468 2672 comitatu
3499 2617 3730 2670 Parmense
3760 2617 3795 2666 in

2303 2707 2498 2763 ﬁnibus
2528 2707 2785 2763 Bismanti
2818 2709 2868 2762 in
2903 2709 3042 2773 loco,
3075 2710 3166 2778 (ιιιί
3198 2710 3395 2764 dicitur
3420 2709 3610 2763 Lamma
3636 2707 3795 2761 Fraola-

2303 2801 2376 2852 ria
2397 2840 2412 2864 ,
2461 2804 2614 2868 enjus
2645 2799 2778 2855 ﬁnes
2809 2810 2934 2856 sunt
2961 2801 3030 2856 de
3058 2818 3166 2855 uno
3200 2802 3395 2867 latere,
3439 2817 3466 2854 a
3495 2802 3675 2855 ﬂumine
3695 2796 3796 2852 Sicle

2302 2906 2518 2945 sursum
2549 2907 2642 2960 per
2663 2903 2883 2946 stratam
2909 2907 3107 2960 usque:
3141 2892 3196 2946 in
3223 2902 3401 2947 moote
3424 2892 3644 2946 Palaredo
3659 2903 3795 2942 ascen-

2304 2983 2470 3038 dente
2515 2999 2608 3052 per
2638 2994 2860 3038 stratam
2906 2999 3074 3052 usque
3117 2986 3168 3038 in
3217 2985 3405 3038 tinibus
3434 2982 3669 3043 Tbuscize,
3706 2977 3796 3031 inde

2308 3083 2561 3142 vergente
2591 3075 2642 3129 in
2674 3082 2847 3130 rivum
2878 3076 3127 3130 Alboluin
3163 3092 3333 3144 usque
3370 3076 3433 3130 ad
3471 3074 3642 3128 ﬂumen
3666 3070 3794 3132 Siclat,

2305 3166 2429 3221 inde
2451 3181 2664 3236 quoque
2683 3165 2833 3235 juxta
2857 3166 3054 3222 Siclam
3081 3168 3333 3221 deorsum
3358 3165 3572 3233 pervenit
3597 3164 3637 3216 in
3657 3161 3796 3213 nomen

2301 3257 2541 3311 Αιιῑοιιιι.
2573 3255 2740 3327 Cujus
2768 3257 3113 3326 petitionibus
3139 3274 3238 3326 pro
3260 3257 3437 3310 divina
3457 3251 3799 3308 remanet-aliane

2303 3359 2608 3405 aunuentes
2631 3391 2649 3416 ,
2699 3365 2812 3404 sua:
2845 3349 3099 3404 Ecclesiae
3143 3353 3420 3418 prmtatam
3449 3351 3625 3416 sylvam
3652 3343 3692 3396 in
3716 3354 3800 3407 per-

2304 3453 2523 3510 petuum
2554 3441 2852 3496 habendam
2879 3442 3291 3508 concessimus;
3320 3453 3472 3510 atque
3494 3437 3656 3493 exinde
3675 3435 3710 3489 ei
3732 3434 3801 3485 lioc

2306 3533 2572 3588 lirmitalis
2600 3543 2802 3588 nostra:
2830 3543 3159 3604 prmceptum
3190 3533 3306 3588 ﬁeri
3333 3534 3586 3602 jussimus,
3609 3543 3682 3593 per
3701 3522 3799 3593 quod

2303 3624 2668 3688 decernimus,
2700 3634 2862 3692 atque
2896 3625 3209 3689 statuimus,
3247 3635 3304 3678 ut
3345 3625 3513 3678 nullus
3538 3620 3714 3688 quilibet
3745 3617 3801 3681 1η·

2304 3714 2405 3769 dex
2439 3715 2711 3786 tyrannica
2744 3723 3014 3784 potestate
3054 3717 3104 3768 in
3146 3717 3348 3780 curtis,
3396 3714 3472 3768 vel
3515 3713 3649 3765 rebus
3681 3707 3800 3774 ἱρείας

2304 3806 2600 3875 episcopii,
2632 3815 2724 3859 ant
2754 3806 2931 3860 causis
2963 3805 3270 3870 audiendis,
3305 3821 3400 3860 nec
3429 3803 3561 3858 iroda
3589 3796 3802 3867 exigenda.

2304 3912 2400 3950 seu
2433 3897 2875 3962 mansionaticas,
2907 3908 2998 3950 aut
3029 3910 3296 3966 paraucas
3328 3897 3592 3956 [κείς-ηὼς,
3621 3891 3687 3945 vel
3711 3887 3802 3940 title-

2300 3987 2574 4056 jussioues
2595 3987 2878 4054 tollendas,
2899 4003 3072 4056 neque
3095 3989 3236 4042 ullas
3260 3987 3610 4042 retributiones
3631 3979 3804 4050 [iutilius

2309 4082 2688 4150 requirendas,
2724 4081 2806 4135 vel
2850 4081 2900 4134 in
2947 4081 3179 4148 propriis
3225 4082 3465 4134 domibus
3507 4077 3801 4131 sacerdotum.

2309 4173 2390 4226 vel
2430 4172 2753 4227 clericorum
2800 4186 3020 4225 suorum
3070 4175 3432 4241 potestatire,
3479 4179 3560 4223 aut
3600 4162 3805 4236 tyrannica

2307 4263 2594 4332 aliquando
2626 4272 2896 4317 exerceat.
2953 4263 3174 4332 Insuper
3206 4264 3275 4317 de
3315 4276 3518 4315 onmem
3562 4257 3803 4326 ripaticum.

2309 4359 2428 4410 sive
2457 4358 2508 4410 in
2536 4356 2700 4422 saISo,
2730 4356 2843 4410 sive
2875 4357 2928 4411 in
2956 4357 3120 4421 dulci,
3153 4367 3316 4426 atque
3349 4356 3596 4410 telonenin
3619 4352 3660 4402 in
3681 4345 3806 4400 omni.

2188 4512 2199 4533 2
2233 4470 2288 4533 υ
2314 4449 2413 4502 bus
2441 4448 2569 4502 foris
2597 4450 2915 4516 nundinum,
2939 4465 3034 4504 seu
3062 4452 3378 4513 nataticum,
3401 4459 3485 4502 aut
3508 4443 3806 4533 poti-uiaticum

2315 4555 2460 4609 smpe
2507 4541 2665 4595 dictio
2714 4551 2919 4595 sancta:
2971 4542 3228 4598 Ecclesia:
3280 4542 3478 4611 Regen.
3525 4540 3692 4606 absque
3731 4531 3806 4583 ulla

2312 4634 2738 4690 contradictione
2785 4635 2838 4688 in
2885 4645 3202 4704 perpetuum
3236 4636 3596 4703 perdonamns.
3641 4621 3831 4704 Qumlri‘

2312 4724 2529 4794 aliquis,
2573 4725 2716 4794 quod
2763 4725 2982 4780 minime
3027 4724 3324 4792 credimus,
3357 4733 3531 4779 contra
3570 4721 3654 4774 hoc
3684 4714 3807 4769 dona-

2317 4818 2498 4882 tionis,
2543 4819 2624 4872 vcl
2673 4815 3024 4871 iininuiritatis
3069 4829 3271 4873 nostra:
3314 4819 3670 4872 firmamentum
3703 4805 3809 4859 adire

2312 4911 2678 4976 contenderit,
2711 4918 2804 4963 aut
2833 4911 3120 4979 infringere
3149 4912 3452 4975 tentaverit,
3485 4904 3666 4972 triginta
3692 4898 3810 4952 libﬂs

2313 5003 2427 5055 auri
2477 5001 2665 5070 optimi
2714 5012 2935 5056 coactus
2983 5003 3264 5070 exsolvat,
3318 5002 3631 5056 medietitem
3668 4987 3811 5061 Ρ³¹³¹ί⁰

2312 5105 2521 5159 nostro,
2556 5093 2901 5148 medietatem
2935 5093 3225 5159 Ecclesiae,
3265 5095 3349 5148 cui
3383 5093 3480 5145 vim
3510 5087 3688 5146 intulit,
3720 5087 3758 5132 el
3780 5075 3809 5126 si

2313 5202 2418 5239 non
2451 5184 2632 5254 habet,
2666 5185 2808 5239 unde
2839 5186 3109 5251 exsolvat,
3151 5186 3221 5240 de
3253 5186 3358 5239 vita
3389 5186 3664 5248 componat.
3705 5172 3753 5224 Et
3775 5173 3813 5218 ut

2313 5287 2510 5334 nostra:
2550 5278 2880 5342 donationis,
2911 5278 2994 5334 vel
3045 5277 3396 5333 imtnunitatis
3443 5272 3668 5328 indictum
3706 5273 3812 5330 ιπε-

2382 5412 2412 5452 b
2437 5411 2762 5478 Apollinaris
2791 5409 3074 5480 Regiensis
3113 5409 3398 5479 episcotms
3429 5421 3456 5460 ³
3482 5401 3653 5460 Carm“
3677 5395 3810 5480 M3592

2314 5483 2414 5537 tria
2441 5465 2703 5556 pretiosa
2757 5465 3161 5556 privilegiagad'
3211 5465 3461 5556 fax-orent
3492 5465 3811 5556 sitaefcflffﬁ

2313 5539 2512 5608 meruit
2559 5539 2844 5617 obtinere,
2898 5539 2983 5605 ubi
3035 5552 3151 5617 jura
3204 5566 3268 5605 ac
3331 5547 3548 5621 conlinia
3604 5539 3814 5621 licgjflﬁff

2313 5598 2655 5749 episcopatus
2705 5598 3074 5690 recebseutui‘,
3123 5637 3242 5692 qua:
3286 5621 3389 5676 illis
3433 5615 3639 5686 antiquis
3677 5598 3814 5659 dirimii

2314 5708 2475 5749 oossu
2499 5714 2526 5749 c
2552 5703 2642 5748 ial.

2314 5696 2642 5764 possidebat.
