4034 6182
292 351 430 410 1009

678 341 908 401 (ΣΟΟΕΧ
946 341 1472 398 DlPLOiMTlCUS.
1521 337 1944 395 PlilVILEClA.
1985 368 2038 378 —
2099 339 2346 395 l‘lilVlL.
2393 337 2525 393 PER
2571 335 2838 392 PARTES
2881 333 3155 390 lTALl/E.

3417 329 3556 390 uno

287 464 532 518 sentibus
557 503 573 527 ,
627 472 680 514 et
732 458 920 511 futuris
973 456 1300 525 tetnporibus
1349 455 1762 518 inviolabiliter,
1813 460 1868 506 et
1897 455 1945 510 Α
1977 452 2220 520 publicus
2251 451 2444 508 ibidem
2485 453 2548 504 ad
2577 461 2767 506 causas
2806 445 3122 514 audiendas,
3156 445 3238 500 vel
3267 443 3414 500 fodra
3443 447 3556 502 esi-

287 554 603 608 inandacter
627 551 881 604 intactum
906 556 1235 618 permaneat,
1258 555 1312 601 et
1333 546 1401 599 ab
1423 545 1670 598 omnibus
1692 543 1871 596 catho-

289 645 404 698 licis
434 641 744 712 diligentius
770 640 1107 702 observetur,
1158 652 1320 690 manu
1365 635 1634 689 firmitatis
1677 640 1872 686 nostra:

289 736 436 790 subl.
473 732 880 802 assignavitnus,
929 741 1090 800 atque
1130 730 1328 783 annqu
1379 725 1748 797 impressionis
1779 740 1874 780 no-

290 838 418 883 stra:
450 825 692 894 insigniri
719 823 1001 892 jussimus.

362 919 584 988 Signum
610 914 652 985 1-
678 914 851 968 Caroli
883 913 1256 982 gloriosissitni
1287 911 1440 981 regis.

361 1012 422 1064 C.
450 1009 564 1064 Jac.
590 1009 656 1061 ad
685 1008 854 1060 vicem
882 1006 1140 1061 ltadonis.

367 1123 495 1176 Data
535 1122 622 1176 die
651 1137 740 1174 vtn
782 1119 898 1172 Kal.
927 1119 1156 1184 Junias,
1201 1132 1342 1170 anno
1384 1121 1571 1199 xtn.et
1608 1128 1678 1166 vn
1723 1110 1876 1179 regni

296 1217 484 1272 nostri.
527 1219 713 1270 Actutn
748 1213 920 1283 Papia:
951 1213 1096 1267 civit.
1147 1211 1204 1266 lu
1247 1211 1340 1266 Dei
1375 1209 1592 1278 nomine
1622 1203 1878 1261 feliciter.

295 1313 491 1364 Amen.

1047 1373 1131 1428 Vl.

298 1491 536 1560 Diploma
579 1489 750 1544 Caroli
803 1487 979 1624 Magzn
1029 1502 1133 1609 pro7
1140 1483 1336 1623 80:1)dem
1380 1480 1594 1536 ecclesia
1641 1475 1884 1550 Regiensi

943 1573 1074 1609 (iuno
1240 1595 1254 1608 .

943 1573 1074 1609 (iuno
1112 1573 1254 1609 1611.

819 1691 910 1754 (Ex
943 1689 1189 1752 Ugbellio,
1221 1687 1320 1738 ibid
1333 1691 1370 1748 .)

1975 543 2184 612 gentia,
2237 552 2292 598 et
2341 543 2685 609 mansiones,
2728 542 2824 596 vel'
2851 549 3067 610 paratas
3099 539 3408 608 faciendas,
3457 553 3558 594 nec

1977 635 2319 704 fideiussores
2366 633 2674 698 tollendos,
2729 647 2902 704 neque
2952 631 3126 686 nullas
3177 629 3562 686 redhibiu'ones

1979 727 2219 798 publicas
2245 729 2598 795 requirendas
2621 726 2926 794 ingredere,
2953 739 3052 780 nec
3075 721 3564 792 exactore-penitus

1979 833 2083 872 non
2113 827 2486 883 przesnmeret.
2534 815 2702 886 Cujus
2730 815 3045 884 petitionem
3075 827 3175 884 pro
3201 811 3562 866 divino-cultu

1979 909 2244 978 denegare
2273 907 2548 962 noluimus
2572 947 2586 970 ,
2637 906 2729 960 sed
2771 905 2841 958 ita
2883 904 3202 959 electionem
3231 901 3568 956 concessisse

1979 1002 2127 1055 omni
2161 1009 2400 1066 tempore
2430 1015 2542 1054 sua:
2571 1000 2846 1064 Ecclesize,
2880 1007 3039 1064 atque
3071 996 3124 1052 in
3153 996 3406 1052 omnibus
3434 1010 3566 1050 con-

1983 1091 2225 1144 firmasse
2255 1090 2618 1158 cognoscitur.
2669 1089 2745 1143 De
2790 1097 3031 1154 ea'tero,
3079 1098 3134 1144 et
3176 1086 3399 1141 immuni
3425 1094 3568 1140 atem

1985 1191 2221 1236 nostram
2251 1181 2298 1234 ei
2329 1183 2669 1236 conscribere
2691 1180 2981 1248 iussimus,
3027 1194 3121 1247 per
3145 1194 3305 1248 quam
3337 1177 3559 1232 omnino

1981 1275 2272 1343 iubemus,
2320 1285 2380 1327 ut
2429 1274 2600 1328 nullus
2639 1273 2893 1342 quislibet
2930 1271 2997 1328 de
3029 1271 3180 1326 vobis
3206 1312 3220 1335 ,
3273 1283 3447 1340 neque
3498 1270 3570 1324 de

1983 1367 2265 1438 iudiciaria
2299 1377 2564 1435 potestate
2593 1367 2644 1420 in
2676 1367 2900 1432 chartis,
2935 1364 3032 1420 vel'
3063 1364 3223 1419 rebus
3251 1362 3421 1434 ipsius
3450 1363 3564 1432 cpi-

1987 1469 2238 1528 seoiiatus
2267 1460 2332 1512 ad
2362 1473 2552 1514 causas
2581 1457 2908 1521 audiendas,
2958 1471 3057 1511 nec
3089 1454 3238 1510 fodra
3270 1453 3578 1523 exigenda,

1989 1565 2082 1605 seu
2115 1549 2445 1616 mansiones,
2479 1558 2575 1603 aut
2605 1558 2814 1616 paratas
2845 1545 3137 1608 faciendas,
3165 1545 3242 1599 rel
3272 1543 3574 1612 lidei‘ussio,

1991 1655 2087 1694 nes
2135 1641 2433 1704 tollendas,
2485 1653 2655 1706 neque
2705 1637 2878 1693 nullas
2927 1636 3292 1692 redibtttiones
3325 1633 3568 1704 publicas

1992 1731 2341 1801 requirendas
2373 1730 2676 1801 ingredere,
2701 1744 2800 1784 nec
2826 1738 3076 1783 exactare
3101 1727 3209 1782 ullo
3235 1739 3411 1796 Imque
3435 1733 3573 1780 tem-

369 1821 590 1874 Carolus
615 1817 785 1888 gratia
821 1817 912 1870 Dei
953 1832 1048 1870 rex
1092 1814 1421 1868 Francorum
1471 1819 1526 1866 et
1573 1811 1884 1878 LODSOBM'
1913 1803 1963 1863 Β
1991 1837 2124 1893 pore
2171 1822 2472 1876 nullatenus
2519 1829 2896 1887 pnesumatur,
2944 1817 3038 1873 sed
3085 1815 3188 1872 sub
3217 1813 3574 1870 immunitatis

297 1911 529 1974 durum,
590 1923 652 1962 ac
701 1907 946 1974 patritius
993 1905 1386 1960 Romanorum.
1457 1903 1684 1958 Maxima
1737 1902 1885 1970 regni

299 2003 468 2054 nostri
503 2002 552 2053 in
587 2001 686 2052 hoc
715 2014 912 2068 augere
940 1997 1210 2052 credimus
1256 1997 1612 2058 munimenta,
1645 1993 1688 2048 si
1717 1995 1886 2048 bene-

301 2092 418 2145 ﬁcia
449 2103 771 2159 Opportuna,
803 2103 922 2158 qua!
971 2105 1067 2158 pro
1110 2089 1444 2155 compendiis
1473 2081 1756 2142 servorum
1789 2083 1888 2138 Dei

301 2182 434 2234 locis
455 2180 846 2235 venerabilibus
871 2179 1079 2246 largita,
1107 2178 1188 2232 vel
1212 2180 1511 2232 condonata
1537 2185 1683 2240 sunt,
1705 2183 1890 2228 nostro

301 2270 594 2324 munimine
641 2269 1056 2332 co;:lirttiatttus,
1101 2268 1302 2337 regiam
1349 2267 1532 2336 inquid
1573 2279 1889 2322 exercemus

299 2361 778 2419 consuettniinetn,
827 2367 882 2412 et
925 2360 1028 2412 hoc
1070 2358 1225 2412 nobis
1255 2357 1322 2410 ad
1352 2357 1650 2410 remedium
1697 2355 1890 2410 animm

303 2459 504 2503 nostra:
550 2449 602 2502 in
641 2448 731 2502 Dei
777 2448 992 2502 nomine
1035 2449 1306 2516 pertinere
1337 2443 1678 2501 confidimus.
1725 2444 1892 2512 Igitur

303 2549 637 2608 compertum
669 2540 738 2593 sit
765 2539 1000 2592 omnium
1031 2546 1328 2592 vestrorum
1360 2534 1738 2606 magnitudini,
1761 2550 1891 2602 qua-

301 2634 425 2686 liter
455 2632 778 2686 venerabilis
819 2633 899 2685 vir
940 2631 1264 2699 Apollinaris
1309 2629 1568 2684 Ecclesia:
1613 2629 1890 2698 liegieus'rs

299 2725 584 2792 episcopus
615 2739 716 2776 una
747 2739 866 2776 eutn
904 2723 1050 2778 clero
1086 2733 1140 2778 et
1170 2723 1366 2793 pepulo
1397 2723 1667 2789 praedictae
1697 2721 1890 2776 Eccle-

300 2831 397 2870 sia:
428 2815 762 2868 clementiam
793 2815 940 2882 regni
971 2815 1138 2870 nostri
1168 2814 1350 2884 petiit,
1381 2823 1438 2868 ut
1467 2815 1788 2868 electionem
1821 2829 1888 2868 ex

300 2909 450 2960 clero
481 2906 712 2977 praefata:
740 2921 853 2960 sua:
885 2905 1136 2962 Ecclesia
1167 2907 1312 2961 omni
1347 2917 1590 2974 tempore
1618 2905 1886 2961 concede-

303 3013 504 3052 remus.
555 2999 774 3066 Insuper
803 3009 857 3052 et
888 2999 1072 3066 petiit,
1120 3009 1178 3053 ut
1220 2999 1472 3052 omnibus
1519 2998 1678 3053 rebus
1725 2997 1891 3066 ipsius

302 3087 668 3158 episc0patus,
699 3102 832 3155 quas
865 3089 1125 3143 moderno
1165 3099 1407 3157 tempore
1437 3102 1544 3142 tam
1572 3089 1640 3144 de
1669 3088 1886 3142 datione

305 3193 492 3246 regum
543 3191 813 3246 quamque
863 3179 1167 3248 reginarum
1196 3218 1211 3242 ,
1261 3191 1356 3232 seu
1407 3179 1736 3247 reliquorum
1789 3178 1884 3234 Dei
1913 3147 1960 3210 Ο

307 3268 612 3322 timentium
643 3266 936 3333 hominum,
967 3269 1048 3322 vel
1072 3267 1212 3336 quod
1242 3270 1294 3322 in
1323 3278 1478 3324 antea
1509 3269 1772 3334 additum,
1799 3270 1890 3324 vel

305 3359 608 3430 delegatum
637 3359 818 3424 fuerit,
849 3367 904 3414 et
929 3359 1094 3427 iuste,
1120 3368 1176 3414 et
1202 3360 1589 3414 rationabiliter
1613 3359 1893 3430 possidere

307 3451 634 3516 dinoscitur,
663 3451 764 3507 sub
794 3451 1144 3508 immunitatis
1174 3452 1392 3508 nomine
1417 3467 1510 3522 per
1535 3462 1773 3508 nostram
1798 3469 1896 3509 au-

308 3541 614 3596 ctoritatem
641 3540 708 3594 ad
737 3541 1050 3610 praedictum
1079 3553 1324 3598 sanctum
1358 3546 1534 3598 locum
1561 3544 1892 3608 concedere,

310 3633 396 3686 vel
434 3633 753 3688 confirmare
791 3633 1130 3690 deberemus.
1181 3631 1451 3701 Quatenus
1498 3636 1679 3692 nullus
1722 3639 1892 3708 iudex

389 3821 414 3888 ἑ
447 3815 504 3870 ln
535 3825 777 3888 mentem
803 3816 1034 3888 fortasse
1062 3817 1192 3873 mibi
1225 3833 1496 3888 nunquam
1529 3819 1768 3874 venisset
1809 3833 1900 3873 su-

318 3887 514 3954 spicari
542 3888 608 3942 de
637 3885 972 3957 legitimitate
1003 3889 1223 3955 huiusce
1268 3885 1431 3954 fetus,
1465 3891 1566 3943 nisi
1600 3905 1685 3943 me
1715 3903 1898 3943 remo-

319 3967 472 4028 ratus
500 3957 690 4028 fuisset
716 3960 942 4028 modus,
974 3974 1082 4027 quo
1121 3960 1351 4028 sigillum
1392 3973 1608 4013 cereum
1655 3959 1764 4028 illic
1806 3974 1900 4028 ap-

319 4027 552 4092 positum
583 4027 702 4082 fuit.
733 4027 992 4082 Nimirum
1025 4031 1078 4082 in
1112 4027 1314 4094 pestica
1355 4037 1505 4096 parte
1545 4027 1765 4082 minime
1808 4027 1900 4083 re-

319 4113 574 4166 percussa
617 4113 682 4152 ac
723 4099 946 4152 dilatata
992 4109 1110 4153 erat
1153 4115 1322 4161 cera;
1354 4099 1448 4153 sed
1495 4113 1558 4152 ea
1601 4099 1898 4153 rationein

319 4169 609 4222 scissuram
641 4183 981 4238 pergamenzn
1010 4169 1284 4233 immissa,
1316 4177 1374 4222 ut
1407 4168 1531 4222 inde
1559 4167 1708 4222 nullo
1739 4185 1902 4236 nego-

321 4239 400 4310 ti_o
426 4239 578 4310 educi
611 4247 826 4310 posset,
857 4253 1064 4306 suoque
1093 4255 1160 4294 ex
1201 4241 1318 4293 loco
1366 4238 1524 4294 facile
1568 4239 1897 4310 elaberetur,

321 4307 424 4360 ιιίκί
467 4309 668 4361 circulo
712 4311 885 4377 ligneo"
925 4311 1348 4376 comprehensa,
1401 4310 1488 4363 Iilo
1531 4309 1698 4363 etiam
1742 4307 1898 4365 adhi-

325 4377 457 4440 bito,
491 4379 542 4431 in
573 4379 755 4432 ebarta
786 4379 1096 4432 conﬁrmata
1131 4379 1334 4434 fuisset.
1368 4379 1422 4433 ld
1455 4379 1584 4432 mibi
1627 4381 1895 4445 suspicio-

323 4463 446 4502 nem
475 4448 718 4515 ingessit,
741 4464 1052 4517 germanum
1078 4450 1334 4518 sigillum,
1358 4451 1571 4504 alittnde
1597 4461 1896 4518 sumptum,

323 4520 380 4572 in
409 4508 778 4586 pergamenam
811 4520 948 4574 hanc
976 4508 1212 4587 potuisse
1237 4521 1304 4572 ab
1321 4508 1508 4588 aliquo
1535 4508 1742 4574 inferri:
1763 4508 1896 4575 Tum
1931 4508 1977 4568 ί)

325 4597 484 4642 notas
515 4588 921 4657 chronologicas
953 4592 1005 4643 in
1037 4605 1262 4643 examen
1291 4591 1557 4642 revocavi.
1596 4592 1786 4643 Datum
1815 4603 1898 4646 est

323 4659 562 4724 diploma
591 4675 726 4710 anno
758 4662 904 4713 tertio
934 4661 1130 4713 decimo
1157 4669 1202 4714 et
1239 4660 1490 4727 septimo;
1520 4675 1638 4728 qua:
1678 4663 1897 4727 epocIt-a:

327 4739 442 4782 tum
462 4729 619 4800 regni
651 4728 974 4783 Francorum
994 4771 1008 4792 ,
1053 4741 1162 4784 ttttn
1195 4732 1342 4799 regni
1388 4731 1897 4800 Langobardorum,

325 4801 431 4852 rite
461 4799 689 4851 indicant
717 4815 911 4853 annum
943 4801 1038 4854 781
1069 4841 1084 4866 ,
1117 4816 1222 4869 quo
1266 4800 1480 4868 quidem
1510 4799 1684 4867 anno,
1716 4817 1780 4855 ac
1805 4804 1900 4858 Ju-

323 4869 422 4923 nio
470 4884 661 4940 mense
701 4883 889 4934 reapse
936 4873 1156 4925 Carolus
1201 4871 1416 4940 Magnus
1445 4871 1616 4925 Ticini
1656 4883 1898 4927 versatus

322 4948 431 4994 est.
465 4941 618 5011 Atqui
651 4939 768 5011 ipso
793 4955 937 4992 anno
966 4939 1527 4995 decurrebat'indictio.
1548 4953 1736 5011 quarta
1761 4958 1780 4996 :
1812 4944 1898 4998 bic

327 5023 460 5062 vero
490 5010 726 5077 signatur
753 5010 968 5062 indictio
996 5011 1190 5064 decima
1221 5027 1238 5074 ,'
1269 5027 1427 5078 quem
1473 5010 1716 5066 errorem
1758 5028 1896 5067 con-

324 5092 562 5146 coquere
591 5081 738 5133 nullo
770 5093 922 5146 pacto
951 5083 1144 5146 possis.
1175 5084 1252 5134 Ad
1287 5084 1402 5136 bace
1431 5083 1630 5137 diserte
1663 5085 1732 5136 ibi
1764 5088 1896 5136 srri-

325 5159 487 5220 ptum
527 5157 623 5220 est,
662 5149 1116 5220 Langobardorum
1143 5167 1162 5204 :
1193 5153 1334 5220 quod
1368 5154 1594 5218 nescio,
1638 5170 1704 5206 an
1758 5154 1898 5208 inter

326 5219 554 5290 mendas
582 5219 654 5272 sit
684 5219 1046 5290 referendum.
1086 5219 1265 5274 Dicam
1297 5231 1506 5285 tamen,
1543 5225 1596 5276 in
1628 5223 1897 5290 germanis

325 5289 482 5361 aliis,
515 5304 634 5361 qua:
667 5289 888 5346 viderim
909 5331 924 5354 ,
955 5290 1132 5346 Caroli
1171 5293 1342 5361 Magni
1371 5289 1676 5360 diplomatis
1709 5293 1894 5348 haberi

326 5359 806 5432 Langobardorum.
865 5363 1167 5432 Diplomata
1194 5359 1408 5432 inquam
1435 5359 1614 5417 Caroli
1644 5381 1656 5414 :
1692 5377 1810 5416 nam
1843 5362 1895 5417 in

325 5430 450 5504 aiiis
481 5444 722 5504 veierum
747 5436 1110 5504 monumentis
1137 5430 1508 5504 Langobardos
1547 5435 1707 5488 etiam
1752 5434 1898 5486 inve-

327 5501 464 5564 nias,
491 5502 564 5554 uti
589 5501 642 5554 in
667 5501 1050 5558 Dissertatione
1079 5519 1176 5557 ut
1201 5501 1271 5556 de
1289 5503 1442 5557 Statu
1465 5501 1636 5556 Italica
1661 5505 1892 5557 ostendi.

325 5570 532 5625 Minuta
576 5575 690 5642 inae
731 5575 888 5626 etiam
930 5574 1212 5642 diligenter
1257 5573 1727 5628 animadvertenda
1773 5588 1894 5629 es~e

325 5642 512 5694 Critica
539 5657 626 5696 ars
653 5641 821 5711 iubet.
872 5645 977 5699 Sed
1023 5641 1168 5712 quod
1231 5644 1446 5698 tandem
1495 5645 1638 5698 nulla
1685 5643 1896 5701 ratione

329 5713 568 5784 dealbari
614 5723 821 5780 potest,
861 5716 1096 5784 mihique
1136 5727 1406 5783 postremo
1447 5717 1746 5783 persuasit,
1789 5731 1893 5772 non

329 5783 400 5837 de
429 5781 686 5855 legitimo,
715 5787 811 5843 sed
859 5787 926 5843 de
967 5781 1152 5856 spurio
1199 5781 1486 5855 diplomate
1537 5786 1620 5842 bic
1669 5786 1788 5857 agi,
1831 5801 1893 5844 ea

1989 1911 2206 1966 nomine
2228 1927 2346 1965 cum
2371 1925 2561 1966 omnes
2594 1909 2755 1964 fretas
2783 1921 3068 1963 concessas
3097 1907 3278 1961 valeat
3301 1920 3569 1961 memora-

1988 2013 2074 2058 tus
2104 2004 2408 2073 episc0pus,
2434 2001 2627 2070 suique
2661 2013 3010 2055 successores
3042 1997 3299 2066 omnique
3329 2005 3574 2064 tempore

1989 2099 2154 2168 quieti
2181 2097 2384 2158 vivere,
2432 2109 2494 2150 ac
2523 2093 2797 2159 resedere,
2831 2103 3094 2163 quatenus
3126 2091 3318 2146 melius
3345 2089 3580 2146 delectet

1991 2191 2134 2259 ipsos
2157 2202 2343 2244 servos
2369 2187 2609 2250 Domini,
2633 2185 2720 2252 qui
2755 2185 2947 2239 ibidem
2977 2183 3085 2238 Deo
3108 2181 3370 2238 famulare
3391 2180 3579 2236 viden-

1992 2289 2097 2347 tur,
2148 2294 2244 2348 pro
2271 2276 2456 2340 nobis,
2507 2276 2800 2344 uxorique,
2849 2283 3032 2329 nostra
3070 2273 3232 2328 etiam
3281 2270 3433 2342 prole
3464 2270 3572 2326 Do-

1991 2372 2117 2426 mini
2158 2369 2576 2425 niiserieordiam
2614 2367 2810 2437 iugiter
2837 2375 3080 2422 exorent.
3134 2363 3200 2418 Et
3237 2372 3296 2418 nt
3323 2361 3436 2417 htec
3469 2362 3574 2416 itu-

1990 2465 2222 2520 munitas
2262 2462 2463 2516 firmior
2511 2461 2791 2523 habeatur,
2837 2468 2892 2514 et
2934 2456 3204 2510 diuturnis
3247 2453 3580 2523 temporibus
3641 2527 3646 2532 Ι

1991 2555 2181 2610 melius
2221 2561 2594 2616 censervetnr,
2637 2567 2824 2604 manus
2856 2559 3051 2603 nostra:
3087 2545 3580 2616 subscriptionibus

1991 2649 2174 2704 subter
2199 2647 2360 2702 etiam
2391 2646 2795 2710 annotavimus,
2835 2651 2892 2697 et
2919 2641 2987 2697 de
3015 2641 3186 2696 anulo.
3207 2648 3396 2696 nostro
3421 2637 3572 2710 sigib-

1992 2739 2104 2794 lare
2126 2738 2402 2808 iussimus.

2063 2829 2282 2897 Signum
2313 2826 2354 2898 -i-
2381 2825 2558 2881 Caroli
2589 2824 2958 2896 gloriosissimi
2987 2823 3150 2892 regis.

2065 2918 2356 2974 Gilibertus
2382 2917 2448 2971 ad
2479 2918 2707 2971 invicem
2737 2916 2945 2969 [iadoni
2972 2913 3300 2984 recognovi..

2065 3011 2198 3064 Data
2228 3011 2280 3064 in
2313 3023 2498 3062 mense
2523 3007 2684 3062 iunio
2709 3007 2796 3061 die
2823 3017 3014 3062 octavo
3045 3005 3098 3059 in
3127 3019 3272 3059 anno
3299 3003 3370 3057 15
3394 3012 3449 3060 et
3473 3005 3534 3062 7.

2062 3105 2253 3160 Actum
2282 3101 2459 3169 Papiae
2486 3101 2703 3156 civitate
2731 3101 2784 3154 in
2813 3099 2909 3155 Dei
2938 3098 3160 3154 nomine
3186 3097 3438 3154 feliciter.

2732 3204 2848 3261 νη.

1993 3299 2641 3382 Carolidlagniaiploma
2663 3307 2712 3382 3‘,
2742 3313 2832 3380 per
2859 3299 3008 3379 quod
3024 3297 3312 3382 Apollinari
3339 3297 3582 3382 episcopo

2067 3369 2326 3440 liegienst',
2353 3369 2568 3442 ejusque
2590 3369 2838 3442 ccclesiw,
2869 3369 3042 3424 omnia
3073 3369 3192 3439 iura
3221 3385 3283 3422 ac
3312 3369 3583 3438 privilegia

2065 3438 2332 3511 conﬁrmat
2363 3438 2520 3512 (anno
2549 3438 2701 3508 781).

2151 3555 2245 3618 (Ex
2273 3555 2556 3616 Muratorio,
2583 3553 2914 3617 Antiquitates
2937 3553 3125 3606 Italiam
3157 3555 3292 3606 med.
3314 3555 3434 3619 sev.)

2067 3639 2292 3696 Carolus
2321 3641 2487 3710 gratia
2520 3638 2616 3695 Dei
2664 3655 2758 3695 rex
2798 3640 3134 3696 Francorum.
3169 3647 3228 3696 et
3269 3639 3576 3710 Longobar-

2001 3819 2224 3874 formula
2256 3819 2468 3874 dicendi
2500 3828 2586 3876 est
2614 3838 2626 3873 :
2660 3820 2714 3872 id
2743 3821 2894 3873 nobis
2919 3821 2994 3872 ad
3011 3819 3306 3890 augustam
3329 3817 3588 3890 excellen-

2001 3891 2086 3944 tia:
2115 3890 2314 3944 culmen
2347 3890 2596 3959 proﬁcere
2621 3890 2898 3944 credimus.
2933 3889 3122 3944 Datum
3167 3899 3253 3944 est
3289 3889 3524 3956 diploma
3556 3903 3589 3944 a

2001 3961 2230 4026 Carolo,
2269 3975 2433 4028 quum
2479 3975 2580 4016 rex
2630 3961 2999 4015 tantummodo
3041 3961 3215 4020 foret.
3247 3973 3314 4013 ac
3354 3959 3582 4014 fortasse

2004 4039 2130 4084 tunc
2158 4045 2226 4084 ne
2252 4030 2522 4100 cogitabat
2545 4030 2760 4098 quidem
2787 4029 2856 4084 de
2879 4030 3145 4100 augustali
3172 4029 3433 4099 dignitate
3457 4043 3590 4100 con-

2005 4103 2296 4171 sequenda.
2330 4099 2469 4154 Fieri
2501 4115 2629 4169 ergo
2659 4117 2765 4154 non
2796 4099 2996 4171 potuit,
3031 4101 3162 4171 utris
3192 4109 3445 4171 tanquam
3489 4099 3590 4152 im-

2005 4169 2210 4240 perator
2237 4171 2566 4238 loqueretur,
2608 4185 2781 4240 neque
2821 4170 3046 4224 formam
3077 4169 3294 4240 dicendi
3335 4183 3590 4238 usurpas-

2004 4237 2114 4312 set,
2143 4237 2319 4310 quam
2339 4251 2521 4309 postea
2551 4237 2837 4312 Lotbarius
2863 4240 2880 4293 l
2902 4280 2917 4303 ,
2947 4241 3215 4312 Augustus
3243 4237 3365 4312 eius
3395 4237 3586 4308 nepos,

2003 4309 2199 4380 aliique
2231 4313 2582 4378 imperatores
2610 4309 2989 4364 adhibuerunt.
3035 4309 3112 4364 Ac
3143 4309 3367 4378 proinde
3401 4325 3588 4364 rursus

2006 4383 2187 4435 mirari
2219 4383 2362 4435 subit
2383 4394 2548 4446 ,,qnm
2578 4389 2684 4434 tam
2714 4380 2922 4434 diversa
2955 4395 2984 4432 a
3015 4381 3188 4446 primo
3216 4390 3434 4447 aspectu
3465 4395 3586 4434 sen-

2008 4453 2169 4506 tentia
2197 4453 2266 4504 de
2296 4453 2397 4508 boc
2421 4451 2710 4518 diplomate
2741 4459 2922 4504 secuta
2955 4450 3136 4504 fuerit.
3161 4451 3314 4517 Quod
3343 4449 3431 4504 ubi
3457 4464 3590 4506 eon-

2007 4525 2186 4574 fiettttn
2225 4531 2458 4585 statuas,
2492 4521 2566 4573 ttti
2597 4535 2697 4589 ego
2726 4530 2903 4574 statuo
2923 4561 2938 4584 ,
2972 4532 3122 4576 certe
3149 4521 3433 4575 dicendtun
3468 4528 3586 4584 est,

2005 4591 2428 4646 vetustissimum
2460 4589 2722 4658 eiusmodi
2757 4593 3066 4660 ﬁgmentum
3101 4607 3220 4646 esse
3250 4605 3360 4655 λεια
3399 4591 3590 4656 ιιι·ωοὶ-

2003 4678 2116 4726 pue-
2151 4676 2271 4715 cum
2304 4663 2354 4714 in
2385 4671 2534 4729 tergo
2563 4663 2888 4714 membrana:
2929 4661 3240 4716 charactere
3263 4660 3586 4731 maiuscula,

1999 4742 2054 4784 et
2091 4744 2215 4784 ante
2257 4733 2406 4800 plura
2447 4733 2639 4784 smcula
2697 4731 2978 4785 oliortuato
3026 4733 3284 4799 scriptum
3339 4734 3584 4800 legatur:

2001 4801 2240 4868 Cen/inin
2293 4803 2612 4868 epist-aputu:
2675 4801 2920 4871 Regenst's
2977 4805 3208 4866 ejusdem
3267 4801 3452 4854 Κατοιὶ
3515 4801 3588 4855 ad

1999 4874 2358 4941 Apollenarem
2401 4873 2722 4950 episcopum,
2753 4882 2800 4925 et
2839 4873 3079 4950 quicquid
3207 4871 3583 4950 ettnideiu‘epi-

1998 4937 2264 5010 scapatum
2291 4937 2506 5010 pertinet
2558 4943 2629 4994 Ex
2661 4944 2760 4996 boe
2788 4937 2978 4996 autent
2997 4942 3275 5008 privilegio
3307 4937 3582 5010 Ugltcllius

1999 5009 2306 5066 adanutnn
2340 5013 2445 5067 780
2485 5010 2697 5064 Petrum
2737 5015 3028 5081 episcopum
3069 5013 3245 5066 intulit
3282 5012 3334 5064 in
3373 5009 3579 5081 catalo-

1999 5099 2120 5150 gtnn
2147 5085 2525 5150 episcoporum
2559 5079 2994 5144 Bononiensiu'm,
3031 5082 3228 5136 oblitus
3277 5088 3458 5148 postea
3497 5079 3582 5132 al-

2001 5162 2172 5207 terum
2215 5151 2455 5218 Petrum,
2495 5153 2578 5204 hic
2630 5151 2809 5204 itidem
2863 5162 3254 5216 memoratum,
3297 5163 3584 5218 recensere

1999 5225 2140 5278 inter
2177 5217 2459 5292 episcopos
2501 5223 2851 5292 Parmenses.
2884 5220 3078 5274 Verum
3119 5217 3585 5292 tttriusqtteAPetri

1997 5290 2278 5348 existentia
2319 5290 2678 5358 e‘diplomate
2719 5291 2950 5358 pendet,
2991 5291 3076 5345 cui
3119 5291 3285 5346 fidere
3317 5290 3590 5360 'quisnant

1997 5363 2126 5417 velit
2157 5380 2262 5418 non
2295 5356 2471 5416 video.
2499 5361 2572 5414 lta
2603 5356 2942 5416 Mabillonius
2967 5361 3018 5415 in
3049 5362 3299 5416 Anualib.
3350 5356 3582 5415 Benedi-

1997 5435 2128 5488 ctin.
2160 5436 2224 5487 ad
2275 5447 2474 5486 annum
2504 5431 2604 5486 781
2659 5434 2824 5486 hocce
2861 5433 3188 5488 documento
3228 5433 3414 5494 utitur,
3460 5439 3584 5483 tan-

1997 5521 2154 5572 quam
2197 5503 2431 5574 legitimo
2469 5501 2629 5568 ftnttt,
2662 5513 2824 5574 atque
2863 5503 2932 5555 ibi
2972 5500 3266 5574 Geganium
3303 5503 3484 5574 ducem
3524 5511 3596 5552 se

1999 5569 2194 5630 vidisse
2230 5569 2331 5628 sibi
2374 5575 2670 5640 persuasit,
2699 5569 2786 5641 qui
2821 5582 2997 5627 tamen
3025 5569 3294 5626 Goeradns
3327 5572 3376 5626 in
3410 5585 3582 5641 metu-

1997 5647 2162 5700 brana
2221 5639 2538 5714 appellatur.
2589 5639 2728 5714 llinc:
2777 5649 2956 5697 autem
3001 5643 3178 5714 discas
3235 5652 3445 5714 quanta,
3479 5639 3585 5714 cir-

1996 5708 2417 5792 eiimsiieeiione,
2447 5723 2511 5792 et_
2529 5728 2686 5792 quam
2717 5712 2938 5792 intends
2965 5711 3135 5792 oculis
3159 5708 3482 5792 exploranda
3509 5708 3602 5792 sit

1996 5787 2132 5845 fides
2157 5781 2418 5845 'veterutu
2461 5781 2834 5855 diplomatuut.
2864 5783 3052 5854 Quare-
3087 5781 3132 5840 si
3177 5787 3268 5856 qui
3297 5791 3424 5841 sunt
3445 5824 3462 5854 ,
3491 5781 3602 5852 qui»
