4034 6182
610 248 740 305 1οη

1484 250 1542 303 Β.
1579 248 1827 303 CAIKOLI
1870 246 2082 301 MACNI
2123 245 2274 300 OPP.
2321 247 2496 301 PARS
2538 246 2580 309 Ι,
2618 244 2861 301 SECTIO
2903 245 2964 299 η.

3635 254 3731 313 l0l2

607 365 793 414 dmum
825 375 886 414 ac
917 360 1159 430 patritius
1188 361 1567 414 Romanorum.
1610 357 1667 412 Si
1698 358 2048 413 ecclesiarum
2082 357 2174 411 Dei
2208 364 2251 418 Α
2283 367 2550 427 praecepto
2600 359 2761 412 inseri
2811 357 3122 426 juberemus
3147 395 3163 421 ,
3212 370 3277 411 ne
3321 357 3525 417 fraudem
3561 367 3735 437 aliquam

607 454 959 507 servitus-ibus
982 453 1276 521 largitionis
1306 466 1369 505 ac
1394 451 1734 519 benignitatis
1758 450 2173 505 munificentiam

610 543 959 611 impartimur,
991 557 1282 611 eorumque
1312 543 1448 595 votis
1497 542 1510 595 l
1537 546 1722 597 benter
1756 542 2039 595 annuimus
2063 582 2078 604 ,
2123 540 2174 594 id

612 635 763 687 nobis
809 633 875 686 ad
927 634 1218 701 auguSIalis
1266 632 1602 686 excellentia:
1650 631 1863 684 culmen
1915 632 2177 699 prolicere

607 724 913 777 credimus:
960 724 1176 791 insuper
1206 721 1371 791 (quod
1414 722 1620 775 cunctis
1667 722 1948 788 pretiosius
1979 729 2062 774 est
2095 719 2178 774 di-

607 813 915 884 gnitatibus)
946 824 1158 869 aeternae
1185 812 1544 868 retributionis
1576 812 1851 880 praemium
1885 826 2176 879 capessere

609 919 715 957 non
755 902 1066 957 difﬁdimus.
1124 902 1439 957 lndustriam
1487 904 1644 971 igitur
1689 903 1924 955 omnium
1973 911 2177 956 sanctae

608 995 702 1050 Dei
741 997 977 1050 ecclesia:
1008 995 1240 1049 lidelium
1263 1034 1278 1060 ,
1331 1005 1775 1063 nostrorumque,
1827 992 2169 1060 praesentium

607 1086 810 1139 scilicet
828 1100 888 1138 ac
910 1082 1208 1139 futurorum
1233 1100 1391 1139 nosse
1416 1084 1681 1150 \olumus,
1709 1092 1910 1150 patrem
1937 1095 2175 1137 nostrum

606 1177 964 1242 Apollinarem
999 1175 1490 1230 reverentissimum
1520 1185 1719 1228 saneta:
1763 1173 2041 1241 [tegiensis
2084 1188 2178 1227 ec-

609 1267 784 1319 clesia:
816 1266 1096 1334 praesulem
1130 1277 1366 1320 nostram
1394 1266 1588 1319 adiisse
1616 1266 1974 1327 clementiam,
2004 1265 2181 1321 nobis-

610 1371 714 1424 que
746 1357 1012 1428 retulisse,
1040 1356 1180 1425 quod
1212 1355 1490 1409 accidente
1520 1355 1834 1424 negligentia
1866 1363 1921 1408 et
1953 1354 2179 1421 incuria,

610 1445 995 1514 crepitantibus
1037 1444 1296 1509 ﬂammis,
1342 1444 1690 1498 ecclesiarum
1721 1444 1944 1498 aedificia
1984 1444 2036 1498 in
2072 1444 2181 1498 lte-

610 1534 779 1602 giensi
832 1535 961 1590 urbe
1016 1544 1249 1588 cremata
1305 1533 1542 1598 fuerint;
1602 1549 1723 1588 cum
1778 1534 1971 1602 quibus
2017 1537 2179 1588 etiam

612 1626 787 1692 aliqua
819 1625 1166 1681 instrumenta
1195 1627 1498 1679 chartarum
1532 1634 1587 1678 et
1615 1636 1961 1679 monumenta
2007 1626 2057 1679 iu
2100 1624 2179 1679 fa-

2278 449 2465 503 eadem
2493 448 2719 502 ecclesia
2751 448 2818 502 de
2855 448 2967 501 suis
3005 446 3166 500 rebus
3201 457 3286 501 aut
3312 451 3526 506 conliniis
3549 455 3735 513 abiura-

2276 541 2488 593 soribns
2519 539 2765 607 patiatur.
2803 537 2967 607 Cujus
2995 537 3206 607 dignam
3233 552 3292 592 ac
3314 540 3629 601 rationabilem
3646 563 3741 602 con-

2277 632 2575 686 siderantes
2604 631 2935 699 petitionem.
2966 641 3018 685 et
3045 630 3352 684 Lunensium
3378 643 3427 686 et
3452 632 3739 695 Parmensiutn

2277 722 2558 786 conﬁniis,
2608 724 2746 776 sicut
2793 722 2844 776 in
2894 723 3012 788 ipso
3058 721 3378 791 apologetico
3420 725 3566 781 indita
3601 740 3742 793 erant,

2278 829 2463 869 omnes
2487 816 2743 869 terminos
2768 824 3028 868 annotare
3049 813 3319 884 jussiuius.
3353 817 3391 869 Α
3411 820 3597 874 meridie
3614 822 3743 892 itaque

2281 920 2376 975 per
2404 914 2656 958 montana
2691 918 2880 959 versus
2906 904 3250 958 Occidentem
3274 946 3289 972 ,
3334 904 3581 975 coujaeent
3617 909 3749 976 lines,

2283 997 2601 1062 terminique
2631 996 2905 1049 venientes
2934 994 3001 1048 de
3032 993 3190 1048 Prato
3220 994 3391 1059 Mauri,
3420 997 3467 1050 in
3494 998 3676 1053 Montem
3700 1002 3747 1056 de

2278 1086 2477 1149 Mensa,
2527 1086 2651 1140 inde
2698 1086 2748 1139 in
2789 1085 3171 1149 Centioerucis,
3221 1100 3281 1139 ac
3326 1086 3579 1142 deinde'in
3609 1091 3749 1158 Alpem

2281 1178 2572 1242 marinam,
2620 1177 2741 1231 inde
2786 1177 2837 1231 in
2869 1177 3099 1231 Montem
3131 1176 3197 1229 de
3228 1175 3398 1241 Posci,
3442 1178 3750 1235 descendequ

2229 1259 2242 1268 ’
2280 1267 2334 1323 in
2366 1269 2533 1322 rivum
2567 1267 2843 1331 Niteram,
2891 1281 3007 1337 qua:
3035 1265 3221 1322 deﬂuit
3257 1265 3304 1319 in
3345 1267 3536 1321 fluvium
3571 1268 3750 1334 lneiam,

2281 1372 2377 1427 per
2423 1356 2643 1409 fluvium
2691 1355 2882 1409 lnciam
2908 1394 2924 1419 ,
2975 1356 3113 1408 sicut
3159 1356 3268 1422 ipsa
3311 1355 3439 1409 lncia
3476 1356 3701 1410 descendit
3731 1375 3751 1410 a

2280 1462 2486 1502 summa
2518 1448 2640 1500 villa
2669 1446 2974 1509 Monticulo,
3010 1446 3300 1500 decurrens
3342 1461 3402 1500 ex
3445 1458 3692 1501 transverso
3714 1449 3751 1501 in

2285 1539 2544 1591 Barcham
2567 1579 2582 1600 ,
2627 1546 2683 1591 et
2723 1534 2906 1590 deﬂuit
2935 1537 3182 1589 deorsum
3230 1550 3319 1603 per
3346 1535 3545 1603 Agidam
3570 1535 3622 1588 ad
3648 1530 3756 1602 aqui-

2286 1630 2520 1683 lunarem
2557 1640 2760 1694 partem
2803 1629 2854 1680 in
2894 1627 3060 1680 rivum
3090 1624 3451 1693 Campigenem
3475 1664 3489 1688 ,
3530 1634 3577 1679 et
3612 1624 3756 1677 exinde

611 1716 793 1769 villam
810 1716 1019 1769 redacta
1036 1716 1161 1781 sint;
1188 1716 1642 1785 babebatqueprte
1661 1714 1902 1769 manibus
1918 1724 2180 1784 prmcepta
2216 1707 2260 1769 Β
2288 1721 2338 1774 iu
2367 1718 2701 1789 Tegulariani
2730 1759 2744 1781 ,
2798 1718 2849 1770 in
2893 1715 3107 1769 ﬂuvium
3140 1715 3334 1768 Padum
3364 1725 3415 1769 et
3438 1714 3633 1776 Zarano,
3659 1713 3761 1767 sicut

613 1822 791 1871 regum
824 1805 1328 1876 Longobardorum,
1367 1821 1595 1872 quorum
1636 1807 2042 1862 auctoritatibus
2066 1806 2179 1878 jam

597 1898 715 1962 .t'ata
747 1898 969 1952 ecclesia
995 1937 1011 1961 ,
1055 1912 1119 1951 ne
1148 1911 1430 1967 pravorum
1461 1897 1733 1967 hominum
1763 1899 2139 1966 oppressioues
2162 1940 2179 1966 ,

611 1999 703 2040 aut
733 1989 1065 2042 invasionum
1094 1988 1415 2041 detrimenta
1450 1998 1739 2055 pateretur,
1791 1988 2027 2059 undique
2078 1989 2181 2044 ful-

615 2080 716 2130 cita
748 2087 860 2133 erat
892 2094 954 2133 ac
982 2079 1205 2132 ninnita.
1263 2077 1545 2133 Postulatts
1574 2080 1860 2149 siquidem,
1910 2089 1971 2134 ut
1999 2090 2049 2134 et
2084 2095 2183 2135 nos

611 2171 682 2222 ob
703 2168 939 2224 divinum
963 2184 1197 2223 amorem
1222 2168 1463 2222 eamdem
1488 2169 1769 2224 ecclesiam
1792 2184 1912 2222 cum
1935 2170 2183 2223 omnibus

619 2260 989 2324 facultatibus,
1017 2272 1150 2327 quas
1184 2259 1437 2313 hactenus
1466 2258 1781 2326 acquisivit,
1816 2259 1893 2312 vel
1927 2258 2182 2326 deinceps

616 2351 803 2407 futuris
833 2348 1157 2415 temporibus
1190 2347 1423 2401 lidelium
1451 2347 1807 2401 oblationibus
1836 2346 2180 2416 adquisierit,

612 2456 731 2493 cum
784 2440 943 2492 rebus
991 2448 1043 2492 et
1093 2438 1307 2490 familiis
1355 2437 1627 2507 utriusque
1664 2453 1843 2502 sexus,
1879 2451 2178 2506 cunctaque

611 2531 758 2583 clero
788 2528 912 2580 inibi
944 2526 1182 2594 quotidie
1230 2527 1555 2587 fniriulante,
1608 2528 1709 2580 sub
1757 2538 1951 2582 nostrae
1996 2528 2182 2583 defen-

612 2616 777 2671 sionis
807 2616 1166 2685 reciperetntts
1196 2615 1527 2682 protr-ctione
1554 2634 1565 2669 :
1599 2617 1737 2683 quod
1769 2626 1818 2671 et
1854 2618 2095 2685 fecimus,
2128 2627 2184 2674 et

615 2726 710 2779 per
757 2710 893 2764 hanc
944 2710 1108 2762 nostri
1158 2713 1407 2778 pra-copti
1462 2712 1705 2777 paginam
1757 2726 1846 2778 pro
1866 2712 2089 2780 cipimus
2127 2722 2182 2767 et

603 2803 880 2872 jubemus,
911 2813 966 2855 ut
999 2802 1139 2855 nulla
1175 2818 1406 2871 umquam
1442 2816 1629 2871 magna
1659 2818 1923 2871 parvaque
1953 2819 2179 2873 persona

615 2908 701 2948 res
731 2900 821 2944 aut
853 2893 1080 2944 familias
1110 2893 1348 2957 ejusdem
1381 2894 1651 2957 ecclesize,
1698 2894 1790 2947 sed
1825 2909 1993 2956 neque
2022 2910 2180 2951 vene-

614 2982 834 3039 rabilem
871 2985 1034 3054 ipsius
1067 2986 1165 3038 loci
1198 2985 1422 3045 clerum,
1472 2985 1524 3038 in
1556 2986 1734 3052 aliquo
1765 2986 2059 3055 inquietare
2092 2989 2176 3043 vel

2284 1810 2458 1866 Padus
2486 1809 2674 1864 defluit
2713 1809 2764 1862 in
2799 1808 3102 1861 Buriauant.
3155 1804 3283 1859 Item
3330 1821 3415 1873 per
3451 1804 3679 1858 meridiem
3710 1803 3758 1856 ad

2287 1902 2599 1958 orientalem
2632 1901 2836 1970 plagam
2872 1900 3122 1954 incedunt
3152 1899 3287 1951 lines
3314 1912 3400 1967 per
3429 1898 3612 1950 Pratum
3640 1894 3765 1962 maio

2289 2010 2400 2049 rem
2445 1992 2497 2047 in
2541 1993 2769 2047 Montem
2814 1991 3073 2046 Rusulum
3120 2004 3219 2058 pcr
3245 1989 3419 2054 Alpem
3458 1988 3503 2042 in
3541 1987 3760 2049 Fazolam,

2287 2083 2480 2139 deinde
2512 2099 2604 2151 per
2634 2083 2821 2152 Alpem
2854 2097 3018 2151 usque
3049 2082 3101 2136 in
3132 2081 3387 2135 Thermas
3412 2079 3609 2134 Salonis.
3649 2077 3679 2132 F
3698 2091 3766 2130 nes

2289 2173 2457 2240 reru,’
2476 2174 2565 2243 qui
2596 2183 2720 2227 sunt
2757 2174 2897 2227 inter
2924 2172 3174 2226 Tusciam
3206 2180 3262 2226 et
3292 2171 3557 2239 llegenseiu
3583 2180 3630 2221 et
3654 2166 3766 2220 tinti-

2287 2281 2506 2321 nensem
2551 2266 2618 2320 de
2646 2264 2893 2320 Thermis
2921 2265 3133 2320 Salonis
3167 2265 3472 2333 perveniunt
3510 2263 3558 2317 in
3581 2260 3764 2315 Tendam

2284 2359 2452 2427 regis,
2502 2357 2624 2411 inde
2664 2356 2731 2410 ad
2777 2356 2998 2411 Fonteio
3028 2357 3268 2421 Silvani,
3322 2365 3373 2411 et
3420 2354 3531 2408 inde
3556 2353 3599 2407 iu
3625 2352 3766 2405 Rirum

2285 2448 2693 2518 Saugninarium
2714 2489 2730 2513 ,
2760 2457 2816 2503 et
2845 2447 3035 2502 deinde
3065 2448 3132 2502 ad
3168 2448 3360 2501 Lacum
3389 2449 3451 2501 de
3473 2448 3701 2512 Carpene,
3730 2450 3770 2494 et

2282 2542 2408 2596 inde
2455 2543 2506 2595 in
2538 2540 2686 2593 Viam
2725 2541 2923 2594 Novam
2946 2582 2961 2605 ,
3010 2540 3242 2608 indeque
3273 2540 3323 2592 in
3355 2539 3514 2592 locum
3542 2532 3766 2594 Motiruni,

2283 2632 2477 2686 deinde
2506 2631 2558 2685 in
2591 2629 2797 2696 locum,
2832 2630 2918 2699 qui
2956 2629 3153 2683 dicitur
3185 2629 3259 2683 La
3292 2627 3486 2692 Verna,
3513 2622 3671 2678 deinde
3700 2634 3769 2686 per

2283 2734 2516 2778 montem
2549 2720 2817 2776 Laurentii
2846 2718 3179 2775 descendens
3211 2720 3354 2774 venit
3392 2722 3440 2771 in
3469 2719 3649 2771 ﬂuvium
3676 2710 3770 2765 Dul-

2283 2814 2432 2877 lum,
2496 2813 2723 2880 indeque
2781 2828 2874 2882 per
2916 2812 3115 2866 Silvam
3166 2812 3236 2866 de
3284 2810 3473 2872 Blallo,
3520 2817 3567 2860 et
3605 2805 3699 2856 inde
3732 2802 3769 2852 in

2281 2908 2565 2975 Collinam,
2596 2906 2793 2959 deinde
2826 2906 2876 2958 iu
2911 2904 3374 2974 Pratumlongnm,
3420 2916 3479 2956 ac
3514 2896 3673 2952 deinde
3706 2906 3772 2961 per

2284 2999 2505 3062 Bivum,
2537 2997 2628 3068 qui
2657 2997 2893 3051 decurrit
2924 2998 2986 3050 de
3017 2993 3251 3064 Lupatio
3282 2997 3331 3049 in
3363 2993 3560 3048 ﬂuvium
3592 2988 3771 3057 Siglam.

610 3048 1229 3145 molestareprmsuniat.
1287 3076 1347 3128 Et
1386 3075 1510 3143 quia
1554 3048 1765 3128 termini
1809 3048 2046 3144 ejusdem
2093 3092 2178 3131 ec-
2205 3048 2252 3113 θ
2284 3048 3241 3157 ἷῌάέ-ἕὲττδίὲιξιέιίιέὲιιιθήυῖηἶιιιί,
3392 3081 3569 3137 deinde
3592 3048 3776 3131 ascendit

610 3168 788 3219 etesia:
834 3166 885 3218 in
915 3165 1164 3220 confiniis
1198 3166 1514 3230 Mantuanis,
1551 3167 1995 3234 Bononiensibus,
2030 3168 2183 3222 Muti-

608 3254 881 3317 nensihus,
926 3240 1374 3322 et‘Lunensibus,
1407 3258 1485 3311 vel
1521 3257 1937 3326 Parmensibos,
1985 3274 2081 3314 seu
2127 3270 2182 3315 et

609 3347 1009 3413 'l'iciuensibus,
1052 3358 1107 3401 et
1134 3349 1408 3413 Cumanis,
1444 3363 1529 3403 tes
1556 3347 1720 3416 ipsius
1760 3351 2010 3420 episcopii
2041 3368 2179 3408 con-

603 3444 813 3506 jacmt;
845 3441 1231 3507 apologaticum
1266 3441 1405 3493 idem
1442 3441 1674 3507 pontifex
1708 3443 1956 3508 habebat,
1991 3442 2041 3495 in
2073 3460 2179 3512 quo

607 3530 748 3583 omni
782 3542 982 3584 remota
1015 3530 1353 3583 dubitatione
1396 3547 1482 3585 res
1518 3531 1626 3598 jam
1660 3531 1780 3585 fata:
1811 3534 2051 3588 ecclesia:
2084 3550 2178 3603 per

606 3623 810 3690 SillgUla
863 3622 975 3676 loca
1029 3634 1082 3676 et
1128 3622 1383 3675 vocabula
1411 3663 1427 3687 ,
1484 3625 1804 3695 terminique
1851 3635 1906 3678 ct
1949 3627 2176 3682 conlinia

605 3715 760 3769 insita
788 3724 960 3769 erant.
1015 3715 1244 3782 Ideoque
1276 3729 1372 3782 pro
1402 3720 1698 3768 temerariae
1747 3720 2176 3791 praesumptionis

604 3808 873 3861 nivasione
901 3807 1156 3871 cavenda,
1193 3822 1291 3860 nec
1321 3823 1425 3860 non
1455 3817 1508 3860 et
1536 3823 1631 3874 pro
1662 3807 1989 3863 Francorum
2016 3817 2176 3878 gente

601 3899 813 3950 noviter
841 3897 892 3950 in
924 3898 1125 3950 Italzam
1156 3913 1182 3948 a
1218 3897 1369 3950 nohis
1398 3897 1701 3950 introducta
1725 3938 1740 3963 ,
1793 3899 1946 3967 petiit
1987 3900 2176 3956 excel-

602 3991 817 4042 lentiam
855 4002 1089 4041 ηοεενωιι
1118 4028 1132 4048 ,
1156 3995 1241 4064 ιλιι
1273 3988 1489 4041 eosdem
1526 3989 1783 4042 terminos
1824 3988 1945 4044 huic
1988 3998 2174 4046 tiustro

603 4125 809 4188 quoties
839 4122 935 4175 sibi
966 4122 1190 4175 ochrtur
1216 4121 1428 4188 aliquod
1455 4121 1793 4190 antiquorum
1823 4135 2006 4190 regum
2034 4137 2173 4190 pm-

603 4204 815 4262 ceptnm
853 4194 1023 4257 sigillo
1053 4206 1147 4244 suo
1175 4192 1347 4262 adhuc
1384 4192 1665 4262 munitum,
1706 4191 1838 4262 nihil
1864 4195 1997 4245 ultra
2026 4208 2174 4260 qua!-

603 4260 821 4315 i-endum
872 4272 1086 4332 putant,
1133 4273 1186 4332 ut
1236 4260 1580 4327 archetypum
1629 4260 1916 4332 judicent,
1954 4264 2171 4331 egregie

605 4330 887 4386 t‘atluntnr.‘
916 4332 1044 4384 Nam
1078 4346 1141 4383 ne
1174 4330 1270 4384 hoe
1310 4332 1520 4396 quidem
1562 4333 1691 4384 satis
1735 4340 1817 4383 est
1857 4331 1923 4383 ad
1963 4330 2168 4387 certum

2283 3192 2378 3245 per
2407 3176 2761 3230 Dimnaticum
2794 3178 2844 3228 in
2876 3174 3117 3229 Carciola
3141 3215 3157 3238 ,
3204 3182 3261 3228 et
3308 3171 3428 3225 inde
3455 3164 3688 3223 descendit
3708 3174 3776 3228 per

2282 3265 2498 3321 Sstrram
2531 3266 2598 3320 de
2630 3264 2924 3329 Mauriano,
2958 3273 3009 3317 tt
3040 3265 3289 3331 pervenit
3326 3264 3376 3315 in
3406 3260 3601 3315 lluvium
3628 3254 3779 3307 Basso-

2282 3371 2442 3418 nam,
2491 3363 2545 3409 et
2591 3353 2713 3408 inde
2762 3354 3001 3408 ascendit
3050 3355 3101 3407 in
3157 3354 3472 3414 Piraniana,
3518 3347 3704 3411 indeque
3740 3341 3776 3392 in

2279 3456 2512 3499 montem
2562 3459 2723 3513 super
2759 3443 2928 3496 Valles
2977 3459 3146 3512 usque
3193 3444 3245 3496 in
3288 3431 3780 3511 Autiquninpdeillde

2278 3535 2689 3589 descendensin
2726 3534 3061 3587 Piscariolain
3098 3533 3252 3586 venit
3298 3534 3350 3587 in
3381 3531 3577 3584 fluvium
3603 3524 3776 3593 δίεμαι,

2279 3640 2340 3679 ac
2379 3624 2572 3679 deinde
2616 3640 2708 3692 per
2737 3625 2951 3678 Cluzam
2992 3634 3304 3677 currentem
3347 3637 3440 3690 per
3466 3620 3662 3675 Montem
3686 3613 3783 3666 Cer-

2279 3715 2390 3767 radi
2414 3755 2429 3780 ,
2475 3728 2643 3779 usque
2674 3713 2797 3765 dum
2831 3712 2975 3764 venit
3002 3711 3102 3763 sub
3132 3711 3316 3764 Monte
3349 3706 3575 3770 Ilerelli,
3615 3712 3658 3757 et
3692 3700 3780 3752 inde

2279 3808 2423 3860 venit
2447 3822 2539 3875 per
2560 3806 2829 3858 Silvanum
2855 3821 2867 3855 ε
2891 3802 3085 3857 deinde
3108 3801 3351 3856 decurrit
3380 3814 3469 3869 per
3488 3795 3729 3856 Salsulam,
3744 3796 3785 3842 et

2278 3897 2401 3952 inde
2432 3912 2522 3965 per
2550 3894 2780 3949 Montem
2812 3893 3182 3958 Monticulum,
3219 3892 3449 3961 indeque
3475 3904 3561 3959 per
3583 3886 3782 3947 Calui”Ill

2277 3989 2535 4043 Milatiuin
2586 3987 2651 4040 ad
2705 3985 3181 4055 septentrionalem
3236 3983 3446 4054 plagam
3496 3992 3580 4046 per
3613 3971 3785 4029 Paludes

2276 4120 2340 4174 de
2366 4120 2558 4189 origine
2584 4118 2877 4189 ntonasterii
2909 4115 3157 4189 (scilicet
3185 4112 3496 4189 Aminiatiui
3520 4110 3534 4176 )
3560 4121 3659 4189 αυξτ
3676 4103 3786 4189 Pd":

2278 4193 2379 4243 lam
2423 4184 2574 4259 sopit.
2625 4188 2828 4241 Annum
2874 4186 3064 4259 conditi
3092 4184 3785 4259 emirabii__sr;atingentcstlsltlt

2275 4247 2723 4329 quadragesimum
2752 4258 3027 4329 secundum
3066 4257 3283 4327 prwfert
3314 4247 3573 4329 diplom'i,
3599 4247 3721 4329 quod
3736 4254 3787 4329 :3

2278 4325 2567 4382 authentico
2601 4325 2847 4393 Ughelfus
2884 4325 3192 4379 existimarit
3222 4340 3242 4379 :
3268 4325 3407 4390 quod
3449 4325 3786 4393 omniaquae:-

604 4382 1086 4455 (iniiii'tfcni'o’rioi.i
1108 4441 1120 4460 ,
1152 4382 1497 4468 quum'cerea
1530 4382 1700 4469 sigilla
1730 4382 2169 4467 pergamenisin:
2200 4399 2251 4457 D
2276 4414 2389 4451 rum
2428 4414 2537 4452 esse
2575 4382 2834 4465 pehelim.
2870 4398 3236 4469 itajperqnain
3271 4382 3511 4469 modeste
3540 4391 3608 4469 vir
3632 4382 3788 4469 (lastis:

604 4474 702 4522 lixa
755 4486 785 4523 e
830 4472 1029 4538 postica
1078 4482 1258 4536 parte,
1305 4479 1580 4522 attenuata
1627 4485 1721 4537 per
1761 4474 1994 4523 calorem
2022 4485 2171 4537 cera,

601 4540 807 4591 detrahi
857 4540 1152 4606 potuerint,
1201 4550 1253 4592 et
1306 4541 1357 4590 in
1405 4539 1561 4591 aliam
1607 4541 1960 4593 cetnntentitii
2011 4542 2170 4605 fetus,

604 4609 843 4673 chartam
875 4608 1165 4661 tiansferii.
1212 4609 1553 4677 Innocentius
1583 4625 1792 4677 quoque
1826 4610 1886 4661 Ill
1921 4625 2084 4677 papa,
2120 4622 2177 4664 ut

602 4688 685 4731 est
712 4680 763 4730 in
793 4677 910 4746 ejus
942 4677 1074 4741 Vita,
1109 4692 1254 4729 num.
1284 4675 1375 4738 45,
1407 4694 1496 4740 per
1527 4675 1686 4745 sigilli
1721 4678 1902 4732 vitium
1924 4675 2063 4732 inira
2087 4694 2176 4733 sa-

599 4746 1277 4817 gacitatedeprehenditin
1311 4764 1357 4814 pi
1376 4747 1588 4813 ivdegio
1618 4748 1872 4817 producto
1902 4763 1931 4801 a
1960 4750 2171 4803 Scozu-

602 4815 734 4871 tensi
765 4816 957 4888 abbate
984 4832 996 4867 :
1031 4815 1537 4888 quodublahillonius
1566 4816 1960 4888 animadvertit.
1991 4817 2173 4888 Neque

601 4902 732 4941 sane
760 4886 997 4956 ejusdem
1031 4884 1228 4956 fraudis
1256 4885 1360 4937 alia
1390 4885 1580 4938 desunt
1606 4886 1847 4956 exempla
1870 4925 1885 4949 ,
1918 4903 1948 4939 e
1975 4884 2171 4956 quibus

601 4954 827 5012 alterum
894 4956 1068 5015 adhuc
1122 4954 1316 5008 aﬂ‘erre
1365 4956 1535 5023 juvat.
1606 4955 1831 5009 l’rotulit
1887 4954 2164 5021 Ughelzius

604 5037 751 5080 tomo
783 5026 848 5079 Ill
880 5025 995 5095 Ital.
1049 5025 1200 5080 Sacr.
1254 5026 1306 5079 in
1356 5024 1593 5093 episcop.
1661 5024 1865 5079 Clusin.
1935 5029 2167 5095 diploma

607 5095 839 5150 llaehisii
892 5093 1358 5162 Langobardorum
1414 5094 1588 5162 regis,
1650 5109 1681 5148 a
1736 5111 1841 5161 quo
1895 5093 2166 5152 conditum

604 5168 831 5219 traditur
877 5166 1256 5218 monasterium
1308 5164 1492 5218 Sancti
1550 5164 1843 5218 Salvatnris
1884 5167 1950 5218 de
1989 5167 2169 5222 Monte

606 5238 871 5289 Ammiato
897 5235 948 5287 in
976 5235 1163 5287 eodem
1194 5249 1323 5302 agro
1342 5235 1557 5286 Clusino
1579 5234 1758 5289 situm.
1787 5236 2166 5291 Documentum

605 5307 734 5358 illud
777 5304 940 5357 veluti
979 5316 1242 5371 gemmam
1290 5305 1724 5356 commemoravit
1764 5318 1976 5372 quoque
2016 5304 2168 5360 Tho-

605 5377 804 5428 niasius
838 5377 887 5426 in
923 5372 1153 5426 llistoria
1184 5372 1429 5426 Senensi.
1462 5374 1597 5426 Alibi
1634 5388 1764 5426 vero
1788 5414 1803 5433 ,
1849 5374 1949 5427 ltoe
1986 5385 2070 5428 est
2112 5380 2163 5430 in

612 5443 989 5497 Dissertatione
1028 5456 1136 5494 [ιν
1168 5442 1231 5493 de
1264 5442 1542 5494 Manaster.
1584 5451 1731 5494 (rect.
1783 5442 2018 5496 facienda
2062 5447 2165 5500 crit

610 5515 735 5567 mihi
768 5515 963 5568 n.entio
986 5510 1286 5579 diplomatis
1313 5512 1580 5580 ejusdem,
1609 5512 1747 5566 inter
1773 5511 1989 5566 ridenda
2019 5529 2164 5568 com-

609 5594 785 5634 menta
814 5581 1152 5636 amandandi.
1196 5581 1272 5636 De
1299 5586 1484 5636 eodem
1524 5582 1684 5636 etiam
1731 5583 2066 5636 Mabillonius
2106 5586 2160 5639 in

611 5652 854 5703 Annalib.
902 5652 1259 5705 llenedictinis
1296 5651 1360 5702 ad
1401 5666 1599 5703 annum
1640 5651 1837 5703 Christi
1878 5651 1982 5707 75d
2023 5669 2159 5719 pne-

612 5724 857 5773 duci-at:
894 5719 1128 5787 Uipis'tttrt
1170 5722 1321 5789 refert
1353 5723 1367 5772 ί
1397 5722 1593 5791 goeller
1615 5737 1728 5776 cum
1773 5727 2157 5778 narmtiuncula

2277 4473 2475 4529 simus,
2507 4456 2665 4535 quum
2698 4467 2893 4533 alioqui
2944 4456 3099 4518 rem;
3124 4466 3221 4519 ille
3261 4480 3292 4516 a
3333 4468 3506 4535 capite
3540 4460 3598 4511 ad
3631 4456 3787 4535 calcata

2278 4520 2662 4607 ineptis'sit'nnm
2719 4520 2989 4589 falsarium
3046 4535 3266 4603 prodat.
3306 4520 3788 4607 _Coi_n_mentu_m

2278 4598 2450 4662 autem
2483 4609 2709 4673 refrico,
2743 4598 3075 4671 ntsubdam',
3126 4621 3253 4672 qua:
3306 4605 3360 4656 in
3409 4598 3791 4673 i_l|ud_adnolml

2277 4678 2443 4732 Titius
2475 4669 2754 4731 historicos
2793 4669 3076 4739 Senensis,
3109 4669 3275 4743 cujus
3317 4671 3439 4725 libri
3476 4669 3632 4743 adhuc
3668 4673 3788 4743 manu

2274 4750 2481 4802 exarati
2529 4757 2739 4801 exsmnt
2783 4746 2918 4814 apud
2972 4732 3207 4798 heredes
3237 4740 3551 4815 doctissimi
3581 4732 3792 4815 quondam

2273 4818 2431 4871 amici
2464 4820 2564 4889 mei
2599 4810 3296 4889 lluberti'Beii_voglienti._r
3330 4814 3444 4865 Hoc
3481 4810 3790 4889 privilegio-t3

2272 4889 2444 4942 scribit
2474 4887 2669 4950 Titius,
2699 4896 2783 4940 est
2823 4887 3081 4956 munitum
3102 4884 3521 4956 _Sigilloricereo
3560 4883 3792 4956 innexae!

2272 4964 2495 5026 utraque
2526 4968 2676 5024 parte
2704 4971 2824 5010 cum
2854 4955 3062 5008 duabus
3100 4954 3439 5022 imaginibus
3465 4954 3685 5026 humanis
3720 4957 3795 5026 fit:

2272 5013 2492 5094 pressis.
2526 5013 2744 5082 Littera:
2797 5040 2924 5079 vero
2969 5013 3405 5094 circumscripta;
3433 5017 3688 5094 commode

2271 5091 2378 5149 non
2434 5098 2611 5152 valent
2665 5107 2880 5164 propter
2936 5091 3308 5147 vetustatem.
3356 5091 3529 5164 Caput
3573 5091 3794 5164 utriusqut

2270 5164 2514 5236 imaginis
2547 5170 2598 5220 in
2638 5163 2814 5235 sigillo
2841 5175 3163 5219 coronatum
3194 5176 3319 5236 est,
3343 5170 3410 5236 et
3437 5163 3626 5227 virgam
3649 5163 3793 5236 tua-tu

2270 5221 2542 5306 utriusque
2572 5221 2736 5291 teneat.
2767 5238 2940 5301 Atque
2963 5235 3071 5306 Vltoc
3101 5221 3451 5306 privilegium
3478 5221 3558 5306 est
3580 5221 3791 5306 aff'ljn'b:

2269 5292 2470 5360 batzatn'
2492 5309 2674 5362 Sancti
2715 5292 3003 5376 salvatoris
3032 5306 3083 5357 in
3102 5292 3258 5370 ’δετο
3286 5292 3535 5376 Senensi.
3554 5316 3576 5353 ι
3606 5292 3793 5376 Sisini!

2267 5377 2490 5430 duorutn
2521 5380 2751 5430 virorum
2778 5375 3034 5443 imagines
3061 5377 3390 5441 pneferens,
3419 5373 3551 5443 duos
3582 5372 3796 5443 primpé

2267 5444 2462 5500 indicat
2486 5448 2640 5502 simul
2672 5440 2953 5514 regnant'es
2974 5483 2989 5506 ,
3015 5440 3077 5496 ac
3120 5452 3419 5514 propterea
3466 5441 3536 5495 nil
3571 5440 3797 5514 conﬂth

2265 5528 2386 5589 cum
2418 5516 2689 5589 Ratcliisio
2719 5504 3141 5589 fegqbabuissé
3185 5504 3425 5589 videtur.
3459 5517 3682 5589 Attamen

2264 5585 2420 5639 etiam
2474 5587 2652 5655 sigillo
2691 5572 2938 5640 vis'olim
2983 5584 3155 5655 multa
3208 5584 3314 5641 fuit
3359 5583 3427 5639 ad
3472 5572 3797 5638 conciliandi!

2263 5657 2398 5724 apud
2433 5654 2710 5725 imperitos
2734 5656 3005 5726 diplomati
3034 5654 3229 5711 tidem.
