4034 6182
294 302 437 362 1015
639 299 868 357 CODEX
910 297 1438 355 DlPLUMATlCUS.
1480 325 1549 337 —-
1590 290 1906 352 PRIVILEG

2043 318 2115 331 --
2152 288 2402 344 PlilVlL.
2446 286 2580 342 Ρειι
2622 285 2890 341 PARTES
2931 283 3206 341 ιτΑιιτΕ.
3423 280 3559 339 10H

292 403 535 476 Civitatis
564 415 724 470 Nova:
754 428 924 477 usque
954 412 1208 476 Stratatn,
1238 426 1302 467 ac
1329 410 1524 467 deinde
1554 411 1606 465 itt
1637 415 1867 481 Aquam-
1896 407 1947 464 A
1976 416 2191 458 causam
2222 401 2386 469 ipsius
2416 400 2662 455 ecclesize
2692 399 2981 469 diligenter
3008 399 3281 466 inquirant
3321 405 3376 450 et
3418 390 3552 452 eta-

300 486 533 578 longam,
565 518 736 575 usque
763 505 889 558 dum
916 502 1064 557 venit
1090 502 1142 556 in
1174 501 1481 555 Burianam.
1986 494 2207 548 minent.
2243 491 2345 560 Ipsi
2369 505 2496 545 vero
2521 488 2762 543 advocati
2788 491 2856 542 ab
2877 489 3019 542 omni
3044 487 3253 558 publica
3276 487 3559 546 exactione

1985 584 2092 637 sint
2123 585 2408 637 immunes.
2457 581 2512 635 Si
2542 581 2661 648 quis
2690 584 2870 633 autem
2911 579 3047 632 hanc
3075 589 3273 632 nosmc
3302 577 3564 631 constitu-

1988 678 2148 733 tionis
2175 677 2549 730 auctoritatem
2582 672 2788 726 irritant
2820 671 3001 725 iacere
3032 669 3316 724 tentavcrit
3355 667 3570 724 emuni-

1987 767 2113 823 tatis
2160 764 2414 819 mulctam
2445 803 2459 827 ,
2512 762 2651 816 idest
2696 762 2904 831 πείσειιί
2955 761 3118 814 libras
3164 759 3376 829 triginta
3429 758 3567 827 parti

364 606 506 675 infra
550 620 682 673 istos
726 612 1148 686 prtettominatos
1195 611 1333 667 lines
1360 655 1374 679 ,
1428 611 1567 666 sicut
1609 624 1639 664 a
1682 611 1883 666 sanctis

300 714 560 780 patribus,
589 717 645 766 et
672 708 880 764 idoneis
911 721 974 761 ac
1002 703 1283 759 catholicis
1317 704 1621 759 hominibus
1646 702 1886 772 antiqui-

303 815 386 859 ttts
427 805 480 858 in
524 804 636 872 ipsa
679 798 912 857 ecclesia
958 799 1305 850 constitutum
1349 795 1512 851 roiSse
1555 795 1881 864 reperimus,

302 895 482 951 omnia
523 909 644 962 pars
674 893 844 959 ipsius
872 890 1117 945 ecclesiae
1146 903 1335 943 secure
1379 903 1441 940 ac
1481 888 1660 957 quiete
1705 896 1884 941 nostra

302 986 465 1058 regali
494 985 812 1039 auctoritate
843 982 1150 1046 perenniter
1174 980 1463 1049 possideat.
1499 980 1695 1035 Retulit
1723 980 1882 1035 etiam

306 1078 608 1146 put-libatus
636 1075 896 1141 pontifex,
922 1071 1063 1142 quod
1090 1071 1301 1125 cuidam
1330 1070 1477 1124 fratri
1504 1086 1601 1125 suo
1621 1073 1888 1139 Ansperto

304 1170 520 1224 nomine
547 1167 789 1236 quzedatn
823 1165 1061 1219 oratoria
1101 1164 1237 1232 juris
1279 1173 1478 1217 sancta:
1514 1163 1771 1231 [iegensis
1798 1179 1888 1218 ec-

303 1262 515 1324 clesiae,
565 1273 726 1312 unum
770 1257 991 1325 quidem
1038 1256 1089 1309 in
1137 1254 1375 1309 Luciaria
1421 1254 1560 1309 inter
1590 1253 1788 1309 Padum
1830 1263 1887 1308 et

309 1355 621 1408 ltttmlenum
673 1354 723 1405 itt
774 1350 979 1404 honore
1025 1349 1195 1403 sancti
1241 1348 1496 1418 Georgii,
1547 1359 1598 1401 et
1640 1349 1783 1402 aliud
1833 1349 1885 1401 in

307 1445 542 1498 tiabiana
592 1442 848 1496 similiter
898 1441 1036 1502 inter
1080 1438 1281 1493 Padum
1329 1448 1383 1492 et
1429 1438 1783 1503 Bundenum,
1836 1439 1888 1492 in

309 1539 513 1609 honore
542 1534 709 1587 sancti
743 1533 978 1587 Andreae
1008 1540 1374 1585 constructum
1396 1571 1414 1597 ,
1457 1531 1664 1585 cunctis
1701 1529 1887 1585 diebus

308 1632 434 1684 vitze
478 1644 588 1682 sua:
630 1641 727 1695 per
755 1625 1031 1681 decretum
1075 1638 1395 1679 concessum
1439 1622 1728 1678 habuisset.
1782 1621 1889 1678 Sed

308 1738 433 1778 cum
466 1719 804 1790 postmodum
838 1719 977 1774 idem
1007 1718 1306 1786 Anspertus
1334 1717 1647 1774 monasterii
1676 1717 1888 1772 Νοηειηο
1921 1756 1970 1816 Β

310 1814 540 1870 tolensis
571 1824 783 1883 portum
817 1821 1064 1880 peteret,
1113 1814 1227 1879 ipsa
1277 1811 1510 1864 oratoria
1556 1826 1653 1880 pro
1681 1824 1780 1864 suo
1810 1810 1893 1864 in-

313 1908 479 1961 troitu
527 1906 783 1973 praedicto
814 1903 1142 1958 monasterio
1172 1902 1415 1958 dederat.
1469 1903 1896 1958 Prmnominattts

318 2015 449 2054 vero
492 2011 643 2067 pater
672 1996 1009 2065 Apollenaris
1051 1996 1374 2063 episcopus,
1420 2009 1488 2048 ne
1531 1993 1757 2049 ecclesia
1799 2006 1895 2047 sua

314 2093 571 2146 damnum
603 2096 900 2157 pateretur,
940 2101 1062 2142 cum
1096 2101 1196 2142 suo
1223 2087 1499 2141 Advocato
1530 2086 1581 2141 in
1615 2086 1892 2154 praesentia

311 2182 469 2235 ducis
501 2178 668 2235 nastri
701 2176 931 2234 Goeradi
958 2219 973 2240 ,
1025 2191 1148 2231 eum
1179 2176 1437 2232 Anseltno
1471 2177 1584 2245 jam
1623 2178 1748 2232 dicti
1782 2193 1899 2234 mo-

315 2271 531 2326 nasterii
560 2271 752 2324 abbate
781 2270 835 2324 in
861 2268 1121 2338 judicium
1146 2270 1418 2325 convenit.
1450 2269 1725 2324 Dissensio
1766 2284 1896 2325 vero

314 2377 438 2431 qua:
470 2361 610 2416 inter
637 2361 741 2416 duo
772 2360 1103 2416 venerabilia
1134 2360 1252 2415 loca
1281 2370 1556 2427 creverat,
1587 2362 1787 2431 absque
1818 2361 1898 2415 vi-

315 2454 563 2509 cinorum
610 2453 987 2522 episcoporum
1031 2450 1297 2505 audientia
1337 2452 1638 2506 nullatenus
1677 2451 1896 2505 difﬁniri

316 2553 550 2616 poterat.
588 2541 816 2609 Ideoque
844 2540 985 2595 datis
1013 2538 1265 2606 induciis,
1292 2549 1400 2596 tres
1427 2540 1689 2610 episcopi,
1712 2541 1898 2596 Petrus

316 2636 530 2692 scilicet
576 2633 974 2697 Bononiensis,
1029 2630 1378 2688 Geminianus
1428 2631 1777 2695 Mutinensis,
1845 2642 1897 2685 et

317 2724 511 2781 Petrus
544 2722 887 2792 Parmensis,
935 2737 1057 2777 cum
1106 2723 1229 2777 aliis
1276 2721 1480 2777 idoneis
1526 2731 1582 2776 et
1623 2723 1899 2777 catholicis

320 2818 452 2872 viris
498 2818 772 2873 convocati
822 2825 963 2871 sunt.
1024 2814 1228 2882 Quibus
1271 2830 1391 2871 cum
1443 2814 1549 2884 iam
1603 2815 1714 2870 tato
1760 2814 1899 2870 duce

320 2909 572 2963 Gocrado
600 2907 651 2962 in
680 2907 884 2977 judicio
910 2906 1285 2972 residentibus,
1319 2906 1656 2975 Apollenaris
1684 2906 1898 2972 episco-

323 3013 423 3070 pus
448 3040 463 3066 ,
514 3008 571 3053 et
615 2999 780 3054 abbas
810 3000 1094 3054 Anselmus
1124 2998 1427 3053 affuerunt:
1461 3012 1689 3068 quorum
1717 2996 1901 3067 queri-

1988 870 2191 915 sattctre
2219 856 2496 926 liegiensis
2521 855 2766 910 ecclesite
2799 855 3103 924 persolvere
3132 861 3376 919 cogatur.
3416 850 3479 904 Et
3512 859 3572 904 ut

1990 953 2092 1007 hoc
2132 959 2329 1005 nostra:
2358 949 2657 1020 largitionis
2706 956 2760 1002 et
2804 946 3115 1001 emunitatis
3145 960 3208 999 ac
3238 942 3573 999 defensionis

1990 1059 2086 1101 seu
2128 1041 2496 1110 inquisitionis
2537 1041 2618 1093 vel
2666 1038 3036 1094 advocationis
3082 1046 3406 1104 prteceptutn
3444 1032 3570 1087 ditt-

1992 1136 2163 1192 turnis
2196 1133 2531 1204 temporibus
2565 1134 2616 1186 in
2662 1147 2761 1186 suo
2789 1132 2983 1185 robore
3014 1135 3323 1198 permaneat
3348 1165 3363 1191 ,
3409 1134 3575 1195 atque

1991 1229 2058 1284 ab
2076 1226 2330 1283 omnibus
2354 1224 2533 1291 verius
2559 1223 2809 1277 credatur
2834 1233 2887 1276 et
2903 1217 3211 1288 diligentius
3234 1216 3573 1282 observetur,

1991 1332 2185 1372 manus
2235 1323 2437 1369 nostra:
2486 1310 2885 1380 subscriptione
2933 1310 3117 1364 subter
3163 1305 3576 1370 amtotavitnus,

1991 1408 2257 1474 anuloque
2287 1414 2471 1458 nostro
2498 1403 2732 1470 sigillare
2757 1400 3035 1469 iussimus.

2063 1499 2283 1567 Signum
2314 1495 2493 1550 Caroli
2520 1494 2892 1565 gloriosissimi
2926 1492 3088 1562 regis.

2065 1588 2357 1641 Gilibetttts
2387 1585 2452 1637 ad
2484 1586 2649 1639 vicem
2680 1582 2922 1638 Radonis
2948 1581 3258 1649 recognovi.

2068 1681 2195 1735 Data
2243 1679 2295 1732 itt
2344 1693 2530 1733 mense
2575 1677 2738 1732 Junio
2768 1676 2857 1730 die
2894 1685 3084 1729 octavo
3136 1674 3186 1727 in
3232 1685 3375 1725 anno
3420 1668 3581 1725 tertio

1997 1772 2206 1828 decimo
2236 1780 2291 1825 et
2318 1768 2570 1839 septimo,
2603 1768 2895 1823 indictione
2924 1767 3155 1821 decima.

2074 1866 2268 1922 Actum
2318 1863 2483 1934 Papia
2523 1863 2784 1926 civitate,
2832 1861 2886 1915 in
2934 1860 3025 1915 Dei
3074 1857 3290 1921 nomine
3333 1853 3576 1912 feliciter.

2000 1961 2192 2015 Amen.

2729 2021 2860 2077 \"lll.

1998 2118 2238 2191 Diploma
2252 2116 2425 2172 Caroli
2441 2115 2619 2186 Magni
2636 2131 2736 2191 quo
2754 2114 3075 2191 privilegium
3091 2113 3317 2166 ecclesia:
3335 2112 3581 2167 Arretina

2496 2182 2725 2239 concedit
2754 2182 2915 2255 (anno
2940 2182 3092 2252 785).

2152 2278 2244 2343 (Ex
2273 2278 2559 2340 liuratorlo,
2585 2274 2916 2339 Antiquitates
2938 2275 3116 2324 Italicze
3139 2273 3269 2324 med.
3289 2274 3422 2337 aevi.)

2068 2362 2296 2416 Carolus
2325 2359 2495 2432 gratia
2527 2359 2621 2414 Dei
2654 2374 2746 2413 rex
2766 2356 3095 2414 Francorum
3126 2366 3178 2412 et
3210 2355 3589 2426 Langobardo-

1999 2472 2145 2524 rum,
2171 2470 2233 2510 ac
2261 2454 2516 2522 patricius
2545 2453 2928 2507 Romanorum.
2956 2450 3009 2505 Si
3034 2448 3379 2518 petitionibus
3401 2462 3583 2503 sacer-

1999 2547 2213 2611 dotum,
2243 2546 2327 2599 νυΙ
2356 2558 2633 2600 servorum
2669 2542 2781 2606 Dei,
2814 2542 2865 2596 itt
2896 2557 3001 2608 quo
3031 2541 3228 2595 nostris
3261 2540 3456 2595 l'ttcl'ittt
3485 2555 3586 2593 au-

1998 2643 2148 2699 ribus
2198 2641 2423 2710 prolatae
2475 2639 2701 2693 libenter
2748 2635 3101 2698 obaudimus,
3152 2645 3206 2689 et
3251 2647 3343 2689 eas
3390 2633 3442 2687 itt
3494 2632 3599 2687 Dei.

2002 2716 2219 2789 nomine
2247 2730 2459 2786 eﬂ‘ectui
2501 2730 2888 2797 mancipatnus,
2917 2728 3117 2797 regiam
3148 2725 3595 2782 consuetudinem

2001 2837 2349 2886 exercemus,
2374 2832 2430 2876 et
2461 2822 2561 2874 hoc
2591 2819 2744 2874 nobis
2769 2817 2835 2871 ad
2866 2817 3171 2871 mercedem
3201 2817 3282 2870 vel
3321 2815 3590 2870 stabilim-

2005 2926 2110 2971 tem
2142 2913 2291 2982 regni
2330 2911 2496 2966 nostri
2531 2911 2801 2979 pertinere
2828 2908 3167 2982 conﬁdimus.
3215 2906 3376 2975 Igitur
3404 2915 3588 2959 notum

2004 3007 2075 3061 sit
2097 2974 2336 3060 omnium
2369 2974 2610 3058 ﬁdelium
2646 2974 2947 3053 nostroi'nm
2973 2974 3340 3066 magnitudini.
3375 3010 3595 3065 presen-

324 3094 521 3147 ntonite
560 3091 824 3161 subtiliter
851 3091 1141 3159 discussae,
1190 3090 1417 3146 ecclesia
1450 3089 1767 3160 Regiensis,
1811 3088 1899 3144 cui
1932 3100 1980 3166 ο
2011 3100 2142 3154 nam
2172 3095 2421 3152 videlicet
2450 3103 2506 3149 et
2537 3095 2831 3148 futurorum
2852 3131 2869 3157 ,
2911 3090 3138 3160 qualiter
3164 3088 3482 3143 venerabilis
3510 3086 3593 3141 vir

331 3185 514 3240 debito
540 3184 662 3255 jure
687 3184 798 3253 jam
831 3184 935 3238 tata
967 3183 1202 3238 oratoria
1234 3181 1475 3252 subjecta
1506 3191 1657 3236 erant
1678 3222 1695 3249 ,
1740 3195 1905 3235 cano-
2013 3187 2315 3254 Ariberlus,
2338 3193 2521 3238 sancte
2546 3180 2903 3237 Arretinensis
2923 3179 3150 3234 ecrlesie
3168 3180 3451 3248 episcopus
3472 3192 3593 3248 quas

326 3276 451 3331 nico
500 3292 563 3330 ac
614 3276 770 3347 legali
801 3275 992 3331 ordine
1032 3274 1331 3346 acquisivit.
1392 3273 1455 3328 Et
1500 3275 1570 3327 ob
1616 3272 1906 3328 ﬁrmiorem
2012 3288 2096 3336 est
2122 3287 2431 3336 constructa
2473 3278 2524 3329 itt
2568 3276 2770 3329 honore
2796 3273 2966 3328 sancti
2998 3271 3220 3336 Donati,
3252 3273 3331 3325 ad-
3358 3280 3594 3327 nostram

324 3369 695 3431 securitatem,
714 3366 955 3421 notitiam
978 3366 1230 3434 scriptam
1254 3365 1582 3434 testibusque
1602 3364 1908 3418 roboratam

327 3475 451 3513 cum
485 3459 602 3527 ipso
632 3458 851 3513 decreto
898 3472 1044 3526 smpe
1084 3456 1389 3511 nominatus
1429 3465 1582 3524 pater
1616 3456 1909 3518 praesentiat

332 3559 531 3602 nostra:
561 3548 787 3611 obtulit,
830 3547 1142 3617 postulans,
1187 3554 1242 3598 ttt
1271 3561 1366 3598 nos
1398 3543 1688 3598 inviolabili
1721 3553 1908 3598 nostro

334 3647 602 3707 praecepto
633 3653 748 3691 eam
781 3636 1093 3701 ﬁrmantes,
1138 3651 1351 3689 omnem
1397 3634 1755 3690 contentionis
1801 3650 1912 3688 nte-

335 3744 462 3781 vum
494 3727 940 3796 abstergeremus.
974 3725 1139 3795 Cujus
1170 3724 1407 3793 petitioni
1438 3733 1769 3786 annnentes,
1820 3739 1914 3790 per

337 3820 440 3871 hoc
470 3830 707 3870 nostrum
757 3826 1081 3884 praeceptum
1124 3814 1392 3883 prtedictte
1430 3822 1630 3870 sancta:
1669 3813 1915 3869 ecclesia:

338 3908 456 3972 ipsa
485 3908 715 3959 oratoria
748 3908 1153 3971 contirmatnus,
1187 3916 1348 3974 atque
1395 3906 1514 3960 sine
1557 3906 1665 3960 ullo
1696 3914 1912 3961 contra-

340 3999 554 4052 tiietore
588 3995 939 4051 restituitnus.
999 3997 1264 4052 Praeterea
1315 4006 1371 4051 et
1411 3996 1600 4067 Gajum
1634 4005 1914 4064 nostrum,

342 4087 486 4155 quod
535 4089 585 4140 in
632 4086 820 4140 eodem
870 4087 988 4140 loco
1032 4086 1189 4155 juxta
1240 4102 1327 4142 res
1374 4087 1542 4158 ipsius
1584 4082 1824 4142 ecclesia:
1864 4088 1915 4142 in

340 4178 586 4233 Luciaria
613 4176 890 4244 conjacet,
920 4186 972 4231 et
1006 4193 1145 4231 nunc
1176 4178 1384 4233 noviter
1411 4178 1693 4243 excolitur,
1724 4193 1791 4232 eo
1820 4193 1918 4247 po-

342 4267 577 4322 stulante
602 4307 617 4331 ,
666 4266 903 4320 oratorio
946 4270 1114 4321 sancti
1145 4268 1364 4338 Georgii
1409 4283 1505 4338 per
1535 4268 1636 4323 hoc
1679 4278 1919 4323 nostrum

345 4367 672 4426 prscceptutn
712 4357 835 4426 jure
880 4358 1095 4427 proprio
1122 4359 1194 4414 ob
1221 4360 1413 4414 anima:
1457 4371 1651 4416 nostra:
1696 4361 1920 4414 salutem

2016 3371 2242 3427 accessit
2278 3367 2653 3430 clementiam,
2692 3375 2748 3420 et
2788 3364 2938 3433 petiit
2972 3363 3248 3419 serenitati
3285 3371 3498 3427 nostra,
3539 3372 3604 3417 ut

2019 3477 2205 3517 omnes
2244 3474 2334 3515 res
2371 3458 2536 3526 ipsius
2562 3457 2810 3521 ecclesie,
2838 3471 2941 3526 que
2971 3455 3166 3511 ibidem
3203 3470 3233 3509 a
3273 3456 3429 3525 longo
3460 3464 3596 3509 tern-

2019 3570 2153 3625 pore
2179 3565 2233 3609 et
2261 3567 2430 3623 usque
2468 3565 2610 3606 nunc
2633 3551 2763 3604 visae
2797 3558 2920 3603 sunt
2957 3548 3299 3618 pertinuisse,
3339 3557 3443 3600 tam
3483 3561 3599 3601 rno-

2024 3643 2252 3699 nasteria
2295 3643 2379 3696 vel
2418 3639 2768 3704 senodocltia,
2814 3654 3078 3709 quamque
3114 3648 3170 3693 et
3213 3638 3465 3693 ecclesias
3505 3637 3594 3690 ba-

2024 3737 2320 3807 ptismales,
2363 3749 2458 3789 seu
2505 3732 2740 3801 reliquas
2786 3732 3169 3797 possessiones,
3212 3730 3459 3800 quicqnic
3503 3742 3601 3796 per

2022 3827 2340 3881 donationes
2369 3824 2450 3878 vel
2478 3821 2908 3878 contirtnationes
2946 3835 3165 3889 regum,
3204 3823 3315 3874 sive
3352 3817 3605 3872 vinditio-
3690 3860 3691 3863 η

2027 3931 2144 3979 nes,
2174 3912 2725 3980 commutationesque
2754 3926 2817 3966 ex
2851 3911 3111 3965 bonorum
3141 3909 3413 3964 hominum
3447 3907 3606 3977 largi-

2025 4018 2137 4065 tate
2162 4009 2355 4064 ibidem
2381 4006 2508 4062 date
2536 4008 2620 4061 vel
2654 4004 2953 4059 condonate
2982 4010 3143 4066 sunt,
3173 4001 3256 4055 vel
3284 4001 3442 4054 etiam
3471 3998 3604 4052 illud

2026 4101 2410 4157 monasterium
2449 4096 2619 4153 sancti
2661 4095 2952 4160 Benedicti,
2994 4093 3046 4148 in
3086 4092 3444 4160 suprascripta
3485 4090 3602 4158 ipsa

2026 4193 2261 4260 civitate,
2296 4191 2437 4260 quod
2477 4190 2615 4245 bone
2642 4189 2900 4243 tnemorie
2924 4185 3303 4241 Cunemundus
3330 4182 3600 4252 quondam

2024 4284 2306 4354 episcopus
2350 4290 2661 4335 antecessor
2701 4294 2830 4334 suns
2872 4278 3074 4348 legibus
3117 4276 3478 4344 comparavit,
3518 4273 3605 4328 vel

2026 4387 2125 4427 suo
2172 4370 2410 4425 fundavit
2454 4384 2637 4437 opere,
2682 4384 2782 4422 ttna
2824 4384 2943 4422 eum
2992 4368 3153 4422 rebus
3196 4366 3306 4420 suis
3354 4364 3605 4433 propriis,

344 4448 692 4501 concedimus
722 4462 843 4502 cum
875 4448 1261 4516 piscationibus
1285 4463 1379 4517 per
1402 4448 1600 4504 Padum
1628 4459 1682 4505 et
1707 4450 1921 4505 Bttnde-
1954 4470 2000 4528 ο
2028 4479 2160 4534 quas
2188 4464 2254 4517 de
2280 4464 2398 4530 jure
2437 4471 2713 4530 parentum
2741 4475 2957 4514 suorum
2995 4459 3201 4521 habuit,
3241 4467 3297 4511 et
3332 4456 3398 4511 ad
3437 4457 3608 4525 ipsam

347 4556 506 4607 num,
554 4539 875 4608 paludesque
903 4550 957 4594 et
996 4540 1147 4595 lacus
1189 4540 1619 4610 conjacentibus.
1665 4542 1925 4598 Similiter

348 4643 563 4697 quoque
608 4640 663 4682 et
706 4631 943 4683 oratorio
973 4630 1145 4683 sancti
1179 4629 1410 4683 Andreae
1436 4631 1697 4685 donamus
1729 4641 1924 4685 terram

354 4732 409 4773 et
437 4722 628 4776 silvam
657 4722 792 4791 juris
823 4724 972 4793 regni
1007 4724 1210 4790 nostri,
1251 4740 1369 4793 quae
1398 4724 1538 4779 circa
1573 4741 1658 4780 res
1686 4724 1926 4793 ejusdem

353 4810 595 4867 ecclesia:
624 4814 764 4868 inter
791 4814 991 4868 Padum
1022 4826 1077 4870 et
1109 4815 1421 4870 Bundenum
1456 4817 1507 4869 in
1537 4816 1773 4871 Gabiana
1802 4830 1930 4869 con-

354 4905 531 4971 sistit,
562 4920 683 4959 cntn
726 4906 1108 4974 piscationibus
1138 4923 1232 4977 per
1261 4907 1461 4963 Padum
1492 4918 1547 4964 et
1578 4907 1890 4962 Bnndenum
1912 4949 1928 4972 ,

360 4993 699 5062 i‘aludesqne
729 5007 782 5049 et
812 4995 983 5050 Lacus
1008 5014 1022 5048 :
1055 5009 1110 5050 ut
1139 5013 1284 5066 saepe
1313 5000 1584 5053 nominata
1616 5006 1798 5051 sancta
1830 4997 1932 5051 Re-

356 5084 559 5153 giensis
586 5086 820 5139 ecclesia
855 5090 967 5139 tta-c
997 5090 1176 5141 omnia
1215 5090 1336 5156 jure
1368 5089 1723 5156 proprietario
1753 5097 1935 5141 tem-at

361 5183 527 5242 atque
562 5174 832 5242 possideat
875 5178 1074 5244 absque
1120 5176 1347 5243 alicujus
1393 5179 1676 5244 potestatis
1702 5186 1931 5230 contra-

358 5266 611 5321 dictione.
645 5269 1000 5323 Concedimus
1023 5273 1207 5336 etiam,
1233 5281 1287 5324 ut
1316 5269 1360 5324 si
1389 5271 1661 5324 contentio
1684 5270 1751 5325 de
1776 5272 1935 5326 rebus

358 5374 424 5412 ac
449 5357 666 5413 familiis
691 5359 931 5427 ejusdem
960 5360 1200 5416 ecclesiae
1230 5360 1392 5416 fuerit
1425 5363 1612 5426 horta,
1662 5361 1818 5415 liceat
1854 5364 1934 5416 itt-

362 5449 579 5518 quisitio
605 5452 717 5505 iieri
751 5467 844 5521 per
869 5454 1036 5507 b0ttos
1067 5465 1121 5509 et
1148 5454 1405 5524 ingenuos
1436 5454 1678 5508 homines
1707 5455 1936 5509 circum-

363 5554 575 5609 quaque
605 5553 880 5596 ntanentes
919 5559 1087 5612 nsque
1114 5544 1178 5598 ad
1208 5553 1618 5597 sacramentum.
1671 5542 1937 5599 Habeant-

363 5644 469 5698 que
514 5629 615 5684 sibi
666 5634 946 5702 pontiﬁces
993 5634 1159 5703 ipsius
1201 5634 1445 5688 ecclesias
1488 5633 1774 5689 advocatos
1804 5636 1938 5692 duos

365 5721 451 5776 vel
479 5730 609 5792 tres,
639 5726 684 5779 si
716 5740 936 5783 necesse
965 5725 1121 5781 fuerit
1143 5767 1161 5795 ,
1203 5740 1341 5795 quos
1378 5724 1477 5795 ipsi
1511 5726 1763 5795 elegerint
1787 5768 1807 5796 ,
1849 5729 1937 5798 qui

2026 4556 2304 4611 ecclesiam
2352 4553 2450 4609 Dei
2497 4557 2646 4608 visus
2688 4553 2784 4607 I'uit
2812 4552 3114 4621 delegasse;
3159 4550 3427 4617 inspectas
3465 4549 3627 4617 ipsas.

2030 4644 2431 4711 preceptiones,
2472 4642 2554 4695 vel
2594 4642 3060 4704 conlirtnationes,
3107 4640 3221 4695 sive
3260 4638 3621 4701 vinditiones,.

2031 4735 2114 4789 vel
2145 4733 2619 4795 commutationes,
2644 4732 2821 4787 denuo
2852 4747 2945 4799 per
2974 4740 3211 4786 nostram
3240 4731 3623 4786 auctoritatem

2029 4827 2172 4881 circa
2205 4826 2379 4894 ipsum
2408 4834 2651 4880 sanetum
2682 4825 2853 4878 locum
2885 4824 3070 4878 rederc
3094 4834 3149 4878 et
3177 4823 3492 4877 conﬁrmare
3516 4821 3613 4875 de-
3651 4883 3662 4890 _

2033 4918 2306 4970 heremus.
2363 4915 2530 4985 Cujus
2585 4915 2896 4985 petitionem
2953 4926 3048 4982 pro
3101 4913 3396 4966 reverentia
3450 4912 3617 4977 ipsius

2031 5008 2201 5061 sancti
2251 5007 2353 5060 loci
2408 5008 2687 5060 noluimus
2734 5006 3032 5073 denegare;
3087 5003 3181 5057 sed
3235 5002 3285 5055 in
3332 5001 3625 5057 elimosina

2035 5107 2209 5149 nostra
2241 5096 2311 5149 ita
2354 5096 2647 5165 prestitisse
2679 5104 2732 5149 et
2760 5095 3104 5148 continuasse
3131 5103 3435 5161 cognoscat.
3481 5090 3615 5146 Pre-

2034 5186 2294 5254 eipientes
2316 5200 2446 5254 ergo
2474 5185 2744 5252 jubemus,
2773 5193 2827 5235 ut
2852 5183 2989 5237 sicut
3014 5192 3220 5236 constat
3252 5182 3363 5248 ipsa
3392 5182 3629 5237 ecclesia.

2035 5276 2204 5331 sancti
2258 5276 2446 5330 Donati
2497 5276 2563 5329 de
2613 5273 2861 5340 predictis
2908 5275 3069 5326 rebus
3112 5287 3141 5326 a
3180 5273 3336 5342 longo
3380 5283 3622 5339 tempore

2033 5366 2176 5435 juste
2201 5376 2257 5419 et
2286 5364 2676 5419 rationabiliter
2707 5362 2911 5429 legibus
2945 5365 3132 5417 vestita
3177 5363 3361 5430 fuisse,
3401 5373 3455 5417 et
3492 5378 3619 5431 pre-

2038 5459 2177 5513 senti
2206 5468 2447 5525 tempore
2477 5464 2803 5509 memoratus
2835 5455 2913 5508 vir
2944 5456 3263 5511 venerabilis
3293 5456 3371 5508 vir
3397 5456 3617 5510 Aribcr—

2041 5556 2126 5603 tus
2169 5547 2450 5617 episcopus
2492 5558 2639 5601 recto
2686 5548 2897 5601 tramite
2944 5548 3221 5617 possidere
3260 5548 3488 5615 videtur,
3538 5549 3622 5602 itt-

2041 5648 2251 5708 spectas
2294 5636 2458 5703 ipsius
2510 5628 2884 5707 p'reccptioncs
2928 5639 3013 5693 vel
3060 5637 3491 5693 contirmationes
3536 5654 3620 5693 re-

2042 5744 2188 5801 gum,
2214 5736 2267 5782 ut
2289 5726 2536 5798 diximus,
2570 5742 2665 5785 seu
2691 5728 3033 5796 rioditiones,
3055 5728 3139 5785 vel
3167 5729 3596 5787 conmutationcs
