4034 6182
544 2516 554 2558 i

559 287 696 344 i015

562 496 701 548 hanc
753 503 991 543 nostram
1048 483 1415 537 auctoritatem
1473 485 1630 542 atque
1683 471 2146 525 conﬁrmationem

561 587 734 639 valeat
762 583 869 650 iam
904 579 1039 632 latus
1070 575 1348 627 Aribertus
1374 568 1680 634 episcopus,
1713 562 1901 630 suique
1936 571 2149 613 succes-

560 689 734 738 sores,
768 671 854 740 qui
899 667 1094 721 iuerint
1136 672 1375 716 rectores
1417 657 1583 726 ipsius
1623 655 1791 708 sancti
1835 652 1956 716 loci,
2001 650 2152 718 ipsis,

563 776 620 820 ut
646 778 803 832 supra
847 758 1286 818 memoravimus,
1331 750 1489 803 rebus
1518 749 1696 814 quieto
1735 743 1922 798 ordine
1967 751 2153 794 tenere

563 870 616 913 et
648 831 956 926 possidere;
1001 859 1057 905 et
1088 849 1262 902 nullus
1289 842 1554 913 quidlibet
1581 840 1646 893 de
1678 835 1922 892 lidelibus
1954 831 2155 886 nostris

564 947 758 1001 amodo
786 952 838 998 et
864 943 1117 1007 deinceps
1157 950 1283 1004 sepe
1312 935 1454 986 dicto
1481 931 1731 999 episcopo
1761 926 1844 979 vel
1871 936 2157 982 suecesso-

565 1043 713 1096 ribus
741 1039 852 1092 suis
881 1037 946 1090 de
985 1035 1094 1104 iam
1137 1028 1515 1100 suprascriptis
1556 1027 1715 1079 rebus
1745 1019 2041 1090 inquietare
2067 1021 2159 1068 aut

567 1131 884 1185 calumniam
926 1139 1185 1196 generare
1213 1135 1425 1191 quoque
1459 1129 1698 1184 tempore
1728 1129 1832 1166 non
1863 1114 2173 1180 presurnat,‘

568 1229 662 1281 Sed
706 1224 900 1278 nostris
939 1231 992 1275 et
1038 1219 1227 1273 iuturis
1274 1213 1602 1282 temporibus
1650 1209 1715 1262 ad
1767 1207 1934 1270 ipsam
1978 1213 2156 1255 casam

575 1327 667 1380 Dei
716 1322 995 1392 proﬁciant
1037 1319 1089 1370 in
1135 1312 1454 1382 angmentis.
1509 1308 1574 1360 Et
1621 1315 1676 1358 ut
1728 1303 1824 1357 hec
1870 1301 2158 1353 auctoritas

568 1417 772 1472 lirmior
804 1416 1084 1478 habeatur,
1119 1411 1201 1463 vel
1251 1423 1345 1475 per
1391 1415 1627 1472 tempora
1659 1399 1848 1452 melius
1878 1407 2160 1450 conserve-

568 1525 676 1572 tur,
711 1524 873 1564 manu
914 1505 1126 1576 propria
1166 1501 1350 1556 subter
1379 1511 1497 1552 eam
1536 1491 1873 1547 decrevimus
1905 1485 2159 1540 roborare

572 1613 623 1653 t-t
655 1600 721 1654 de
751 1598 911 1652 anulo
939 1604 1122 1648 nostro
1150 1591 1407 1660 iussimus
1437 1583 1679 1654 sigillari.

645 1692 865 1757 Signum
894 1685 1068 1742 Caroli
1100 1677 1470 1752 gloriosissimi
1501 1674 1658 1744 regis.

650 1779 1034 1835 Ercambaldus
1063 1777 1128 1830 ad
1163 1775 1335 1828 vicem
1369 1769 1570 1823 Radoui
1600 1763 1910 1834 subscripsi.

644 1873 833 1925 Datum
878 1867 966 1921 VII
1018 1867 1139 1920 ldus
1183 1861 1466 1926 Octobris,
1513 1872 1655 1912 anno
1695 1871 1816 1918 xvi,
1865 1865 1918 1908 et
1957 1851 2166 1906 decimo

573 1970 720 2040 regni
755 1965 943 2027 nostri.

643 2070 835 2117 Actum
866 2053 1163 2113 Vurmasita
1190 2051 1428 2112 civitate,
1461 2047 1514 2100 in
1545 2042 1638 2099 Dei
1672 2040 1885 2096 nomine
1917 2036 2164 2092 feliciter.

580 2158 773 2210 Amen.

1345 2209 1436 2264 IX.

584 2315 828 2385 Diploma
901 2306 1076 2366 Caroli
1133 2303 1313 2385 Μιεῃηὶ
1394 2296 1821 2385 Br‘omMutinensi
1880 2307 1903 2333 α
1957 2289 2170 2345 rcclesia

1207 2369 1363 2444 (anno
1396 2369 1550 2438 785).

814 2473 907 2534 (Ex
935 2467 1178 2533 Ughellio,
1206 2465 1339 2515 Italia
1363 2464 1529 2520 Sacra,
1555 2468 1671 2509 tom.
1695 2456 1760 2520 ll,
1789 2470 1834 2517 p.
1861 2455 1965 2515 9i.)

649 2557 869 2614 Carolus
897 2553 1064 2624 gratia
1097 2549 1188 2604 Dei
1225 2561 1317 2601 rex
1352 2543 1679 2598 Francorum
1701 2581 1717 2606 ,
1757 2547 1813 2593 et
1863 2534 2174 2602 Langobar-

581 2653 797 2718 dortun,
840 2661 903 2701 ac
957 2642 1202 2714 patritius
1253 2637 1546 2700 Romamre,
1579 2631 1830 2685 erunibus
1877 2625 2170 2695 episcopis,

584 2742 882 2804 abbatibus,
923 2735 1171 2797 ducibus,
1194 2727 1503 2790 comitibus,
1537 2722 1817 2795 gastaldis,
1846 2731 2009 2788 atque
2051 2730 2174 2770 om-

587 2835 750 2890 nibus
805 2824 1146 2884 monasteriis
1204 2821 1368 2876 Deum
1430 2814 1763 2880 tirneutibus,
1819 2807 2175 2881 prasentibus

591 2939 644 2982 et
677 2924 891 2980 futuris.

660 3014 944 3069 niaximum
971 3007 1121 3078 regni
1150 3005 1316 3059 nostri
1349 3003 1402 3057 in
1424 3001 1528 3055 hoc
1549 2985 1731 3069 augeri
1761 2994 2037 3050 credimus
2062 3003 2177 3046 mo-

592 3105 915 3167 nimentum,
943 3099 987 3153 si
1019 3096 1366 3165 petitionibus
1395 3090 1756 3154 sacerdotum,
1789 3100 1852 3140 ac
1893 3097 2168 3140 servorum

595 3197 708 3258 Dei,
747 3197 797 3248 in
829 3208 934 3261 quo
965 3189 1164 3244 nostris
1192 3185 1409 3239 auribus
1438 3183 1634 3236 fuerint
1662 3178 1953 3244 productae,
1987 3174 2176 3230 libenti

597 3287 773 3340 animo
813 3283 1268 3349 obtemperaturus,
1319 3284 1478 3342 atque
1529 3272 1593 3324 ad
1634 3269 1880 3324 eii‘ectum
1937 3264 2180 3336 perduci-

596 3390 736 3430 mus.
791 3375 1128 3440 Quaprnpter
1173 3366 1384 3422 noverit
1429 3363 1653 3418 solertia
1712 3371 1910 3424 vestra,
1954 3358 2182 3426 qualiter

603 3481 702 3520 nos
733 3465 797 3518 ad
824 3463 1132 3530 petitionem
1166 3455 1496 3511 venerabilis
1526 3455 1623 3506 viri
1658 3450 1957 3504 Gemiuiani
1985 3456 2182 3502 sanctae

604 3554 918 3612 Mutinensis
949 3551 1194 3607 ecclesia:
1235 3546 1493 3615 episcOpi,
1528 3560 1646 3614 qua:
1677 3553 1761 3597 est
1789 3548 2094 3595 constructa
2128 3539 2181 3592 in

605 3653 863 3705 honorem
924 3641 1308 3714 preciosissimi
1358 3637 1689 3692 confessoris
1735 3634 1938 3688 Christi
1997 3630 2183 3685 Gemi-

605 3742 754 3798 niani
809 3738 1057 3794 antistitis
1116 3735 1282 3803 ipsius
1339 3730 1604 3792 eeclesim,
1651 3727 1758 3781 tale
1810 3725 1954 3778 circa
2012 3724 2183 3790 ipsum

610 3843 853 3889 sanctum
912 3830 1085 3884 locum
1144 3822 1480 3879 concessisse
1527 3816 1866 3878 benelicium,
1907 3824 1963 3867 ιιι
1993 3812 2044 3865 in
2073 3825 2185 3866 mo-

608 3926 866 3988 nasteria,
907 3929 964 3977 et
992 3915 1352 3977 xenodoch'a,
1390 3926 1484 3964 seu
1523 3906 1778 3963 ecclesias
1816 3903 2184 3972 baptismales,

609 4020 695 4073 vel
727 4016 960 4080 reliquas
1009 4007 1400 4079 possessiones,
1431 4016 1549 4071 qua:
1580 3999 1645 4052 ad
1677 3997 1876 4051 dictum
1905 3996 2184 4064 episc0pa-‘

609 4122 724 4164 tum
758 4106 1046 4176 pertinent,
1095 4108 1202 4152 tam
1232 4099 1298 4150 de
1341 4093 1630 4148 donatione
1658 4088 1819 4157 regis,
1848 4101 2006 4156 quam
2044 4084 2186 4153 regi-

610 4213 826 4262 narum,
859 4210 951 4250 seu
983 4189 1306 4257 reliquorum
1341 4185 1502 4238 Deum
1548 4181 1847 4234 timentium
1888 4177 2186 4240 hominum,

615 4291 758 4343 unde
785 4287 1042 4341 model-uo
1076 4294 1312 4348 tempore
1343 4279 1452 4344 ipsa
1487 4288 1610 4326 casa
1645 4271 1734 4324 Dei
1762 4269 1907 4338 iuste
1939 4265 2187 4320 investita

614 4391 718 4442 est,
764 4385 853 4430 aut
882 4373 1020 4443 quod
1067 4371 1246 4424 divina
1281 4367 1446 4435 pietas
1486 4362 1554 4416 ibi
1586 4360 1911 4426 amplilicare
1940 4355 2185 4418 voluerit,

613 4468 793 4522 nullus
816 4465 974 4534 iudex
1029 4461 1269 4531 publicus
1297 4457 1362 4510 ad
1393 4469 1580 4508 causas
1610 4447 1954 4513 audiendum,
1989 4447 2069 4500 vel
2101 4445 2184 4498 lo-

618 4562 714 4612 dra
741 4558 972 4623 undique
998 4552 1314 4622 exigendum
1345 4565 1359 4610 ;
1391 4562 1483 4599 seu
1510 4545 1838 4607 mansiones,
1868 4550 1959 4593 aut
1983 4547 2196 4608 paratas

618 4647 944 4707 faciendum,
992 4659 1092 4698 nec
1123 4640 1494 4708 lideiussiones
1528 4633 1843 4695 tollendum,
1878 4646 2052 4699 neque
2097 4629 2193 4682 h0-

621 4741 854 4795 miuihus
885 4736 1052 4804 ipsius
1078 4734 1419 4801 episcopatus
1445 4725 1897 4793 distringemlum,
1930 4736 2030 4775 nec
2060 4721 2197 4773 ullas

623 4831 1006 4888 redhibitiones
1053 4824 1291 4892 publicas
1331 4819 1733 4887 requirendum,
1772 4812 2054 4882 iudiciaria
2103 4825 2197 4880 psi-

621 4935 786 4978 testas
813 4921 1008 4976 ibidem
1039 4929 1306 4986 quoquam
1343 4921 1584 4977 tempore
1634 4905 1861 4975 ingredi,
1914 4901 1993 4955 vel
2023 4914 2193 4980 exac-

624 5032 737 5072 tare
768 5016 978 5085 penitus
1023 5027 1128 5064 non
1172 5013 1476 5077 praesumat.
1512 5003 1801 5068 Propterea
1835 4997 1969 5049 hanc
1999 4995 2192 5047 immu-

627 5111 844 5163 nitatem
883 5101 1221 5158 conscribcre
1248 5097 1534 5166 iussimus,
1567 5105 1663 5159 per
1691 5103 1847 5158 quam
1893 5084 2196 5151 specialiter

622 5201 962 5255 decernimus
1015 5189 1390 5248 ordinandum,
1437 5193 1494 5238 ttt
1536 5181 1712 5235 nullus
1741 5176 1963 5247 quilibet
1991 5174 2057 5228 de
2099 5185 2193 5224 vo-

623 5296 725 5353 ltis,
760 5303 930 5357 neque
959 5287 1025 5338 tle
1051 5281 1356 5351 junioribus
1385 5275 1580 5330 vestris
1611 5271 1825 5336 amello,
1855 5277 1907 5321 et
1935 5266 2194 5329 deinceps

624 5403 676 5438 ιιι
707 5382 942 5435 risimus
992 5377 1044 5428 in
1093 5368 1436 5429 monasteria,
1475 5365 1556 5418 vel
1596 5357 1948 5420 xenodocbia,
1980 5369 2075 5408 seu
2107 5365 2196 5407 ec-

698 5552 722 5578 ιι
756 5535 1099 5592 Gcminianus
1151 5529 1249 5580 hoc
1293 5523 1506 5576 nomine
1535 5519 1600 5584 ll,
1646 5511 1956 5592 Mutinensis
1991 5505 2198 5592 cpisco-

701 5574 722 5578 VV
757 5574 1098 5592 \J‘allll'llI-Ilviv
1152 5574 1248 5580 IVV"
1296 5574 1394 5576 __,,,
1585 5574 1598 5584 '

628 5624 735 5678 pus,
774 5609 994 5661 allectus
1037 5610 1119 5655 est
1157 5613 1298 5650 anno
1348 5593 1487 5653 785;
1533 5592 1582 5642 in
1614 5587 1764 5663 ocius
1796 5581 2014 5678 gratiam
2049 5574 2197 5628 Desi-

975 5674 990 5678 ‘
1157 5670 1167 5678 ⁵
1270 5669 1280 5678 ¹
1481 5677 1492 5678 κ
1565 5677 1571 5678 κ
1601 5659 1639 5678 ἕν
1679 5654 1806 5678 --.....'.
1836 5663 1947 5678 ,ειη-οι
1997 5659 2196 5678 ιιι-πυρο-

629 5650 807 5730 ili-rius
850 5692 938 5730 rex
975 5669 1438 5737 LongobardttrUtD
1471 5650 1645 5715 ὸηιιιίιι
1679 5650 1950 5737 ίπίινίίβῧῖδ
1997 5659 2196 5737 ντίῖοο·

631 5717 1116 5811 ἀειιιίυιιξῖῖνὲιὶιιιο
1128 5717 1626 5808 ἒῖέέιᾘυῑὶιιριιεοηι
1655 5717 1931 5782 ecclesiam
1965 5729 2074 5775 rata
2099 5717 2189 5773 ha-

1441 271 1496 324 Β.
1539 267 1793 324 CAROLI
1834 262 2050 320 MAGM
2093 259 2249 314 Ol’l‘.
2297 252 2473 310 PARS
2516 253 2556 318 l,
2597 249 2839 306 SECTIO
2880 248 2943 302 ll.

554 406 667 460 sive
697 400 1009 458 traditiones
1039 396 1302 450 bonorttrn
1343 385 1613 441 hominum
1657 384 1725 436 ita
1767 383 1819 434 in
1850 390 2007 434 antea
2043 390 2137 444 per
2167 380 2216 437 Α
2244 369 2436 424 clesias
2466 364 2833 434 baptismales,
2864 360 2949 415 vel
2996 357 3225 427 reliquas
3265 361 3615 428 possessiones,
3653 353 3740 436 qua:

3630 251 3737 308 illiti

2253 466 2320 518 ad
2352 465 2526 534 ipsum
2558 461 2949 528 episc0patum,
2983 465 3038 508 ut
3064 454 3313 520 diximus,
3355 455 3417 510 de
3453 456 3636 514 datione
3675 479 3742 518 re-

2255 572 2403 626 gum,
2439 563 2529 606 aut
2569 551 2895 620 reginarum,
2927 560 3018 600 seu
3050 545 3368 613 reliquorum
3397 544 3556 600 Deum
3590 549 3740 604 limen.

2260 647 2390 700 tittrn
2419 645 2709 713 aspiciunt,
2743 640 2922 695 nullus
2948 637 3115 707 iudex
3146 636 3378 701 publicus
3408 638 3468 691 ad
3495 653 3654 695 causas
3674 659 3746 697 au-

2254 737 2525 801 diendum,
2557 735 2641 789 vel
2671 732 2820 786 lodra
2848 729 3081 797 undique
3109 726 3432 795 exigendum,
3466 743 3550 784 seu
3569 733 3749 787 mansio-

2255 843 2370 893 nes,
2397 835 2487 880 aut
2517 833 2730 895 paratas
2761 820 3086 886 faciendum,
3119 833 3215 872 nec
3243 817 3750 886 ﬁdeiussionestolleu.

2258 923 2406 986 dttm,
2440 935 2537 973 uec
2569 918 2700 972 ullas
2733 914 3120 970 redhibitiones
3154 909 3384 980 publicas
3416 913 3749 981 requirendum,

2261 1012 2345 1068 vel
2393 1008 2750 1066 exactandum
2779 1004 3065 1075 iudiciaria
3095 1011 3327 1070 potestas
3353 1001 3528 1056 ibidem
3549 1018 3754 1071 quoquam

2259 1113 2500 1170 tempore
2533 1097 2742 1161 ingredi
2775 1097 2859 1149 vel
2887 1102 3136 1148 exactare
3156 1089 3362 1160 penitus
3388 1105 3484 1143 non
3512 1101 3756 1156 praesumat,

2259 1191 2351 1246 sed
2399 1191 2499 1245 sub
2531 1185 2891 1242 immanitatis
2923 1181 3140 1236 nomine
3167 1195 3284 1233 cum
3316 1179 3452 1232 omni
3493 1177 3632 1232 lrmda
3665 1194 3759 1233 00n-

2259 1298 2408 1338 cessa
2451 1281 2668 1335 valeant
2697 1279 2841 1331 omni
2876 1286 3116 1342 tempore
3145 1284 3378 1327 rectores
3423 1273 3571 1340 ipsius
3595 1274 3758 1339 episco-

2259 1383 2433 1441 patus,
2470 1369 2821 1435 hominesque
2845 1380 3029 1420 eorum
3053 1363 3234 1431 quiete
3263 1362 3451 1419 vivere.
3493 1371 3542 1416 et
3565 1363 3760 1416 residere.

2262 1466 2327 1519 Et
2357 1472 2414 1518 ut
2463 1465 2574 1516 haec
2605 1461 2896 1515 auctoritas
2925 1456 3127 1511 ﬁrmior
3178 1454 3448 1520 habeatur,
3491 1455 3563 1508 vel
3605 1454 3763 1508 diutur-

2262 1557 2344 1611 nis
2389 1553 2719 1623 temporibus
2770 1559 3145 1620 cognoscatur,
3195 1561 3382 1600 marms
3430 1546 3626 1615 propria:
3679 1545 3767 1598 sub-

2261 1646 2550 1713 scriptione
2578 1657 2694 1696 eam
2728 1639 3068 1694 decernimus
3091 1636 3352 1693 rohorari.

2191 1733 2240 1792 B
2340 1737 2558 1806 Signum
2598 1733 2773 1787 Caroli
2806 1727 3182 1801 gloriosissiml
3211 1727 3370 1797 regis.

2339 1827 2403 1880 V.
2450 1824 2738 1893 Vigbaldus
2784 1822 2850 1876 ad
2883 1821 3050 1875 vicem
3086 1817 3294 1872 lladoui
3327 1816 3602 1886 recognovi.

2343 1920 2472 1972 Data
2505 1917 2671 1974 Sexto
2696 1913 2923 1969 Kalend.
2953 1911 3224 1976 Octobris,
3248 1924 3386 1964 anno
3412 1925 3492 1963 xiv
3519 1917 3564 1964 et
3586 1923 3630 1962 is
3659 1910 3764 1977 regni

2269 2011 2459 2065 nostri.

3032 2091 3102 2148 Χ.

2270 2190 2512 2262 Diploma
2544 2189 2715 2245 Caroli
2747 2186 2926 2262 Magni
2954 2202 3046 2254 pro
3076 2185 3396 2262 nmnastgrjq
3409 2181 3551 2236 sancti
3583 2179 3776 2233 Vincenti“:

2700 2262 2765 2312 de
2799 2252 3054 2311 Vulturno
3086 2257 3250 2326 (anno
3275 2252 3422 2322 787).

2425 2371 2519 2435 (Ex
2548 2371 2832 2431 Dnchesne,
2860 2367 3142 2427 Scriptores
3168 2364 3496 2414 Francicarum
3514 2362 3686 2417 rerum.)

2342 2479 2564 2535 Carolus
2595 2492 2686 2531 rex
2721 2475 3046 2528 Francorum
3075 2479 3133 2526 et
3165 2465 3622 2538 Langobardorum,
3644 2475 3692 2516 ac
3714 2474 3778 2531 pa-

2273 2570 2456 2625 tricius
2482 2567 2870 2622 Romanorum.
2897 2563 3022 2617 Viro
3049 2558 3344 2617 venerabili
3373 2559 3523 2612 Paulo
3545 2553 3685 2609 abbati
3708 2564 3780 2606 seu

2274 2658 2551 2713 monachis
2580 2655 2891 2710 monasterii
2935 2651 3106 2708 sancti
3141 2647 3415 2704 Vincentis
3442 2646 3524 2701 siti
3550 2645 3595 2699 in
3617 2640 3778 2696 territo-

2275 2751 2357 2808 rio
2390 2751 2767 2806 Beneventano
2799 2745 3040 2815 partibus
3069 2740 3403 2798 Samnite...
3435 2738 3493 2791 Et
3516 2735 3614 2806 quia
3639 2729 3778 2786 detulit

2278 2841 2433 2897 nobis
2462 2848 2786 2908 prazceptum
2821 2834 2994 2889 Desidt
3017 2833 3080 2888 rii
3111 2831 3282 2901 regis,
3306 2828 3521 2898 qualiter
3541 2823 3641 2877 villa
3661 2818 3781 2874 Trita

2281 2936 2383 2990 sita
2413 2934 2464 2987 lll
2496 2931 2688 2984 linibtts
2713 2928 2973 2982 Baltteuse
2994 2924 3058 2977 ad
3089 2922 3269 2993 ipsum
3298 2929 3525 2976 sanctum
3549 2912 3777 2969 cauole

2281 3038 2380 3094 pro
2411 3021 2646 3077 utilitate
2674 3015 3057 3073 monachorum
3085 3012 3461 3068 condonasset.
3488 3003 3633 3068 Unde,
3654 3010 3696 3055 et
3713 3011 3785 3052 nos

2201 3092 2247 3155 ί)
2275 3091 2438 3184 super
2473 3114 2612 3168 idem
2649 3120 2972 3178 prleceptum
3011 3118 3214 3161 nostra:
3244 3098 3635 3159 conﬁrmationis
3655 3091 3788 3148 edidi-

2278 3220 2418 3261 mus.
2453 3203 2558 3259 Sed
2589 3203 2714 3266 ilutn
2747 3209 2931 3270 postea
2963 3198 3174 3266 aliquas
3202 3192 3559 3248 altercationes
3585 3188 3696 3239 inter
3717 3194 3787 3233 ros

2279 3305 2334 3351 et
2355 3294 2509 3364 ipsos
2539 3295 2802 3357 homines,
2847 3289 2934 3359 qui
2968 3303 3028 3343 se
3065 3301 3167 3357 per
3195 3296 3370 3340 cartas
3394 3282 3574 3337 ducum
3598 3274 3790 3329 dicebant

2279 3403 2402 3444 esse
2431 3387 2649 3452 liberos,
2685 3381 3089 3436 consurrexisse
3119 3378 3459 3430 manifestum
3485 3379 3576 3426 est.
3607 3368 3688 3422 Pro
3707 3362 3791 3430 qvi-

2285 3483 2382 3536 bus
2424 3496 2520 3534 nos
2560 3481 2755 3534 missos
2797 3484 3006 3529 nostros
3043 3471 3291 3527 liiiurum
3319 3480 3371 3525 et
3408 3466 3694 3536 Agilbertum
3724 3457 3792 3511 ibi-

2286 3573 2409 3626 dem
2458 3571 2687 3624 directos
2736 3566 3036 3629 habuimus,
3079 3579 3176 3629 per
3216 3575 3352 3631 quos
3397 3571 3590 3614 omnem
3625 3561 3788 3605 causam

2283 3663 2536 3733 liquidius
2575 3661 2929 3730 inquirentes,
2969 3670 3188 3708 omnem
3232 3653 3503 3707 veritatem
3537 3643 3693 3701 exinde
3720 3653 3795 3691 co-

2283 3758 2588 3826 gnovimus.
2620 3756 2906 3820 Propterea
2931 3762 3025 3816 pro
3051 3746 3319 3800 mercedis
3347 3753 3532 3797 nostra!
3555 3739 3792 3803 augmento.

2287 3862 2384 3902 nos
2413 3847 2477 3900 ad
2519 3849 2685 3914 ipsam
2717 3857 2930 3896 causam
2962 3837 3132 3894 sancti
3165 3835 3427 3891 Vincentii
3459 3827 3674 3900 martyris
3696 3837 3794 3893 prr-

2287 3937 2426 3992 lattrs
2481 3936 2726 3990 hoiuines
2777 3933 2846 3986 de
2892 3939 3187 3983 memorata
3231 3926 3357 3978 villa
3394 3921 3567 3984 'I‘rita',
3607 3908 3797 3970 sicutab

2287 4031 2506 4098 antiquo
2538 4036 2777 4093 tempore
2804 4023 3016 4077 illorum
3047 4019 3203 4087 origo
3235 4016 3302 4071 ad
3336 4012 3593 4070 servitium
3627 4001 3800 4060 redden-

2289 4123 2415 4178 dum
2449 4117 2614 4174 debiti
2647 4091 2879 4183 luerunt,
2909 4114 2975 4166 ita
3008 4121 3059 4166 et
3090 4109 3352 4176 deinceps
3378 4111 3563 4160 remota
3587 4099 3645 4152 de
3669 4091 3799 4148 medio

2290 4214 2434 4268 omni
2488 4211 2752 4272 libertate,
2804 4206 3093 4276 legitimum
3144 4201 3420 4256 servitium
3464 4204 3516 4249 et
3552 4185 3797 4254 obsequium

2291 4301 2671 4374 perpetualiter
2707 4298 2852 4352 omni
2896 4304 3136 4362 tempore
3180 4298 3576 4360 pcrruansurum
3611 4275 3798 4332 donatio-

2294 4397 2376 4450 nis
2405 4403 2747 4462 praaceptum;
2783 4399 2839 4442 ιιι
2873 4385 3150 4456 perliciant
3177 4381 3449 4451 iubemus.

2220 4440 2268 4498 Β
2294 4440 2376 4450 ἠν
2406 4440 2747 4462 r""'"r"-'--r
2791 4440 2835 4442 η
2874 4440 2888 4456 ι
2918 4440 2928 4441 ί
3177 4440 3195 4451 .

2307 4527 2544 4568 ninlnmn
2571 4525 2786 4568 nim-mn
2808 4536 2904 4568 mm
2928 4518 2990 4568 de
3017 4513 3306 4568 ordinando
3329 4511 3504 4562 abbate
3526 4507 3621 4558 sine
3637 4494 3802 4568 qualibft

3181 4564 3229 4635 lii
3275 4582 3521 4650 subjectus
3549 4564 3677 4650 cellas
3700 4564 3804 4650 etilli-

3520 4645 3690 4697 ualiter,
3716 4636 3807 4686 libr-

2302 4527 2544 4595 Diploma
2571 4525 2786 4577 alterum
2808 4536 2904 4595 quo
2928 4518 2990 4595 de
3017 4515 3161 4569 ordiri

2371 4586 2713 4661 cuiuscunque
2751 4591 3009 4661 "toleratio,
3047 4597 3093 4637 el
3133 4586 3176 4636 si

2371 4653 2562 4729 nandi,
2594 4653 2862 4735 judicnndi
2903 4653 3315 4735 “disponendi,
3341 4658 3514 4735 periret

2370 4753 2480 4789 ram
2527 4708 2896 4787 c’or‘lressionem
2950 4708 3162 4794 largitus
3213 4708 3463 4774 cst-idem
3508 4708 3800 4794 iuiperalorlel

2370 4822 2460 4858 rex.
2490 4804 2703 4858 Carolus
2736 4774 3053 4864 huiusmodi
3071 4795 3278 4861 pra’fuli
3310 4774 3584 4864 monasterii
3608 4774 3809 4834 nionacltis

2368 4878 2531 4930 sancti
2569 4863 2819 4930 Vincentir‘
2845 4868 3004 4921 levita:
3025 4875 3071 4918 et
3100 4863 3365 4930 martyris.

2374 4989 2596 5044 Carolus
2635 4983 2799 5053 gratia
2837 4979 2928 5034 Dei
2971 4993 3066 5032 rex
3098 4976 3463 5035 Francorum,
3493 4978 3542 5022 et
3569 4957 3812 5051 Langobar-

2299 5082 2512 5138 dorum.
2536 5091 2597 5130 ac
2625 5043 2878 5143 patricius
2902 5069 3292 5122 Romanorum.
3323 5058 3570 5115 Omnibus
3586 5043 3810 5139 episcvpisi

2300 5169 2602 5230 abbatibus,
2627 5129 2878 5222 ducibus,
2906 5153 3217 5218 comitibus,
3248 5147 3541 5219 tiodii-ilms,
3569 5129 3811 5194 castaldci-‘r

2299 5257 2641 5320 autionariis,
2675 5251 2919 5312 vicariis,
2950 5244 3302 5304 centenariis,
3340 5242 3421 5292 vel
3466 5234 3664 5300 reliquis
3687 5222 3813 5278 lideli-

2300 5355 2396 5408 bus
2438 5347 2654 5414 nostris,
2695 5340 3044 5414 praesentibus
3072 5333 3283 5391 scilicet
3312 5347 3376 5384 ac
3406 5323 3603 5382 laturis.
3639 5313 3814 5374 liuith

3300 5482 3511 5550 Magnus
3540 5467 3812 5550 debellasth

2399 5533 2434 5556 Io
2579 5533 2643 5552 'lll
2667 5533 2788 5550 υυιιι
2873 5533 2970 5544 "\‘I‘
2987 5533 3016 5542 ν-
3050 5533 3131 5542 ν..-
3153 5533 3266 5538 ν---
3301 5533 3335 5536 -,
3357 5533 3362 5534 ,

2299 5533 2587 5639 εἴη)τῶῖὲ
2600 5568 2804 5621 diversa
2830 5533 3105 5639 privilegiis
3130 5553 3366 5635 diversis
3384 5533 3667 5624 indulsisset
3688 5533 3816 5592 eccis-

2299 5624 2424 5711 sli‘s,
2452 5624 2552 5698 hoc
2576 5649 2802 5709 sequens
2825 5624 2984 5689 etiam
3009 5624 3329 5685 Gcminiano
3359 5624 3628 5677 concessit.

2298 5504 2434 5561 buit.
2473 5501 2643 5568 Quem
2667 5509 2788 5550 cum
2835 5500 3016 5568 postea
3043 5484 3269 5568 Carolus
