4034 6182
329 325 466 381 il)”

675 325 904 382 CODEX
951 325 1468 384 DlPLOMATlCUS.
1513 357 1580 368 —
1623 325 2044 381 PlilVll.EGl:\.
2073 352 2145 370 -ο
2174 327 2427 384 PRIVIL.
2472 329 2604 384 PER
2645 329 2921 388 PARTES
2961 331 3238 390 lTALhE.

3467 337 3601 396 1018

325 437 472 506 regni
505 439 668 492 nostri
701 439 754 492 iu
787 439 886 492 hoc
917 439 1096 508 augeri
1123 441 1390 496 credimus
1417 443 1830 507 munimentum,
1855 440 1902 496 si
1931 443 1978 498 Δ
2007 453 2108 508 que
2148 441 2248 510 ipsi
2293 443 2484 498 fratres
2524 443 2612 512 qui
2656 444 2851 500 ibidem
2896 445 3008 501 Deo
3057 446 3303 524 famulari
3333 447 3600 518 videntur,

327 530 672 598 petitionibus
703 533 1037 588 sacerdotum
1068 544 1226 594 atque
1251 547 1524 587 servorum
1562 534 1690 597 Dei‘,
1722 534 1772 586 in
1804 548 1908 601 quo

327 618 526 670 nostris
575 619 796 674 auribus
845 621 1040 675 iuerint
1085 623 1326 688 prolatas,
1370 623 1552 676 libenti
1593 624 1772 674 animo
1809 621 1906 675 ob-

325 721 718 778 temperamus,
748 722 908 779 atque
935 712 998 764 ad
1027 713 1273 766 eﬂ'ecutm
1307 713 1642 780 perducimus
1661 753 1676 776 ,
1709 712 1908 778 regiam

326 801 770 854 consuetudinem
801 817 1136 867 exercemus,
1167 811 1222 857 et
1248 804 1346 858 hoc
1375 804 1528 858 nobis
1553 804 1617 857 ad
1649 804 1911 858 mercedis

331 905 713 959 augmentum,
745 895 825 948 vel
857 895 1198 950 stabilitatem
1229 899 1374 966 regni
1407 900 1573 954 nostri
1605 900 1656 952 in
1698 899 1788 952 Dei
1825 915 1914 951 nu-

325 987 470 1038 mine
494 985 758 1051 pertinere
781 987 1118 1040 conlidimus.
1146 989 1480 1057 Quapropter
1509 991 1714 1044 noverit
1743 992 1912 1044 soler-

327 1077 398 1128 tia
431 1085 628 1140 vestra,
671 1077 900 1144 qualiter
939 1085 1036 1132 nos
1076 1080 1140 1131 atl
1184 1081 1494 1146 petitionem
1536 1082 1771 1148 religiosi
1812 1082 1910 1134 viri

325 1165 474 1218 Pauli
521 1167 726 1222 abbatis
768 1183 832 1222 ex
880 1174 1209 1226 monasterio
1252 1175 1420 1226 sancti
1467 1175 1725 1228 Vincentii
1775 1191 1914 1228 mar-

325 1259 478 1326 tyris,
525 1258 666 1326 quod
711 1268 794 1313 est
839 1270 1208 1317 constructum
1261 1265 1312 1317 in
1364 1267 1534 1319 locum
1587 1268 1674 1332 qui
1721 1268 1916 1320 dicitur

324 1347 527 1401 Samnii
575 1365 738 1416 super
785 1351 1004 1406 ﬂuvium
1049 1353 1390 1420 Vulturnum,
1443 1359 1548 1410 tale
1596 1359 1910 1412 benelieium

324 1437 465 1490 circa
501 1438 672 1505 ipsum
705 1444 1082 1496 monasterium
1112 1446 1211 1498 visi
1247 1445 1440 1500 fuitnus
1471 1452 1824 1514 cornees:~'is:e,
1858 1461 1914 1504 ut

327 1527 382 1577 in
411 1530 754 1583 monasteriis
787 1531 1019 1599 legitime
1049 1535 1148 1587 sibi
1180 1534 1464 1604 subjectis,
1497 1553 1720 1605 quorum
1753 1557 1912 1594 voca-

325 1617 450 1671 bula
483 1631 608 1674 sunt
639 1639 650 1674 :
683 1626 1066 1678 monasterium
1098 1628 1266 1680 sancti
1309 1628 1447 1681 l’etri
1483 1630 1744 1696 apostoli,
1775 1633 1914 1697 quod

315 1707 736 1788 _l'undatut_u-est
785 1727 952 1778 prope
1001 1729 1184 1768 muros
1229 1716 1456 1770 civitatis
1503 1728 1698 1771 nostra:
1749 1720 1916 1775 liene-

327 1809 490 1854 vento
523 1819 536 1854 :
569 1811 622 1856 et
664 1805 1046 1858 monasterium
1086 1815 1283 1860 sancta:
1323 1807 1534 1872 Mariae,
1575 1810 1714 1876 quod
1753 1813 1910 1864 situm
1951 1793 1992 1852 Β

323 1905 404 1948 est
435 1895 486 1947 in
521 1894 712 1954 ﬁnibus
737 1895 950 1964 Spoliti,
981 1896 1034 1951 in
1065 1898 1182 1952 loco
1205 1899 1292 1967 qui
1321 1899 1519 1953 dicitur
1548 1902 1918 1966 Apinianicze:

325 1984 544 2052 insuper
571 1995 626 2041 et
655 1997 846 2042 caetera
881 1989 1224 2053 monasteria,
1251 1991 1332 2044 vel
1361 1993 1545 2057 cellas,
1575 1993 1688 2046 sive
1715 2005 1916 2060 curtes,

325 2076 412 2130 vel
455 2077 686 2147 reliquas
727 2081 1115 2147 possessiones,
1153 2095 1272 2148 qua:
1313 2096 1376 2135 ex
1426 2083 1670 2154 largitate
1711 2099 1916 2150 regum,

328 2169 660 2234 reginarum,
691 2169 810 2222 sive
841 2170 1068 2234 ducum,
1100 2171 1186 2224 vel
1214 2171 1474 2224 bonorum
1507 2175 1777 2227 hominum
1797 2215 1811 2238 ,
1846 2174 1919 2228 ibi

327 2267 452 2309 Sunt
481 2256 618 2310 data:
642 2297 658 2323 ,
699 2258 782 2312 vel
813 2259 1104 2328 delegalac,
1145 2275 1238 2314 seu
1271 2261 1429 2315 etiam
1468 2273 1780 2329 excusatus,
1822 2281 1918 2319 seu

327 2347 582 2414 oll'ertos,
627 2351 716 2418 qui
763 2351 814 2404 iu
863 2351 1097 2420 prmlatis
1143 2354 1482 2408 monasteriis
1529 2355 1766 2425 legitime
1807 2357 1916 2428 iam

327 2439 556 2507 subjecti
587 2451 744 2510 sunt,
774 2443 853 2498 vel
894 2445 980 2510 qtti
1011 2444 1202 2499 devote
1227 2445 1419 2501 otTerre
1447 2461 1507 2502 se
1535 2463 1655 2502 cum
1687 2451 1798 2504 Suis
1831 2465 1918 2504 re-

329 2533 430 2586 bus
457 2533 740 2602 voluerint,
764 2536 908 2604 inSte
929 2546 984 2590 et
1010 2539 1392 2593 rationabiliter
1423 2541 1688 2594 licentiam
1723 2543 1919 2597 habere

329 2626 582 2682 debeant.
615 2627 832 2682 Necnon
874 2639 927 2682 et
967 2628 1334 2700 undecumque
1367 2632 1476 2698 ipsa
1511 2645 1632 2684 casa
1676 2633 1767 2685 Dei
1799 2650 1916 2684 tuo-

329 2717 504 2774 derno
550 2731 786 2791 tempore
827 2723 972 2790 justo
1017 2722 1228 2778 tramite
1269 2725 1459 2777 ve-tita
1501 2707 1620 2779 esse
1663 2727 1918 2790 cernitur,

329 2813 414 2867 vel
445 2815 585 2881 quod
617 2814 826 2869 inantea
867 2829 894 2866 a
931 2815 1094 2868 Deum
1133 2814 1442 2870 timentibus
1481 2817 1785 2872 hominibus
1823 2818 1920 2871 ibi-

330 2903 454 2957 dem
485 2905 686 2972 legibus
713 2906 974 2970 additum,
1000 2908 1083 2961 vel
1112 2907 1418 2978 delegatum
1451 2909 1632 2974 fuerit,
1654 2919 1712 2962 ut
1743 2910 1922 2964 nullus

328 2996 494 3064 iudex
531 2997 774 3064 publicus
800 2997 866 3052 ad
901 3011 1088 3053 causas
1113 2999 1456 3065 audiendum,
1489 3001 1570 3054 vel
1602 3001 1732 3054 freta
1763 3001 1922 3054 undi-

330 3103 436 3154 que
465 3089 818 3157 exigendum,
857 3104 955 3145 seu
993 3091 1298 3144 mansiones
1333 3099 1427 3144 aut
1465 3099 1676 3156 paratas
1715 3091 1917 3144 facien-

330 3181 484 3246 dum,
515 3179 598 3237 vel
641 3181 984 3252 ﬁdeiussores
1010 3183 1326 3245 tollendum,
1363 3197 1450 3236 aut
1487 3182 1730 3238 homines
1759 3183 1922 3252 ipsius

331 3275 642 3330 monasterii
674 3276 1068 3346 stringendutn,
1101 3291 1200 3329 nec
1232 3276 1366 3329 ullas
1391 3273 1724 3329 redtlitiones
1753 3276 1926 3345 publi-

330 3381 428 3420 cas
469 3367 873 3435 requirendum,
921 3368 1030 3422 ullo
1075 3382 1308 3436 unquam
1359 3376 1598 3434 tempore
1645 3367 1926 3437 ingredere

335 3473 514 3527 neque
562 3471 884 3512 exactorare
933 3459 1145 3527 penitus
1201 3472 1574 3528 prsesumamr.
1635 3457 1924 3528 Propterea

333 3549 474 3602 hanc
511 3549 856 3604 emunitatem
897 3549 1137 3605 scribere
1169 3549 1450 3618 iussimus,
1487 3564 1580 3618 per
1607 3563 1766 3620 quam
1795 3564 1922 3617 spe-

333 3643 543 3696 cialiter
569 3643 908 3698 decernimus
949 3643 1341 3710 ordinandum,
1377 3657 1432 3697 ut
1462 3644 1639 3698 nullus
1667 3645 1928 3714 quislibet

335 3733 404 3784 de
433 3733 604 3796 Vultis,
627 3743 718 3786 aut
743 3749 770 3782 a
795 3731 1072 3802 iudiciaria
1104 3743 1387 3802 potestate,
1417 3723 1496 3786 vel
1525 3735 1771 3803 quaelibet
1806 3750 1930 3803 pcr-

335 3838 490 3887 Stttla,
524 3839 551 3876 a
602 3827 762 3878 modo
791 3836 843 3877 et
875 3825 1132 3893 deinceps
1161 3827 1214 3880 in
1247 3825 1604 3890 monasteriis,
1637 3826 1718 3878 vel
1749 3826 1922 3892 cellis,

337 3931 432 3966 seu
480 3916 741 3976 curtibus.
789 3931 994 3968 necnon
1043 3916 1275 3985 reliquas
1327 3917 1694 3984 possessiones
1739 3929 1926 3983 super-

337 4007 585 4072 scriptas,
619 3995 736 4062 'sive
775 4007 1131 4077 undecunque
1169 4009 1281 4076 ipsa
1314 4022 1436 4061 casa
1481 4006 1572 4061 Dei
1615 4021 1754 4060 nunc
1793 4017 1926 4059 tem-

339 4113 472 4164 pore
516 4097 660 4167 justo
712 4093 921 4154 tramite
975 4101 1162 4154 vestita
1211 4115 1334 4154 esse
1381 4100 1738 4168 dignem-itur,
1792 4097 1924 4152 inl'ra

341 4205 564 4257 t'egutttlt
597 4189 810 4245 Christo
850 4193 1078 4260 prepitio
1117 4205 1379 4257 nostrum,
1423 4207 1580 4245 nemo
1623 4192 1818 4246 ibidem
1859 4192 1925 4246 ad

338 4293 532 4334 causas
561 4280 882 4334 audiendum
912 4292 968 4334 ut
994 4282 1246 4344 diximus,
1275 4283 1355 4336 vel
1389 4282 1519 4338 freta
1553 4282 1781 4350 undique
1813 4282 1928 4337 exi-

340 4371 572 4438 gendum
595 4413 610 4436 ,
651 4387 743 4426 seu
785 4374 1088 4427 mansiones
1117 4385 1206 4428 aut
1234 4384 1443 4442 paratas
1473 4374 1770 4426 faciendum
1791 4412 1808 4438 ,
1841 4373 1926 4427 vel

2008 535 2186 600 quiete
2218 533 2534 602 regulariter
2565 535 2768 603 vivere,
2811 551 2876 591 ac
2919 537 3158 592 residere
3190 555 3202 590 :
3235 548 3498 607 quatenus
3525 541 3604 594 eis

2010 622 2200 676 melius
2228 623 2464 678 delectet
2493 639 2590 692 pro
2623 627 2776 680 nobis
2808 628 3170 694 uxoribusque
3199 629 3422 695 nostris,
3455 644 3517 683 ac
3546 630 3604 682 li-

2011 712 2173 772 beris.
2217 715 2298 768 vel
2339 727 2536 768 cuncto
2578 720 2774 784 populo
2819 726 3003 770 nostro
3045 717 3468 773 misericordiam
3511 721 3604 776 Du-i

2010 804 2260 857 attentius
2288 819 2534 860 exorare.
2587 807 2650 860 Et
2689 817 2745 860 ut
2779 809 2892 862 haec
2927 807 3218 862 auctoritas
3263 807 3466 864 ﬁrmior
3504 810 3606 863 Ita-

2014 896 2222 957 beatur,
2247 911 2308 951 ac
2338 897 2542 951 diurnis
2572 899 2902 967 temporibus
2932 901 3184 952 inviolata
3223 900 3328 954 Deo
3357 899 3606 970 adiutore

2013 997 2381 1049 conservetur,
2417 1003 2574 1039 manu
2609 987 2817 1055 propria
2846 989 3030 1042 subter
3059 1003 3175 1042 eam
3220 989 3480 1043 roborare
3506 990 3602 1042 tle-

2012 1075 2295 1136 crevimus,
2319 1088 2370 1130 et
2392 1081 2588 1130 annulo
2614 1090 2795 1133 nostro
2817 1081 3050 1147 sigillare
3069 1080 3350 1148 iussimus.
3379 1081 3602 1150 Signum

2011 1165 2185 1218 Caroli
2232 1168 2602 1232 gloriosissimi
2645 1172 2804 1238 regis.
2853 1169 3071 1239 Signum
3119 1170 3282 1225 Jacob
3321 1171 3386 1224 ad
3433 1173 3602 1226 vicem

2015 1257 2270 1314 Rationis.
2304 1261 2432 1316 Data
2462 1279 2514 1316 lx
2547 1263 2664 1317 Kal.
2707 1267 2902 1332 Aprilis
2932 1283 3074 1320 anno
3101 1269 3310 1322 decimo
3349 1285 3510 1335 nono,
3553 1279 3608 1324 et

2014 1349 2224 1402 decimo
2251 1361 2443 1419 quarto
2474 1357 2620 1421 regni
2667 1358 2854 1410 nostri.
2903 1361 3092 1410 Actum
3139 1357 3334 1427 Capuae
3376 1360 3605 1416 civitatis

2015 1449 2231 1506 nostrae,
2261 1441 2314 1494 in
2346 1443 2438 1496 Dei
2471 1445 2688 1498 nomine
2721 1445 2940 1501 feliciter
2965 1463 3142 1502 amen.

2768 1557 2855 1610 Kl.

2091 1665 2335 1735 Diploma
2369 1669 2539 1724 Caroli
2571 1670 2774 1811 Μίξφιὶ,
2811 1676 3158 1812 ρξὲηἷεσίεδὶα
3197 1676 3538 1735 Beneventum

2671 1761 2804 1796 ηηηο
2842 1763 2856 1796 ι
2906 1763 2937 1796 o
2965 1785 2980 1799 .

2671 1761 2804 1796 anno
2842 1761 2980 1799 Ιδῢ).

2453 1871 2546 1933 (Ex
2575 1873 2818 1936 Ugbellio.
2843 1875 2978 1925 italia
3000 1877 3188 1942 Sacra.)

2091 1991 2316 2049 Carolus
2359 1995 2450 2052 Dei
2491 1999 2658 2066 gratia
2701 2015 2796 2053 rex
2829 1999 3154 2055 Francorum
3185 2011 3242 2058 et
3296 2003 3606 2076 Langobar-

2021 2085 2233 2150 dormn,
2265 2102 2326 2142 ac
2357 2089 2606 2155 patricius
2633 2089 3018 2146 Romanorum.
3041 2091 3302 2148 Omnibus
3333 2099 3611 2166 agentibus

2021 2178 2238 2242 nostris,
2285 2190 2389 2232 tam
2434 2184 2782 2247 przesentibus
2810 2201 2967 2251 quam
3001 2186 3211 2252 futuris,
3257 2188 3483 2244 Domino
3521 2191 3612 2260 ju-

2021 2277 2199 2330 v.tnte,
2231 2268 2322 2335 qui
2368 2285 2466 2323 nos
2505 2270 2557 2324 in
2601 2272 2793 2326 solium
2839 2276 2986 2344 regni
3033 2279 3202 2332 nostri
3255 2279 3508 2336 instituit.
3551 2281 3608 2336 Si

2019 2358 2368 2426 petitionibus
2414 2361 2776 2429 sacerdomm,
2819 2375 2978 2434 atque
3015 2381 3290 2422 servorum
3335 2370 3425 2426 Dei
3469 2373 3610 2438 quod

2023 2464 2118 2517 pro
2165 2467 2348 2504 eorum
2395 2453 2598 2520 quiete,
2649 2459 2732 2510 vel
2775 2457 3070 2526 juvamine,
3102 2464 3331 2528 pertinet
3379 2461 3613 2519 libenter

2019 2538 2355 2604 obaudimus,
2403 2543 2484 2595 vel
2523 2544 2588 2596 ad
2619 2544 2862 2600 eﬁcctum
2896 2548 2947 2602 in
2979 2549 3068 2603 Dei
3101 2553 3315 2606 nomine
3343 2555 3614 2621 mancipa—

2026 2643 2162 2690 mus,
2199 2632 2402 2698 regiam
2433 2637 2874 2690 consuetudinem
2905 2653 3240 2704 exercemus,
3277 2651 3330 2696 et
3367 2641 3482 2697 hanc
3513 2657 3613 2698 tto-

2023 2717 2102 2772 bis
2133 2719 2199 2772 ad
2233 2722 2498 2776 mercedis
2528 2737 2940 2792 augnmentum,
2973 2730 3054 2782 vcl
3082 2731 3428 2786 stabilitatem
3463 2733 3614 2802 regni

2021 2813 2190 2866 nostri
2233 2814 2284 2867 in
2316 2814 2406 2868 Dei
2441 2817 2659 2872 nomine
2699 2820 2968 2886 pertinere
2993 2821 3347 2889 conﬁdimus;
3389 2825 3618 2893 ideoque

2025 2905 2106 2956 vir
2139 2904 2458 2960 venerabilis
2497 2907 2659 2960 David
2689 2911 2976 2979 episcOpus
3011 2912 3250 2968 ecclesiae
3287 2924 3486 2970 sancta:
3522 2916 3615 2972 Dei

2021 2996 2295 3064 genitricis
2321 3012 2643 3068 semperque
2673 3000 2890 3070 virginis
2921 3003 3118 3066 Mariae,
3147 3021 3264 3074 qua:
3291 3017 3372 3060 est
3397 3009 3498 3062 sita
3533 3009 3611 3062 in-

2028 3085 2104 3140 tra
2133 3087 2404 3142 civitatem
2437 3087 2866 3145 Deneventanam
2894 3092 3231 3149 clementiam
3263 3098 3410 3166 regni
3443 3099 3614 3153 nostri

2029 3178 2211 3248 petiit,
2248 3188 2302 3232 ut
2329 3193 2520 3234 omnes
2549 3195 2636 3234 res
2663 3196 3006 3252 quascunque
3045 3183 3156 3253 ipsa
3185 3200 3310 3240 casa
3355 3187 3480 3252 Dei,
3509 3198 3619 3245 tam

2026 3267 2096 3324 de
2143 3269 2519 3324 donationibus
2569 3285 2789 3341 regum,
2841 3289 3106 3342 quamque
3152 3275 3482 3346 reginarum,
3531 3280 3620 3336 vel

2027 3357 2248 3424 ducum,
2280 3369 2442 3428 atque
2469 3359 2807 3414 ducissarum
2827 3403 2844 3426 ,
2873 3378 2968 3416 seu
3002 3363 3165 3417 Deum
3196 3366 3494 3422 timentium
3525 3368 3621 3421 bo-

2027 3447 2230 3502 Iuinum
2255 3489 2270 3514 ,
2301 3449 2424 3504 sive
2449 3464 2608 3505 causa
2642 3451 2981 3515 venditionis,
3013 3465 3102 3506 attt
3131 3457 3438 3524 emptionis,
3470 3473 3620 3514 cout-

2027 3539 2454 3608 mutationisque
2481 3541 2656 3607 titulo,
2685 3543 2768 3596 vel
2797 3557 2986 3598 omnes
3014 3543 3360 3602 dillinitiones
3389 3563 3521 3618 quas
3550 3551 3620 3606 de

2029 3633 2188 3686 rebus
2219 3640 2420 3686 sancta;
2461 3633 2702 3688 ecclesia:
2730 3645 2966 3690 rectores
2995 3635 3112 3706 eius
3149 3637 3295 3706 iusto
3327 3643 3540 3697 tramite
3569 3643 3622 3698 in

2023 3722 2228 3792 iudicio
2253 3723 2518 3788 vicerunt,
2547 3740 2648 3779 nec
2676 3741 2782 3780 non
2807 3735 2862 3782 et
2881 3741 3069 3783 omnes
3099 3729 3340 3786 redditus
3361 3732 3442 3786 vel
3471 3734 3622 3787 obla-

2030 3817 2204 3868 tiones
2247 3814 2479 3870 ﬁdelium
2509 3817 2840 3872 diversarum
2871 3820 3224 3874 ecclesiarum
3275 3823 3372 3890 ipsi
3415 3834 3616 3880 sancta

2029 3903 2422 3959 Beneventanze
2461 3907 2704 3960 ecclesia;
2746 3907 2950 3976 legibus
2993 3911 3365 3978 pertinuerint,
3397 3912 3450 3966 in
3485 3917 3620 3970 inte-

2029 4015 2180 4070 grum
2210 4001 2278 4055 ab
2305 4001 2556 4070 episc0po
2591 4003 2880 4057 llenevent.
2922 4005 3012 4073 qui
3055 4003 3148 4072 per
3189 4015 3427 4076 tempora
3459 4007 3622 4064 fuerit

2031 4091 2412 4159 suscipiantur,
2445 4102 2604 4159 atque
2633 4096 2887 4149 canonica
2913 4097 3189 4150 sanctione
3215 4098 3612 4167 possideantur,

2030 4183 2143 4238 sive
2173 4185 2279 4237 sint
2319 4198 2413 4252 per
2441 4183 2650 4238 diversa
2685 4187 2820 4252 loca,
2863 4195 2968 4240 tam
3011 4187 3063 4241 in
3100 4189 3422 4256 civitatibus,
3457 4207 3615 4262 quam

2032 4276 2086 4329 in
2116 4275 2272 4342 villis,
2319 4276 2403 4330 vel
2449 4273 2498 4330 in
2545 4277 2835 4340 montibus,
2875 4287 3036 4347 atque
3079 4278 3130 4332 in
3177 4279 3372 4347 planis,
3413 4281 3527 4337 sive
3567 4284 3618 4337 in

2033 4367 2206 4434 aquis,
2257 4366 2342 4419 vel
2387 4366 2546 4420 etiam
2601 4366 2651 4418 in
2704 4366 2922 4432 planitie
2963 4382 3024 4420 ac
3075 4371 3476 4436 possessiones,
3523 4385 3618 4426 seu

346 4463 686 4530 ﬁdeiussores
715 4465 1031 4530 tollendmn,
1063 4475 1153 4519 aut
1182 4465 1426 4520 homines
1457 4465 1622 4534 ipsius
1651 4475 1922 4522 monaste-

2038 4458 2391 4524 undeqnaque
2421 4458 2678 4512 moderno
2709 4468 2947 4526 tempore
2987 4459 3100 4528 ipsa
3135 4475 3255 4514 casa
3297 4462 3390 4517 Dei
3427 4463 3618 4520 ordine

345 4559 410 4608 rii
439 4555 860 4624 diSIringendum
880 4598 894 4620 ,
930 4559 1040 4610 sive
1079 4557 1235 4608 ullam
1269 4571 1460 4608 novam
1488 4556 1926 4609 consuetudinem

341 4646 670 4712 ponendum,
717 4661 815 4700 nec
863 4646 994 4699 ullas
1039 4646 1422 4700 reddibitiones
1467 4645 1705 4715 publicas
1747 4647 1928 4715 requi-

345 4738 568 4790 rendum
619 4737 916 4805 ingredere,
963 4737 1044 4790 vel
1088 4745 1396 4790 esaictorare
1437 4750 1648 4804 quoquo
1693 4745 1932 4804 tempore

343 4838 654 4896 praesumat.
688 4829 944 4883 Similiter
976 4829 1027 4880 in
1065 4827 1154 4882 Dei
1190 4827 1404 4881 ntunine
1430 4827 1810 4892 concessimus,
1845 4827 1931 4880 vel

341 4921 778 4974 ciuilirmavimus
807 4935 929 4987 erga
960 4921 1132 4986 ipsum
1161 4931 1402 4973 sanctum
1432 4920 1631 4986 locum,
1664 4920 1800 4972 sicut
1829 4917 1926 4971 ba-

345 5015 436 5062 het
478 5009 707 5062 humana
758 5010 1032 5076 fragilitas,
1079 5018 1136 5063 ut
1175 5009 1604 5078 quandoquidem
1649 5008 1812 5062 abbas
1860 5024 1926 5062 ex

345 5103 464 5168 ipso
504 5105 829 5154 monasterio
868 5101 936 5155 de
980 5107 1076 5155 lae
1123 5103 1238 5156 luce
1289 5100 1617 5170 migraverit,
1661 5101 1926 5156 licentiam

347 5193 580 5246 habeant
609 5192 900 5246 secundum
931 5194 1164 5262 regulam
1206 5193 1374 5246 sancti
1418 5192 1686 5246 Benedicti
1717 5193 1928 5261 qualem

347 5283 625 5338 meliorem
665 5297 730 5336 ac
769 5284 1062 5352 digniorem
1102 5291 1153 5336 et
1192 5285 1567 5358 sapientiorem
1609 5283 1928 5346 invenerint,

346 5381 548 5446 absque
588 5379 872 5446 cuiuslibet
913 5378 1303 5448 inquietudine,
1351 5377 1435 5430 vel
1483 5375 1924 5442 contradictione,

347 5467 488 5522 inter
528 5483 588 5522 se
632 5468 862 5538 eligendi
906 5469 1182 5535 abbatem,
1231 5477 1282 5521 et
1325 5468 1422 5522 sub
1465 5467 1769 5521 emunitatis
1818 5481 1926 5520 no—

349 5562 637 5616 mine......
671 5574 860 5613 omnes
903 5561 1103 5614 lructns
1141 5573 1426 5614 concessas
1467 5559 1708 5624 valeant,
1749 5559 1931 5612 omui-
1969 5543 1978 5550 ’

351 5669 455 5722 que
483 5664 726 5718 tempore
769 5660 1006 5705 rectores
1047 5651 1210 5719 ipsius
1254 5649 1561 5704 monasterii
1599 5649 1768 5703 sancti
1801 5649 1928 5702 Vitt-

355 5745 536 5814 centii,
573 5755 674 5798 tam
711 5745 844 5814 ipsi,
879 5759 1035 5814 qutun
1063 5753 1116 5800 ct
1143 5757 1481 5800 successores
1511 5757 1712 5806 eorum,
1749 5758 1932 5813 quam-

2040 4549 2276 4618 legitimo
2299 4551 2594 4616 possidere,
2624 4559 2782 4618 atque
2805 4551 3086 4606 dominare
3108 4553 3338 4620 videtur,
3361 4556 3442 4610 vel
3467 4559 3622 4626 quid-

2035 4643 2160 4712 quid
2191 4643 2242 4696 in
2271 4655 2428 4698 antea
2471 4644 2668 4697 ibidem
2711 4644 2947 4698 additmn
2967 4683 2983 4709 ,
3017 4649 3098 4700 vel
3126 4647 3432 4717 delegatum
3463 4651 3622 4706 fuerit

2034 4734 2135 4788 sub
2165 4733 2510 4786 immunitatis
2550 4735 2766 4789 nomine
2795 4737 3113 4790 conﬁrmare
3141 4737 3416 4794 debemus.
3456 4741 3618 4809 Cujus

2035 4823 2352 4892 petitionem
2381 4824 2631 4879 nolumus
2657 4826 2942 4895 denegare,
2969 4827 3060 4880 sed
3093 4827 3162 4881 ita
3191 4829 3516 4895 prmstitisse,
3539 4841 3622 4884 at-

2034 4929 2136 4983 que
2184 4915 2236 4967 in
2286 4914 2538 4970 omnibus
2587 4917 2938 4971 conﬁrmasse
2979 4928 3282 4984 cognoscat.
3335 4917 3618 4985 Pmpterea

2035 5007 2173 5062 hanc
2196 5006 2584 5062 immunitatem
2609 5019 2844 5064 nostram
2866 5009 3204 5064 conscribere
3224 5009 3502 5080 iussimus,
3529 5027 3621 5080 per

2035 5111 2192 5165 quam
2219 5096 2526 5164 specialiter
2553 5097 2895 5153 decernimus
2923 5099 3310 5165 ordinandum,
3355 5112 3410 5154 ut
3441 5103 3618 5156 nullus

2036 5187 2258 5255 quilibet
2298 5188 2364 5241 de
2411 5188 2582 5254 nobis,
2631 5197 2725 5242 aut
2763 5188 2832 5242 de
2877 5187 3158 5257 iudiciaria
3207 5201 3488 5258 potestate,
3535 5192 3620 5246 vel

2039 5281 2290 5348 quaelibet
2333 5293 2558 5347 persona
2589 5279 2800 5346 amodo,
2829 5290 2882 5333 et
2909 5281 3161 5350 deinceps
3201 5282 3254 5336 in
3297 5287 3620 5338 monasteria

2036 5372 2140 5424 sibi
2177 5370 2408 5439 legitime
2437 5371 2671 5436 subdita,
2703 5382 2792 5424 aut
2819 5373 2870 5426 in
2900 5381 3098 5436 curtes,
3131 5374 3213 5426 vel
3243 5375 3498 5429 ecclesias
3523 5389 3618 5430 seu

2033 5469 2086 5522 iu
2123 5465 2278 5518 rebus
2307 5463 2573 5518 universis
2602 5467 2978 5533 suprascnptis
3009 5466 3147 5520 unde
3183 5481 3322 5520 nunc
3351 5467 3462 5532 ipsa
3495 5479 3617 5520 casa

2037 5554 2124 5610 Dei
2165 5556 2328 5624 iuste,
2365 5564 2420 5610 et
2459 5553 2846 5608 rationabiliter
2888 5556 3072 5609 vestita
3111 5571 3230 5611 esse
3265 5555 3617 5625 dignoscitur,

2036 5647 2118 5701 vel
2146 5647 2288 5716 quod
2314 5645 2368 5700 in
2395 5655 2551 5700 antea
2576 5660 2640 5700 es
2671 5644 2911 5713 largitate
2937 5646 3196 5700 bonorum
3228 5645 3500 5699 hominum
3531 5659 3622 5698 ac-

2037 5739 2248 5810 quirere
2278 5737 2445 5810 potuit
2475 5737 2540 5794 ad
2573 5750 2764 5793 causas
2790 5734 3147 5805 audiendum,
3178 5735 3262 5791 vel
3293 5733 3426 5792 freta
3457 5735 3624 5811 υκαι-η
