4034 6182
514 230 646 329 uno

1385 273 1444 328 Β.
1484 271 1736 326 CAIIOLI
1777 271 1990 326 MAGNI
2030 266 2182 325 OI’P.
2231 269 2405 325 PARS
2446 267 2484 335 I,
2528 269 2773 324 SECTIO
2816 269 2871 322 II.

3591 281 3690 335 Ili?)

507 407 609 458 quo
635 390 954 461 exigendum
979 434 992 457 ,
1037 404 1129 443 seu
1163 389 1490 454 mansiones,
1530 397 1622 440 aut
1661 396 1870 455 paratas
1903 385 2094 440 facicn-
2127 385 2176 441 Λ
2203 383 2363 449 sium,
2398 384 2654 452 nobisque
2700 379 2794 451 per:
2833 380 3011 435 omnia
3048 380 3249 436 fidelem
3281 398 3422 449 super
3446 403 3496 441 se
3543 407 3697 448 secuti.

508 486 658 547 dum,
689 483 772 536 vi-I
805 482 1150 552 lidejussorcs
1181 480 1472 533 tollettdunt
1492 520 1507 543 ,
1539 493 1626 533 aut
1661 479 1903 533 homines
1933 480 2102 546 ips'us

515 573 756 626 ecclesia!
804 581 988 626 contra
1049 569 1272 622 rationis
1323 569 1564 622 ordinem
1627 568 2097 637 destringendam,

514 678 685 730 Ιιιιψεθ
717 677 882 714 novas
907 661 1322 714 consuetudines
1366 659 1748 726 imponendum
1771 699 1788 725 ,
1832 673 1931 713 nec
1969 659 2102 712 ullas

510 753 892 807 redhibitiones
917 752 1156 820 publicas
1181 751 1561 819 requirendum
1590 751 1697 803 ullo
1719 766 1949 818 unquam
1973 761 2104 804 tem-

510 859 637 911 pore
668 845 927 909 ingerere,
961 852 1050 894 aut
1079 850 1329 894 exaclare
1368 842 1580 908 penitus
1611 840 1964 908 prmstnnatis,
2007 839 2100 893 sed

507 936 606 988 sub
652 933 1006 986 imtnunitatis
1054 933 1271 985 nomine
1319 932 1496 985 valeat
1543 941 1866 983 memoratus
1912 928 2098 993 David,

507 1027 727 1095 ejusque
769 1039 1111 1079 successores
1143 1025 1230 1093 qui
1277 1039 1371 1091 per
1411 1033 1652 1090 tempora
1686 1021 1881 1075 fuerint
1925 1021 2102 1090 quiete

508 1119 720 1170 Christo
751 1118 979 1185 propitio
1007 1119 1212 1181 vivere,
1237 1130 1298 1168 ac
1331 1115 1567 1168 residere
1589 1125 1856 1181 quatenus
1883 1114 1960 1167 sic
1989 1129 2099 1166 tlte-

509 1209 610 1260 lius
639 1208 871 1262 delectet
917 1223 1013 1275 pro
1057 1207 1228 1262 nobis.
1276 1207 1637 1274 uxoribusque
1672 1207 1890 1268 nostris,
1935 1219 1996 1258 ac
2041 1205 2102 1257 li-

509 1298 652 1352 beris
681 1298 876 1352 nostris
909 1297 1118 1350 Domini
1163 1295 1585 1349 mtsericordiam
1631 1295 1886 1347 attentius
1910 1293 2101 1361 depre—

507 1388 616 1441 c:iri
638 1429 652 1452 ,
685 1397 738 1441 et
767 1397 822 1440 ut
853 1388 966 1439 lucc
990 1386 1369 1439 authoritatem
1405 1385 1696 1438 lirmiorem
1734 1385 2001 1447 habeant,
2037 1397 2100 1436 ac

511 1479 699 1532 futuris
723 1477 1049 1545 temporibus
1076 1477 1326 1530 inviolata
1351 1485 1737 1528 eottserventur
1767 1490 1954 1527 manus
1980 1490 2100 1538 pro-

509 1574 639 1635 priae
667 1567 1055 1633 subscriptione
1096 1581 1213 1619 eam
1244 1565 1579 1620 decrevimus
1627 1567 1905 1628 roborare,
1947 1573 2002 1619 et
2033 1565 2100 1618 de

509 1661 710 1712 annulo
740 1670 922 1713 nostro
946 1659 1202 1727 jussimtts
1228 1659 1481 1727 sigillare.

580 1752 799 1821 Signum
827 1750 1002 1803 Caroli
1034 1749 1403 1817 gloriosissimi
1435 1749 1592 1817 regis.

583 1841 769 1893 Datum
817 1855 851 1893 ιι
891 1837 1120 1896 Kalend.
1153 1839 1350 1907 Aprilis
1383 1851 1523 1891 anno
1566 1853 1692 1890 svnt
1725 1848 1779 1892 et
1809 1853 1892 1891 xtv
1926 1836 2096 1891 nostri

508 1932 681 1999 regni.

577 2030 769 2077 Actum
797 2021 1012 2091 Capuae.
1047 2021 1101 2074 In
1135 2021 1226 2076 Dei
1256 2021 1470 2075 nomine
1502 2020 1744 2075 feliciter.
1777 2021 1968 2074 Amen.

1239 2135 1351 2189 XII.

509 2229 752 2300 Diploma
807 2227 980 2282 Caroli
1039 2227 1216 2297 Magni
1271 2229 1639 2365 prgmiicclesia
1713 2225 2096 2280 Mediolauensi

1140 2311 1298 2365 (tutuo
1466 2339 1478 2350 .

1140 2311 1298 2367 (tutuo
1325 2311 1478 2365 vat).

929 2408 1022 2469 (Ex
1048 2409 1305 2472 L'ghellio,
1332 2407 1467 2457 Italia
1493 2408 1682 2470 Sacra.)

584 2515 806 2568 Carolus
844 2515 1007 2583 gratia
1056 2515 1145 2568 Dei
1192 2531 1279 2567 rex
1327 2514 1651 2567 Francorum
1691 2523 1746 2567 et
1787 2513 2096 2583 Langobar-

507 2605 720 2667 dorum,
751 2616 907 2674 atqne
941 2604 1189 2670 patricius
1214 2604 1593 2659 Romanorum.

581 2695 708 2746 Illud
745 2708 973 2762 namque
1011 2695 1076 2745 ad
1117 2703 1374 2746 arternam
1409 2693 1812 2758 beatitudinem,
1857 2708 1950 2747 seu
1981 2703 2091 2746 Sta-

508 2784 768 2836 hilitatem
800 2783 946 2852 regni
972 2782 1161 2845 nostri,
1197 2783 1247 2835 in
1282 2783 1372 2836 Dei
1415 2783 1633 2836 nomine
1667 2784 1940 2851 pertinere
1963 2800 2094 2839 con-

510 2874 740 2937 fidimus,
795 2875 838 2927 si
893 2873 1053 2942 justis
1103 2873 1451 2941 petitionibus
1518 2890 1800 2928 servorum
1862 2873 1982 2939 Dei,
2037 2876 2088 2928 itt

507 2983 610 3034 quo
651 2966 865 3020 auribus
897 2968 1095 3020 nostris
1129 2963 1407 3034 patefactio
1449 2965 1672 3029 fuerint,
1711 2963 1938 3020 libenter
1983 2967 2086 3021 ob-

508 3067 887 3126 temperamus,
916 3067 1073 3126 atque
1110 3059 1177 3110 ad
1218 3057 1468 3110 effectum
1501 3056 1869 3124 producimus.
1921 3057 2084 3126 Igitur

509 3161 689 3202 notum
722 3149 788 3202 sit
819 3149 1058 3202 omnium
1101 3147 1357 3226 fidelium.
1379 3157 1681 3200 nostrorum
1711 3147 2086 3215 magnitudini,

510 3240 851 3308 pr:csentium
883 3239 1111 3299 scilicet,
1137 3250 1190 3292 et
1220 3237 1538 3300 futurorum,
1570 3238 1798 3308 qualiter
1818 3238 1900 3291 vir
1929 3253 2087 3293 vene-

509 3329 690 3382 rabilis
721 3330 930 3394 Petrus,
959 3341 1156 3383 sanch
1178 3327 1649 3382 Mediolanensium
1675 3329 1820 3382 urbis
1844 3329 2087 3384 ecclesiae

507 3425 810 3491 episeopus,
836 3423 1109 3475 serenitati
1137 3422 1282 3487 regni
1314 3423 1482 3474 nostri
1525 3422 1800 3486 successit,
1860 3424 2089 3491 qualiter

517 3513 585 3564 ob
619 3525 851 3564 amorem
888 3511 1001 3572 Dei,
1031 3521 1083 3563 et
1121 3511 1515 3563 venerationem
1567 3515 1736 3563 sancti
1793 3511 2088 3579 Ambrosii,

505 3601 665 3668 iuxta
693 3617 912 3670 corpora
946 3613 1249 3656 sanctorum
1283 3615 1570 3672 martyrum
1603 3603 1827 3655 I’rotasii
1857 3613 1909 3657 et
1954 3603 2086 3657 Ger-

504 3691 667 3755 vasii,
739 3705 831 3743 seu
888 3690 1052 3758 ipsius
1110 3689 1402 3743 beatissimi
1478 3689 1806 3742 confessoris
1861 3689 2082 3753 Christi,

508 3781 808 3835 cmnobium
844 3780 1142 3832 institutum
1178 3779 1392 3841 habeat,
1437 3786 1595 3846 atque
1644 3781 1935 3832 monachos
1987 3779 2084 3832 ibi-

504 3877 624 3927 dem
658 3875 756 3926 sub
785 3874 964 3940 regula
1004 3872 1171 3926 sancti
1209 3872 1478 3926 Benedicti
1512 3872 1741 3934 noviter,
1774 3871 1862 3940 qni
1897 3871 2080 3925 Iaudes

508 3968 614 4019 Deo
645 3966 751 4019 illic
777 3965 991 4020 sedulus
1024 3940 1306 4028 referrent,
1338 3972 1391 4018 et
1422 3979 1516 4030 pro
1546 3963 1796 4017 felicitate
1822 3964 1988 4032 regni,
2022 3978 2084 4017 ac

507 4057 663 4108 totius
720 4056 895 4123 populi
943 4056 1218 4108 christiani
1279 4055 1556 4122 sospitate,
1629 4069 1722 4108 seu
1790 4069 1883 4121 pro
1942 4065 2082 4108 stattt

501 4156 699 4200 sanctze
725 4146 1138 4200 Mediolanensis
1170 4146 1411 4199 ecclesia:
1441 4155 1748 4211 exorarent,
1778 4147 2082 4201 constituis-

505 4249 614 4306 set,
673 4247 836 4304 alque
869 4238 995 4290 inibi
1047 4237 1410 4291 venerabilem
1447 4237 1788 4290 Benedictum
1823 4239 2082 4306 presbite-

503 4345 620 4381 runt
687 4329 928 4380 abbatem
969 4330 1294 4394 ordinassct,
1349 4327 1490 4380 unde
1545 4328 1697 4394 petiit
1739 4328 2077 4381 clementiam

2206 476 2332 528 dum
2369 475 2610 527 ordinem
2637 483 2902 536 sanctum,
2936 481 2989 524 et
3031 473 3260 537 regulam
3303 475 3451 528 sancti
3483 478 3698 540 llenedirti

2204 566 2434 636 eligendi
2479 566 2748 620 abbatem.
2781 563 2947 633 Cujus
2976 565 3280 630 petitionem
3328 579 3518 634 promer
3545 588 3701 632 nomen

2207 657 2433 721 Domini,
2485 669 2538 711 et
2567 657 2920 712 reverentiam
2973 657 3138 723 ipsius
3167 659 3325 713 sancti
3376 660 3482 724 loci,
3513 666 3698 722 meritis.

2205 765 2308 818 que
2348 751 2547 802 sanctis
2587 749 2844 803 antedicti
2883 748 3148 814 pentiticis
3178 751 3597 818 compellentibus,
3626 773 3698 809 uo-

2207 841 2402 894 luimus
2423 841 2691 908 denegare
2723 855 2736 903 ;
2769 838 2864 892 sed
2902 838 2953 891 itt
2985 838 3321 907 eleemosyna
3349 851 3511 894 nostra
3535 843 3594 896 ita
3609 859 3706 898 cou-

2203 932 2450 996 cessisse,
2499 943 2660 1001 atque
2692 932 2744 984 in
2787 931 3038 983 omniluts
3066 930 3400 987 confirmasse
3434 937 3706 1001 cognoscito.

2204 1024 2537 1091 Quapmpter
2596 1038 2690 1090 per
2745 1031 3067 1090 praesentem
3123 1023 3473 1076 auctoritatem
3517 1037 3704 1081 nostrain

2203 1116 2562 1179 decernimus,
2593 1130 2654 1168 ac
2677 1115 2933 1184 jubemus
2964 1125 3021 1166 ut
3046 1115 3185 1168 sicut
3207 1125 3408 1170 constat
3431 1116 3598 1186 abjam
3623 1119 3707 1174 fato

2205 1207 2342 1270 viro,
2397 1206 2692 1260 venerabili
2728 1206 2887 1258 Petro
2910 1204 3332 1272 archiepiscopo,
3367 1210 3705 1274 monasterium,

2205 1305 2260 1349 ut
2309 1311 2465 1363 supra
2533 1295 2983 1362 memorabamus,
3037 1295 3190 1363 juxta
3219 1309 3434 1364 corpora
3456 1311 3705 1356 sanetorutu

2204 1395 2495 1456 martyrum
2584 1385 2811 1439 Protasii
2867 1394 2924 1439 et
2978 1385 3242 1454 Cervasii,
3311 1403 3401 1441 seu
3451 1391 3710 1446 confessoris

2201 1475 2400 1529 Christi
2434 1475 2724 1536 Ambrosii,
2764 1487 2867 1528 una
2905 1489 3025 1528 cum
3057 1475 3383 1543 adjacentiis,
3409 1477 3482 1531 vel
3504 1483 3710 1548 appendi-

2204 1568 2291 1619 tiis
2333 1567 2497 1634 ipsius
2540 1565 2871 1631 monasterii,
2901 1565 3202 1621 Stabilitum
3245 1582 3379 1629 esse,
3409 1568 3614 1637 inspecta
3657 1571 3714 1638 ip-

2203 1662 2314 1710 sius
2340 1659 2656 1710 auctoritate
2687 1672 2778 1724 per
2809 1657 2912 1710 hoc
2947 1667 3190 1711 nostrum
3221 1661 3501 1714 serenitatis
3527 1676 3735 1736 pascere.

2123 1728 2172 1787 B
2205 1762 2336 1813 tum,
2369 1756 2526 1816 atque
2549 1747 2968 1802 conﬁrmationis
2997 1748 3198 1801 donum
3232 1755 3482 1816 perpetuis
3508 1754 3712 1820 tempori-

2203 1839 2298 1891 hns
2343 1837 2464 1905 jure
2509 1838 2814 1891 tirmissiino
2861 1837 3125 1892 stabiliter
3175 1853 3470 1906 permanere
3514 1841 3706 1896 habeat:

2199 1941 2254 1984 et
2284 1945 2453 1998 neque
2479 1930 2643 1983 alibas
2671 1929 2864 1983 ibidem
2897 1929 3181 1985 ordinetur
3207 1941 3479 1988 extraneus
3502 1934 3594 1988 ttIlo
3629 1953 3712 1987 nn-

2202 2035 2358 2089 quam
2411 2029 2672 2086 tempore,
2715 2019 2816 2072 nisi
2862 2033 2927 2073 ex
2961 2019 3072 2086 ipsa
3105 2023 3524 2090 congregatione,
3552 2032 3601 2076 ut
3642 2039 3712 2076 su-

2205 2127 2298 2180 pra
2354 2112 2602 2175 diximus,
2637 2121 2837 2166 sancta!
2882 2112 2974 2167 Dei
3005 2112 3253 2168 ecclesia:
3283 2115 3712 2180 Mediolancosium.

2201 2204 2457 2272 nobisque
2495 2221 2592 2274 per
2637 2206 2814 2259 omnia
2873 2205 3064 2270 fidelis,
3121 2221 3283 2276 quem
3337 2209 3505 2263 fratres
3551 2207 3712 2279 eligere

2200 2294 2484 2359 voluerint,
2517 2295 2605 2364 qui
2643 2310 2735 2349 eos
2782 2296 3074 2350 secundum
3108 2296 3318 2352 divinas
3362 2299 3495 2369 leges
3531 2308 3578 2354 et
3603 2315 3717 2367 regu-

2203 2385 2306 2437 lam
2387 2385 2555 2438 sancti
2618 2383 2889 2439 Benedicti
2967 2388 3147 2440 valeat
3213 2388 3516 2458 gubernare.
3569 2388 3620 2442 Et
3661 2392 3711 2440 ita

2201 2493 2504 2547 censemus,
2549 2487 2609 2532 ut
2655 2479 2832 2532 nullus
2859 2479 2926 2533 de
2954 2481 3157 2534 nostris
3212 2481 3600 2546 successoribus,
3643 2494 3715 2534 seu

2203 2571 2437 2636 praedicti
2468 2570 2759 2639 pontificis,
2806 2585 3062 2639 unquam,
3099 2572 3240 2626 hanc
3287 2582 3506 2626 nostram
3534 2572 3714 2640 disposi-

2202 2661 2424 2724 tionem,
2470 2650 2626 2729 qnant
2669 2676 2763 2730 pro
2806 2677 2989 2716 amore
3026 2662 3170 2717 beati
3217 2663 3410 2718 Christi
3453 2662 3718 2718 confessoris

2199 2752 2466 2807 Ambrosii
2491 2769 2585 2807 seu
2619 2755 2904 2809 stabilitate
2928 2755 3078 2823 regni
3111 2756 3304 2821 nostri,
3327 2755 3712 2814 confirmavimus.

2201 2846 2500 2914 irrumpere
2529 2857 2688 2915 atque
2718 2846 2994 2902 destruere
3038 2858 3360 2916 prmsumat,
3391 2848 3476 2904 sed
3499 2861 3544 2903 ut
3570 2848 3718 2902 melius

2200 2937 2431 2990 delectet
2466 2939 2612 3005 ipsos
2641 2951 2824 2992 servos
2869 2938 2980 3002 Dei,
3004 2939 3095 3006 qui
3127 2941 3231 2994 sub
3277 2953 3453 2994 norma
3485 2936 3714 2994 beatitudi-

2208 3029 2289 3082 nis
2333 3028 2529 3083 ibidem
2559 3030 2722 3082 vitam
2754 3045 2845 3098 per
2877 3039 3118 3100 tempora
3167 3031 3364 3103 degere
3388 3031 3609 3086 videntur
3647 3040 3718 3097 pro

2198 3117 2354 3172 nobis
2399 3133 2670 3186 uxoreque
2725 3132 2929 3187 nostra,
2964 3137 3025 3176 ac
3072 3122 3286 3188 liberis,
3342 3138 3431 3178 seu
3485 3122 3720 3176 stabilitate

2193 3207 2339 3276 regni
2369 3209 2556 3272 nostri,
2585 3208 2790 3263 Domini
2821 3211 3255 3266 misericordiam
3279 3212 3474 3282 jugiter
3517 3226 3718 3275 exorare,

2195 3297 2391 3350 nostris
2423 3297 2530 3350 Deo
2561 3298 2776 3365 auspice
2806 3297 3109 3369 futurisque
3137 3303 3469 3370 temporibus
3494 3299 3722 3355 inviolabi-

2192 3387 2315 3442 liter
2340 3396 2501 3456 atque
2546 3387 2986 3457 irrefragabiliter
3029 3393 3348 3460 perdurare,
3375 3393 3452 3446 vel
3479 3392 3722 3446 consistere

2191 3478 2400 3533 debeat.
2451 3479 2516 3533 Et
2557 3489 2614 3532 ut
2658 3480 2768 3533 lucc
2799 3484 3091 3536 auctoritas
3146 3484 3355 3537 firmior
3386 3483 3617 3537 habeatur
3661 3477 3721 3531 vel

2191 3583 2285 3635 per
2317 3579 2550 3637 tempora
2575 3579 2943 3634 conservetur,
2976 3586 3138 3624 manu
3171 3583 3353 3624 neStra
3410 3570 3578 3624 subter
3625 3580 3718 3620 eunt

2188 3659 2441 3712 rohorare
2475 3657 2836 3727 decernimus,
2869 3666 3030 3729 atque
3079 3661 3289 3714 annulo
3319 3669 3494 3714 nostra
3535 3654 3712 3726 sigillati

2181 3747 2458 3815 jnssimus.

2259 3839 2475 3908 Signum
2505 3841 2545 3910 -ξ-
2573 3840 2748 3895 Caroli
2777 3841 3072 3909 gloriosiss.
3108 3844 3278 3911 regis.

2257 3931 2371 3983 Dat.
2403 3932 2454 3985 in
2487 3947 2670 3986 mense
2697 3933 2880 4000 Aprile
2907 3947 3048 3985 anno
3099 3933 3367 4003 vigesimo
3415 3927 3637 3990 secundo.
3678 3932 3720 3975 εί

2185 4019 2389 4074 decimo
2431 4023 2661 4086 septimo
2691 4022 2840 4089 regni
2876 4022 3064 4077 nostri.

2252 4111 2446 4165 Actum
2479 4111 2760 4165 Placentia:
2786 4126 2850 4166 ex
2882 4112 3087 4167 Palatio
3122 4123 3316 4168 nostro
3365 4111 3556 4181 publico
3585 4110 3627 4161 in
3653 4104 3724 4160 Dei

2185 4204 2398 4257 nomine
2429 4202 2569 4256 I'elic.
2590 4205 2782 4257 Amen.

2913 4297 3050 4352 XIII.

501 4417 835 4471 celsitudinis
876 4427 1098 4480 nostrie,
1129 4425 1187 4469 ut
1227 4417 1429 4482 omnia,
1487 4417 1763 4485 quidquid,
1820 4417 1935 4484 ipse
1985 4432 2083 4486 pro
2113 4431 2162 4490 υ
2287 4407 2531 4478 Diploma
2579 4407 2752 4462 Caroli
2797 4407 2981 4490 Magni
3011 4413 3374 4490 procedam
3416 4407 3644 4465 Gaudenti

502 4511 682 4563 divino
719 4510 908 4562 intuitu
940 4509 1002 4561 ad
1031 4509 1141 4576 jam
1171 4508 1369 4561 dictum
1401 4511 1786 4563 monasterium
1821 4526 1883 4563 ex
1920 4510 2080 4564 rebus

505 4601 746 4655 ecclesiae
768 4613 875 4651 sua:
902 4598 1314 4652 Mediolanensis
1344 4599 1560 4668 largitus
1585 4608 1684 4665 est,
1710 4601 1792 4652 vel
1823 4601 2080 4654 moderno

503 4705 744 4760 tempore
797 4691 989 4742 ibidem
1039 4689 1186 4758 justo
1238 4693 1449 4744 tramite
1496 4690 1796 4759 delegatum
1855 4692 1974 4754 fuit,
2027 4701 2081 4744 et

505 4781 824 4850 nuncjuste,
859 4790 910 4832 et
942 4778 1324 4833 ratioiiabiliter
1351 4781 1592 4848 partibus
1619 4781 1783 4848 ipsius
1813 4791 2080 4834 monaste-

499 4872 562 4927 rii
615 4872 883 4940 possidere
910 4872 1266 4939 diguo~citnr,
1298 4873 1378 4924 vel
1413 4873 1549 4939 quod
1587 4873 1638 4924 in
1671 4883 1832 4926 antea
1883 4889 1911 4926 a
1971 4873 2078 4928 Deo

501 4951 807 5017 timentibus
856 4963 1183 5026 hominibus,
1218 4964 1484 5018 tribuente
1538 4964 1780 5028 Domino,
1813 4965 2076 5030 additum,

499 5052 582 5104 vel
603 5054 899 5120 delegatum
923 5054 1101 5114 fuerit,
1129 5053 1328 5106 nostris
1351 5053 1582 5105 oraculis
1613 5055 1922 5120 plenissime
1949 5071 2076 5109 con-

500 5142 713 5194 firmare
750 5145 1096 5206 deberemus;
1132 5154 1395 5212 quatenus
1418 5144 1516 5197 sub
1547 5145 1805 5213 regimine
1846 5159 1898 5199 et
1929 5159 2079 5214 pote-

499 5241 638 5285 state
653 5234 966 5298 rectoribus,
987 5236 1074 5300 qni
1092 5232 1306 5298 fuerint,
1327 5232 1524 5288 sanctze
1556 5235 1965 5292 Mediolanensis
1985 5253 2076 5291 ec-

496 5323 693 5388 clesiae,
719 5326 936 5378 sicutab
954 5326 1068 5392 ipso
1097 5333 1352 5379 statutum
1383 5343 1504 5382 esse
1529 5331 1768 5382 cernitur
1782 5332 1924 5384 omni
1945 5341 2077 5385 tem~

503 5429 628 5481 pore
645 5431 958 5482 permanere
976 5414 1187 5482 debeat,
1208 5419 1702 5486 etqnandoquidem
1723 5419 1898 5472 divina
1916 5435 2077 5474 voca-

499 5504 641 5558 tione
691 5506 855 5559 abbas
893 5520 958 5560 ex
993 5505 1112 5574 ipso
1142 5507 1468 5560 monasterio
1499 5509 1567 5561 de
1599 5509 1696 5560 hac
1727 5510 1848 5564 luce
1877 5509 1942 5562 ad
1975 5508 2078 5563 Do-

498 5598 698 5652 tninunt
747 5599 1072 5669 migraverit,
1117 5599 1386 5654 licentiam
1440 5601 1698 5658 haberent
1740 5604 1987 5659 monachi
2009 5605 2077 5660 de

498 5689 617 5759 ipso
665 5693 991 5747 monasterio
1021 5701 1219 5747 sanctae
1268 5691 1360 5748 Dci
1412 5694 1656 5751 ecclesiae
1715 5696 2075 5755 Mediolanen-

2826 4479 2986 4549 (anno
3016 4482 3172 4550 Ἴθι).

2397 4589 2489 4649 (Ex
2516 4590 2761 4652 Ughellio,
2789 4590 2924 4641 Italia
2952 4592 3122 4651 Sacra,
3151 4601 3272 4644 tom.
3301 4595 3362 4654 V,
3391 4609 3435 4655 p.
3465 4592 3579 4649 l7I.)

2249 4696 2473 4749 Carolus
2502 4697 2669 4763 gratia
2704 4694 2793 4748 Dei
2824 4710 2916 4748 rex
2949 4695 3355 4762 Franchorum,
3376 4705 3429 4751 et
3448 4688 3723 4748 Lombardi-o

2181 4803 2321 4848 rum,
2343 4796 2397 4841 et
2425 4788 2683 4841 Patricius
2705 4788 3088 4844 Romanorum.
3117 4791 3414 4844 Maximum
3439 4789 3572 4857 regni
3596 4782 3728 4838 nostri

2181 4877 2230 4930 in
2266 4876 2365 4928 hoc
2393 4892 2590 4945 angere
2621 4876 2886 4929 credimus
2909 4879 3334 4943 munimentum,
3367 4879 3411 4931 si
3439 4873 3729 4946 petitionibus

2177 4967 2536 5030 sacerdotum,
2565 4967 2645 5019 vel
2670 4981 2946 5020 servorum
2973 4967 3089 5029 Dei,
3120 4967 3178 5020 in
3210 4982 3319 5034 quo
3341 4967 3533 5021 nostris
3554 4963 3730 5018 auribus

2182 5059 2547 5126 patefecerint,
2601 5057 2829 5111 libenter
2873 5057 3223 5121 obaudimtts,
3259 5069 3314 5112 et
3343 5073 3434 5112 eas
3479 5059 3525 5108 in
3551 5053 3630 5107 Dei
3657 5063 3731 5101 no-

2180 5152 2324 5202 mine
2351 5148 2414 5199 ad
2445 5147 2697 5200 eII'ectum
2725 5147 3084 5214 perducimus.
3126 5149 3296 5213 Igitur
3328 5156 3505 5200 notum
3551 5146 3611 5196 sit
3643 5155 3732 5190 utu-

2158 5243 2324 5294 -nium
2379 5239 2610 5293 fidelium
2663 5249 2963 5293 nostrorum
3017 5239 3380 5306 magnitudini
3437 5231 3728 5306 praesentium

2177 5329 2400 5392 scilicet,
2432 5339 2482 5382 et
2524 5329 2840 5390 futurorum,
2893 5328 3127 5395 qualiter
3173 5344 3276 5383 nos
3322 5339 3531 5398 propter
3572 5333 3730 5378 nomen

2181 5420 2389 5474 Domini
2434 5419 2498 5472 ad
2549 5431 2790 5472 eternam
2841 5420 3344 5472 remunerationem
3390 5418 3540 5470 talem
3570 5411 3729 5466 contir-

2177 5512 2564 5565 mationem....
2621 5508 2903 5563 ecclesiam
2959 5509 3133 5563 sancti
3188 5509 3398 5565 Tieiani
3450 5501 3734 5561 confessoris

2177 5601 2404 5665 Christi,
2448 5614 2551 5668 que
2577 5611 2658 5653 eet
2685 5607 2988 5654 constructa
3018 5598 3123 5650 sub
3153 5600 3358 5667 oppido
3386 5593 3727 5652 Ccnedensium

2177 5702 2378 5757 castro,
2412 5691 2498 5747 tibi
2525 5690 2638 5762 ipse
2675 5691 2934 5760 pretiosus
2962 5701 3188 5746 sanctus
3215 5705 3442 5764 corpore
3465 5682 3731 5758 requiescit.
