4034 6182
315 283 448 342 Ιῦὶι

647 277 874 338 COBEX
919 273 1440 332 DiPLOMATlCUS.
1485 307 1552 318 -—
1595 273 2013 332 PRIVILEGIA.
2061 303 2126 312 —
2171 273 2419 327 l’lllVlL.
2469 271 2602 326 PF.“
2644 271 2918 328 PARTES
2957 251 3237 327 ITALIE.

3445 268 3582 324 102?.

311 412 364 458 et
393 399 482 456 ubi
511 404 691 466 prcest
719 397 798 448 vir
819 393 1142 448 venerabilis
1163 393 1510 446 Dnlcissimus
1533 391 1893 458 cpiscopus...
1926 391 1976 450 Α
2005 399 2102 452 pro
2126 385 2442 452 quihusdam
2467 385 2642 438 causis
2660 397 2858 438 sancta:
2883 385 2974 440 Dei
3005 383 3266 446 ecclesir,
3299 395 3360 435 ac
3382 381 3579 435 domini

312 487 610 551 concessis,
661 496 716 540 et
767 484 836 538 de
873 483 1124 536 omnibus
1173 481 1435 550 plebibus,
1495 480 1572 532 vi-l
1623 477 1888 546 parocliiis

1997 476 2190 531 Leonis
2235 491 2384 546 papae
2429 477 2894 544 pervenissemns;
2939 477 3120 544 ibique
3162 490 3264 530 una
3297 488 3416 528 cum
3451 473 3580 542 ipsis

313 597 434 636 cum
473 575 936 648 iurisdictionibus
973 572 1184 640 imperii
1227 573 1482 632 locorum,
1517 571 1596 624 vel
1627 578 1887 623 terrarum
1991 567 2238 630 ducibus,
2270 567 2594 634 guastaldiis,
2629 582 2722 618 seu
2756 565 2976 634 reliquis
3009 565 3276 636 ﬁdelibus,
3301 577 3363 616 ac
3391 576 3583 632 procc-

317 675 484 742 ipsitts
513 668 768 738 episcopi,
803 683 908 733 que
953 667 1004 718 in
1049 666 1168 718 istis
1217 661 1740 728 comprehenduntur
1773 658 1890 711 ﬁtti-

315 765 434 827 iius,
486 763 534 816 id
567 757 1118 814 estdetermiimtione
1171 751 1406 806 ﬁttininis
1459 749 1699 812 Liinane,
1755 751 1894 802 sicut

315 856 530 910 Liniana
565 853 729 906 currit
765 850 816 904 in
843 849 1024 912 Plave,
1049 843 1100 901 et
1130 845 1301 900 l'lavis
1325 843 1492 898 currit
1517 857 1682 910 usque
1715 840 1889 893 locum

314 947 401 1000 ubi
436 943 616 998 Theba
644 941 827 994 deﬁnit
851 940 901 992 in
933 939 1125 1008 ipsam,
1149 947 1204 991 et
1231 935 1422 990 deinde
1447 949 1614 1002 usque
1645 933 1697 986 in
1729 933 1890 984 alium

315 1037 514 1097 locum,
549 1031 634 1086 tibi
679 1029 956 1100 Nigrisalia
989 1029 1168 1082 deﬁnit
1205 1029 1256 1080 in
1289 1028 1466 1084 l‘lave.
1491 1037 1544 1080 et
1577 1024 1746 1078 l’lavis
1770 1038 1894 1075 cur-

313 1131 384 1183 rit
409 1131 458 1180 in
499 1140 664 1188 mare,
697 1133 752 1177 et
781 1124 966 1176 iterum
1013 1121 1082 1176 de
1131 1121 1350 1176 ﬂumine
1383 1119 1598 1172 Lintane
1641 1131 1806 1184 usque
1839 1115 1890 1168 in

313 1221 548 1274 (Zelieunt
595 1223 850 1280 montem,
879 1224 935 1266 et
963 1213 1156 1268 deinde
1197 1213 1247 1264 itt
1279 1211 1474 1264 Lacunt
1505 1219 1796 1270 mortuum,
1841 1215 1896 1259 et

313 1313 507 1367 dehinc
537 1311 588 1362 itt
619 1306 898 1362 ecclesiam
930 1305 1098 1358 sancti
1134 1303 1390 1368 Floriani,
1422 1302 1510 1370 qui
1560 1299 1732 1368 primo
1762 1299 1894 1364 Upi-

315 1403 522 1470 tergiue
549 1399 776 1454 civitatis
805 1396 1048 1464 ejusdem
1079 1397 1320 1463 episcopi
1356 1394 1476 1462 jura
1505 1393 1896 1461 gloriosissime

313 1495 558 1562 regebat,
607 1501 660 1544 et
712 1489 834 1542 inde
875 1488 926 1540 in
970 1502 1160 1553 aquam
1206 1486 1290 1538 ubi
1319 1487 1486 1538 uritur
1513 1486 1806 1553 Liquctttia,
1843 1493 1899 1538 et

313 1583 509 1638 deinde
541 1595 708 1648 usque
735 1581 786 1632 in
811 1579 1026 1632 arebant
1062 1587 1388 1638 traversam;
1415 1585 1470 1630 et
1491 1586 1612 1644 post
1645 1576 1764 1628 hinc
1797 1575 1896 1628 ﬁu-

313 1693 436 1728 men
461 1673 702 1734 Metione,
733 1681 786 1724 et
814 1687 946 1738 aqua
981 1670 1203 1723 Medune
1229 1666 1421 1722 .defluit
1452 1669 1500 1720 in
1539 1669 1894 1735 Liqueutiain,

1993 659 2141 712 ribus
2169 661 2368 712 nostris
2390 659 2704 712 residentes.

2067 769 2318 822 Pervenit
2351 769 2626 822 Ariliertus
2659 779 2855 823 sanctae
2890 769 3122 822 Aretinre
3163 767 3310 820 urbis
3339 765 3586 820 ecclesiae

1995 859 2318 912 venerabilis
2375 857 2682 926 episcopus,
2729 861 2780 912 in
2835 861 3114 926 praesentia
3169 867 3348 910 nostra
3399 871 3588 926 sugge-

2001 949 2190 1012 rendo,
2230 961 2292 1000 ac
2333 949 2740 1014 proclamando,
2774 965 2936 1014 super
2963 950 3229 1002 Andream
3263 955 3458 1000 sancta:
3491 947 3588 1000 Se-

1997 1041 2180 1090 nensis
2231 1039 2378 1092 urbis
2421 1039 2662 1092 ecclesia:
2721 1040 3081 1093 venerabilem
3137 1041 3446 1108 episcopum
3504 1038 3586 1092 di-

1997 1143 2130 1182 CEIIS
2164 1145 2178 1183 2

2071 1219 2200 1286 Quia
2228 1219 2482 1276 dimcesis
2511 1223 2754 1276 ecclesia:
2799 1237 2930 1287 suae,
2963 1239 3121 1292 quam
3165 1239 3192 1274 a
3239 1225 3427 1291 priscis
3459 1231 3592 1277 tem-

2001 1309 2220 1378 pnrihns
2252 1312 2676 1376 praedecessores
2704 1312 2785 1364 sui
2818 1313 3080 1380 episc0pi,
3105 1313 3184 1366 vel
3211 1313 3325 1380 ipse
3349 1313 3584 1380 tenebat,

2003 1409 2244 1467 tempore
2291 1399 2508 1454 Adriani
2561 1402 2828 1468 quondam
2863 1417 3010 1470 pnpze
3037 1443 3052 1464 ,
3095 1403 3381 1456 invasisset
3413 1403 3592 1456 [indo-

2003 1489 2183 1543 bertus
2245 1493 2510 1558 quondam
2579 1505 2780 1545 sanet-.8
2848 1493 3102 1546 Senensis
3153 1493 3298 1546 urbis
3353 1493 3592 1546 ecclesiae

2001 1581 2320 1647 episCttpus,
2355 1591 2408 1634 et
2463 1585 2804 1650 postmodum
2855 1599 2972 1636 ettttt
3030 1583 3345 1636 detinuisset
3405 1583 3593 1636 llaituo

2003 1671 2272 1732 quondam
2299 1671 2586 1737 episcopus
2614 1671 2932 1736 supradicta:
2963 1670 3218 1726 Senensis
3249 1672 3512 1739 ecclesiaz,
3542 1683 3596 1726 ct

315 1775 368 1818 et
399 1768 588 1816 iterum
634 1761 908 1830 Liquentia
941 1761 1106 1814 currit
1164 1759 1308 1812 in....
1363 1759 1468 1812 Nos
1501 1759 1654 1826 igitur
1683 1759 1894 1827 dignam
1933 1745 1978 1804 Β
2007 1775 2174 1828 usque
2205 1775 2348 1815 nunc
2375 1775 2494 1814 eam
2525 1763 2789 1816 detineret
2821 1765 3070 1831 praefatus
3103 1767 3344 1818 Andreas
3387 1764 3596 1830 episco-

317 1859 432 1925 cjns
475 1855 784 1924 petitionem
830 1853 1252 1918 considerantes,
1288 1863 1394 1904 tam
1439 1851 1560 1918 ipsi,
1592 1867 1748 1919 quam
1779 1865 1900 1902 suc-

316 1949 623 2005 cessuribus
671 1946 784 2000 suis
821 1961 914 2014 per
953 1945 1118 1997 nostri
1171 1944 1404 2012 precepti
1436 1944 1678 2010 paginam
1709 1939 1906 1994 ceuﬁr-

327 2055 555 2103 mamus,
595 2047 752 2104 atque
799 2036 1212 2090 corroboranius
1259 2049 1445 2087 omnes
1495 2033 1698 2102 plebes,
1745 2043 1906 2100 atque

321 2127 724 2198 jnrisdictiones
773 2126 1038 2188 locorum,
1085 2124 1166 2176 vel
1219 2131 1478 2176 terrarum
1534 2137 1636 2189 que
1685 2122 1738 2174 in
1789 2135 1906 2188 pie-

325 2220 538 2290 scriptis
583 2221 774 2273 ﬁnibus
819 2218 900 2272 Vel
948 2216 1410 2270 terminationibus
1437 2215 1904 2283 comprehendun-

324 2325 428 2373 tur.
473 2310 822 2380 precipieutes
863 2311 1040 2376 itaque
1091 2306 1426 2368 tnandamus,
1473 2317 1527 2360 ut
1565 2307 1741 2359 nullus
1771 2305 1904 2372 dux,

323 2404 616 2474 patriarca,
665 2402 1096 2469 archiepiscOpns
1117 2440 1131 2464 ,
1181 2401 1486 2468 episcenos,
1519 2399 1784 2456 mareltio.
1815 2414 1907 2450 co-

323 2515 458 2564 mes,
491 2499 810 2562 vicecomes,
827 2495 1013 2564 jndex,
1039 2493 1262 2558 scaldio,
1291 2493 1538 2558 nullaque
1565 2489 1730 2544 nostri
1759 2490 1904 2557 regni

325 2603 552 2657 persoiia
605 2601 786 2656 parva,
833 2587 916 2638 vel
963 2597 1177 2651 magna,
1221 2583 1534 2650 prelibatum
1571 2584 1904 2650 episcopum,

321 2682 406 2734 vel
459 2693 585 2734 suos
637 2691 974 2732 Successores
1023 2677 1090 2729 de
1117 2675 1363 2728 omnibus
1397 2673 1657 2741 plebibus,
1689 2675 1771 2726 vel
1809 2672 1902 2740 ju-

321 2768 739 2832 risdictionibus,
774 2781 904 2833 quas
951 2767 1030 2820 eis
1084 2781 1178 2833 per
1227 2764 1686 2818 conﬁrmationem
1739 2763 1906 2818 uestri

325 2860 564 2930 precepti
609 2858 974 2912 concessimus
1003 2897 1020 2922 ,
1077 2868 1236 2924 atque
1285 2853 1782 2916 corroboravimus,
1830 2855 1908 2908 sic

321 2960 574 3022 precepts
605 2959 910 3003 nostrorum
941 2947 1284 3016 antiquorum
1317 2961 1520 3012 regum,
1559 2945 1644 2998 vel
1673 2944 1906 3010 impera-

2005 1865 2102 1918 pus
2129 1859 2252 1904 ante
2279 1851 2436 1904 dictae
2467 1851 2726 1906 Senensis
2748 1853 3008 1916 ecclesia},
3037 1854 3086 1908 id
3111 1865 3194 1909 est
3213 1859 3592 1910 monasterium

2003 1945 2171 1996 sant-ti
2202 1945 2436 2008 Ausani,
2485 1945 2572 1998 ubi
2613 1947 2725 2013 ipse
2769 1961 2994 2014 corpore
3025 1949 3329 2015 requiescit,
3363 1965 3480 2002 cum
3515 1965 3598 2003 re-

2005 2033 2163 2101 liquis
2193 2034 2455 2088 ecclesiis.
2491 2035 2556 2088 Et
2595 2036 2717 2089 dum
2761 2038 2898 2090 inter
2927 2053 3018 2091 eos
3048 2055 3142 2106 pro
3173 2055 3236 2092 ea
3273 2055 3329 2092 te
3365 2040 3592 2094 marium

2009 2133 2314 2177 verteretur
2343 2127 2634 2190 contentio,
2685 2129 2984 2196 rogavimus
3030 2129 3277 2182 sanctiss.
3330 2145 3392 2181 ac
3443 2145 3597 2183 reve-

2007 2215 2240 2268 rendiss.
2294 2215 2526 2270 dominis
2569 2226 2624 2270 et
2661 2219 2709 2270 iu
2741 2217 2956 2272 Christo
2999 2217 3138 2272 l’atri
3187 2219 3352 2274 Leoni
3383 2234 3596 2273 summo

2007 2309 2276 2376 pontiﬁci,
2311 2318 2366 2362 et
2405 2311 2690 2364 universali
2723 2325 2890 2379 papae,
2935 2321 2992 2364 ut
3037 2312 3332 2366 secundum
3377 2311 3594 2364 canoni-

2008 2415 2124 2454 cam
2177 2403 2548 2454 auctoritatem
2607 2417 2702 2456 eos
2749 2419 2852 2456 una
2902 2419 3021 2458 cum
3071 2405 3180 2456 suis
3230 2403 3595 2458 sacerdotibus

2015 2492 2302 2558 poeiﬁcare
2331 2493 2572 2558 deberet,
2605 2495 2740 2546 sicut
2770 2505 2823 2548 et
2855 2493 2998 2560 fecit,
3033 2497 3172 2548 unde
3201 2505 3252 2548 et
3277 2495 3592 2562 jtltllcallllll,

2009 2593 2064 2637 et
2097 2593 2420 2652 praeceptum
2453 2585 2784 2639 auctoritatis
2811 2599 2943 2650 sum,
2985 2601 3141 2653 supra
3177 2589 3450 2640 nominato
3482 2585 3593 2640 Ari-

2010 2675 2161 2729 berto
2191 2685 2393 2729 sancta:
2421 2675 2652 2730 Aretiua:
2679 2678 3100 2758 ecclesitepibis
3127 2678 3380 2745 episcopo
3411 2685 3596 2742 quate-

2009 2783 2110 2820 nus
2159 2767 2414 2835 deinceps
2444 2767 2508 2820 ad
2541 2779 2744 2836 partem
2798 2769 3042 2823 ecclesiae
3091 2771 3396 2838 parochiam
3448 2785 3600 2823 suam

2011 2871 2136 2910 cum
2185 2860 2331 2911 omni
2384 2858 2706 2926 integritate,
2741 2857 2877 2911 sicut
2922 2859 2989 2912 ab
3037 2859 3331 2926 antiquitus
3363 2859 3481 2923 fuit,
3522 2869 3602 2913 te-

2009 2961 2139 3002 nere
2165 2956 2220 3001 et
2249 2947 2528 3016 possidere
2555 2947 2770 3002 debeat.

325 3057 500 3098 torum
533 3043 844 3096 conﬁrmata
893 3038 1137 3103 fuerunt,
1187 3039 1504 3104 inquietare,
1535 3038 1616 3090 vel
1647 3035 1904 3090 divestire

2077 3058 2182 3114 Sed
2201 3073 2294 3126 pro
2315 3057 2514 3127 integra
2537 3059 2782 3111 ﬁrmitate
2808 3059 2954 3127 petiit
2975 3059 3250 3114 serenitati
3275 3071 3472 3114 nostra:
3489 3075 3598 3114 nte-

326 3147 620 3206 presntnat,
656 3134 748 3188 sed
779 3133 956 3189 omnia
989 3133 1308 3198 potestative
1333 3141 1530 3192 teneat,
1563 3139 1766 3182 remota
1791 3143 1906 3182 om-

325 3235 472 3284 nium
503 3219 899 3282 interdictione.
927 3227 980 3280 Si
1013 3225 1134 3294 quis
1161 3231 1358 3286 autem,
1389 3221 1530 3289 quod
1553 3220 1772 3274 minime
1791 3233 1910 3272 ere-

325 3321 524 3382 ditnus,
567 3318 632 3370 ad
667 3317 900 3370 futurum
949 3316 1051 3368 hoe
1095 3323 1278 3368 nostro
1317 3311 1740 3366 conﬁrmationis
1783 3323 1908 3378 pre-

325 3421 540 3480 ceptum
573 3409 870 3475 irrumpere
898 3413 1038 3459 tenta
1051 3404 1206 3468 verit,
1240 3403 1376 3456 sciat
1400 3417 1458 3456 se
1489 3401 1907 3469 compositurum

329 3503 478 3557 mille
523 3501 616 3555 lib.
665 3500 802 3565 auri,
843 3498 1180 3552 medietatem
1231 3509 1444 3550 camera
1473 3505 1678 3556 nostra,
1707 3505 1762 3548 et
1791 3508 1910 3548 nte-

327 3595 580 3648 dietatem
605 3592 712 3660 jam
741 3591 886 3644 dicto
912 3589 1190 3656 episcopo,
1225 3587 1306 3640 vel
1345 3587 1458 3640 suis
1487 3585 1909 3640 successoribus.

329 3683 480 3749 Quod
511 3693 566 3736 ut
598 3680 774 3734 verius
804 3679 1078 3741 credatur,
1109 3687 1166 3732 et
1189 3677 1442 3731 obnixius
1468 3676 1814 3744 itnposterum
1843 3675 1912 3730 ab

329 3775 578 3828 erunibus
625 3773 958 3834 observetur,
1003 3785 1160 3823 manu
1207 3771 1418 3836 propria
1459 3769 1639 3822 subter
1678 3767 1912 3820 ﬁrmavi-

329 3884 362 3919 ιι
387 3881 472 3930 us,
501 3873 554 3918 et
593 3863 942 3929 impressione
967 3862 1132 3914 nostri
1163 3859 1318 3930 sigilli
1351 3859 1592 3928 insigniri
1625 3858 1908 3927 jussintus.

401 3957 621 4024 Signum
652 3953 828 4008 Caroli
855 3951 1080 4006 illustris
1109 3951 1266 4018 regis.

407 4047 594 4100 Datum
625 4045 797 4113 pridie
823 4043 940 4096 lial.
971 4042 1168 4110 Aprilis
1193 4056 1332 4094 anno
1360 4055 1482 4094 xxvr
1512 4048 1566 4094 et
1597 4055 1664 4094 xx
1699 4041 1872 4109 regni.

404 4138 596 4192 Actum
625 4136 680 4190 in
725 4133 996 4189 Francono
1025 4133 1158 4188 lruel
1206 4133 1258 4188 in
1291 4132 1384 4186 Dei
1415 4134 1630 4188 nomine
1662 4133 1906 4188 feliciter.

331 4232 526 4286 Amen.

1049 4295 1190 4349 XIV.

331 4389 574 4462 Diploma
626 4387 802 4442 Caroli
859 4385 1038 4456 Magni
1061 4403 1186 4526 Ἰηῖἕ)
1220 4387 1428 4442 ecclesia
1479 4387 1690 4440 Arelina
1744 4387 1908 4457 (anno

1100 4475 1208 4512 UO)-

525 4548 616 4610 (Ex
657 4547 901 4607 Ugbellio,
925 4546 1064 4596 Italia
1088 4548 1251 4608 Sacra,
1279 4554 1394 4596 tom.
1425 4545 1463 4608 l,
1491 4562 1536 4610 p.
1564 4548 1698 4609 H2.)

401 4633 626 4688 Carolus
646 4633 810 4701 gratia
835 4631 928 4686 Dei
953 4647 1044 4686 rex
1071 4631 1418 4698 Francorum,
1445 4643 1494 4686 et
1521 4632 1904 4698 Romanorum,

335 4737 487 4794 atque
535 4725 1028 4794 Longobardorutn.
1078 4724 1342 4792 Quidquid
1397 4725 1446 4778 in
1501 4733 1701 4791 nostra,
1755 4737 1804 4777 et
1859 4725 1910 4777 iit

335 4829 610 4884 procerum
661 4823 960 4867 nostrorum
1005 4814 1306 4882 praisentia,
1343 4815 1486 4882 justo
1514 4829 1576 4866 ac
1623 4823 1771 4867 rei-to
1801 4821 1910 4866 tra-

335 4908 464 4961 mite
514 4905 751 4974 diligenti
807 4905 1246 4970 exatniuatione,
1305 4907 1598 4961 secundum
1651 4905 1912 4974 justitiam

336 5009 641 5051 sanctorum
667 4996 905 5060 Patrum,
933 4995 1088 5049 fuerit
1111 4999 1472 5062 terminatum,
1499 4999 1582 5050 vel
1606 4997 1913 5062 dilﬁnitum,

337 5097 550 5156 Oportet
596 5087 794 5142 nostris
838 5089 1156 5144 conﬁrmare
1201 5091 1460 5151 oraculis;
1517 5091 1584 5142 ita
1635 5101 1688 5142 nt
1719 5090 1916 5143 Christi

339 5183 670 5251 propositum
707 5183 974 5250 perpetuis
1005 5183 1332 5251 temporibus
1378 5193 1590 5237 maneat
1631 5183 1916 5236 inconcus-

413 5365 578 5435 lgitur
599 5373 784 5420 notum
810 5365 882 5419 sit
910 5365 1154 5419 omnibus
1183 5367 1464 5436 episcopis,
1495 5365 1792 5428 abbatibus,
1819 5365 1919 5420 du-

339 5455 524 5522 cibus,
555 5457 862 5520 comitibus,
899 5456 1222 5524 guastaldis,
1253 5471 1347 5512 seu
1395 5457 1614 5526 reliqu‘s
1645 5459 1916 5522 trouariis,

345 5555 399 5598 et
426 5545 632 5599 cunctis
659 5545 903 5601 ﬁdelibus
929 5547 1145 5612 nostris,
1182 5551 1550 5617 praesentibus,
1589 5560 1640 5605 et
1683 5551 1912 5605 futuris:

345 5635 480 5698 Quia
512 5635 634 5688 dntn
665 5653 760 5714 nos
789 5635 1012 5693 Domino
1038 5649 1344 5708 protegente
1373 5641 1613 5706 llum-ani,
1643 5642 1706 5694 ad
1735 5643 1914 5696 limina

345 5739 510 5784 Sauct.
536 5744 649 5782 rum
683 5730 975 5800 principum
1021 5739 1415 5799 :tpnsto‘oruut,
1451 5730 1588 5787 Petri
1635 5742 1686 5788 et
1735 5733 1910 5802 l‘auli,

1935 4453 1990 4514 D

2013 3159 2251 3204 moratus
2279 3151 2360 3202 vir
2387 3165 2507 3203 ven.
2541 3149 2821 3206 Aribertus
2853 3152 3223 3219 suprascripta:
3245 3161 3442 3205 sanctae
3473 3151 3604 3204 Are-

2012 3241 2136 3294 tinte
2164 3239 2411 3295 ecclesiaa
2441 3243 2744 3308 episcopus,
2784 3251 2838 3294 ut
2869 3251 2922 3294 et
2951 3257 3046 3294 nos
3075 3243 3263 3295 demus
3289 3285 3304 3310 ,
3353 3241 3492 3296 circa
3527 3242 3604 3310 ip-

2007 3347 2121 3386 satn
2147 3343 2382 3385 sanctam
2407 3331 2688 3386 ecclesiam
2719 3333 2839 3397 Dei;
2875 3334 3167 3388 secundum
3198 3334 3338 3403 quod
3369 3335 3598 3388 domnus

2010 3431 2192 3474 noster
2233 3421 2342 3476 Leo
2391 3437 2632 3477 summus
2679 3422 2936 3490 pontifex,
2983 3431 3038 3476 et
3084 3423 3402 3478 venerabilis
3443 3437 3600 3491 papa,

2009 3529 2132 3570 cum
2179 3513 2578 3568 venerabilibus
2607 3515 2858 3567 omnibus
2899 3515 3106 3568 crete-ris
3137 3513 3380 3568 ﬁdelibus
3401 3523 3602 3568 sancite

2011 3604 2272 3668 ecclesiae,
2313 3604 2458 3672 justo
2491 3603 2732 3668 tramite,
2779 3617 2832 3658 et
2879 3603 3148 3674 aequitatis
3189 3605 3378 3658 ordine
3407 3603 3600 3657 difﬁni-

2012 3707 2150 3762 mus,
2177 3704 2230 3747 et
2261 3709 2352 3760 per
2377 3705 2694 3762 praeceptum
2722 3695 3062 3749 antlioritatis
3088 3709 3200 3748 sua:
3227 3695 3560 3748 conﬁrmavit
3582 3736 3597 3760 ,

2015 3785 2328 3853 plenissima
2370 3783 2755 3838 deliberatione
2797 3784 3010 3850 cedere,
3056 3793 3110 3838 et
3151 3787 3466 3838 confirmare
3507 3785 3600 3838 de-

2013 3877 2288 3929 heremus.
2345 3873 2510 3942 Cujus
2567 3873 2882 3942 positionem
2943 3891 3038 3944 pro
3091 3875 3273 3928 divino
3325 3877 3490 3939 cultu,
3545 3885 3602 3930 et

2015 3963 2316 4018 reverentia
2349 3963 2518 4030 ipsius
2547 3971 2743 4016 sancta:
2767 3961 3008 4017 ecclesiae
3030 3964 3291 4034 denegare
3314 3965 3595 4029 nolumus;

2013 4055 2106 4108 sed
2169 4053 2220 4106 iit
2273 4053 2523 4106 omnibus
2585 4053 2652 4105 ita
2706 4054 3071 4120 concessisse,
3125 4055 3207 4108 vel
3254 4057 3602 4110 coitﬁrmasse

2015 4161 2342 4218 cognoscere
2373 4145 2758 4213 praecipientes.
2799 4139 2936 4216 Ergo
2963 4149 3211 4214 jubemns
3236 4149 3378 4217 quod
3411 4164 3602 4216 perpe-

2016 4239 2225 4293 tualiter
2267 4237 2468 4291 dictam
2511 4252 2984 4292 commemoratam
3034 4250 3270 4294 sanctam
3307 4240 3397 4293 Dei
3431 4243 3604 4296 eec|e~

2014 4331 2148 4385 siam
2186 4330 2308 4399 jure
2359 4329 2661 4383 ﬁrmissimo
2716 4347 3018 4384 mansuram
3067 4348 3186 4386 esse
3237 4335 3514 4400 volunms,
3545 4345 3602 4389 et

2016 4420 2250 4487 inspecta
2291 4420 2404 4487 ipsa
2443 4421 2790 4485 auctoritate,
2838 4423 2916 4475 vel
2965 4423 3413 4488 cnnﬁrntationis,
3467 4441 3603 4491 prae-

2013 4512 2138 4566 dicti
2186 4511 2368 4565 domni
2423 4511 2574 4564 bona:
2631 4513 2900 4565 tut-moria:
2961 4515 3124 4580 patris
3173 4515 3363 4568 Leonis
3407 4516 3602 4570 summi

2013 4599 2300 4669 pontiﬁcis,
2333 4609 2388 4652 et
2415 4599 2730 4653 universalis
2763 4615 2911 4668 papa
2939 4602 3076 4654 sicut
3101 4617 3196 4672 per
3221 4605 3394 4670 ipsum
3423 4605 3602 4658 decla-

2013 4701 2209 4756 ratum,
2239 4691 2308 4744 ila
2353 4690 2604 4758 deinceps
2655 4693 2828 4746 valere
2874 4693 3340 4762 snprauomiuatus
3383 4697 3602 4749 Ariber-

2019 4793 2102 4836 tus
2153 4792 2349 4836 sancta:
2380 4785 2614 4836 Aretinte
2670 4785 2910 4838 ecclesia:
2967 4789 3266 4855 ejtiS('0ptlS,
3309 4789 3496 4856 suique
3551 4791 3602 4842 in

2019 4883 2334 4942 perpetuum
2363 4889 2726 4938 successores,
2771 4877 2858 4943 qni
2893 4875 3086 4929 fuerint
3127 4887 3362 4931 rectores
3395 4879 3446 4932 in
3475 4893 3602 4931 san-

2019 4977 2100 5020 cla
2133 4967 2221 5020 Dei
2271 4967 2510 5020 Ecclesia
2540 4981 2654 5030 sua,
2695 4977 2746 5018 et
2795 4968 3140 5032 tnonasterin,
3173 4965 3226 5020 et
3273 4969 3602 5036 baptisteria,

2018 5057 2160 5108 sicut
2188 5073 2215 5108 τι
2249 5058 2436 5124 priscis
2487 5056 2814 5124 temporibus
2840 5065 3020 5108 tenere
3048 5066 3101 5110 et
3131 5059 3420 5125 poSsidet-e,
3449 5064 3602 5127 juxta

2021 5157 2324 5200 sanctorum
2371 5148 2609 5212 Patrum,
2653 5154 2708 5198 et
2745 5146 3010 5213 aequitatis
3053 5148 3292 5202 ordinem
3334 5164 3518 5217 regere
3547 5159 3604 5204 et

2019 5239 2334 5304 gubernare.
2367 5238 2432 5290 Et
2454 5248 2508 5288 tit
2541 5237 2654 5288 hare
2683 5237 2972 5289 auctoritas
3004 5239 3208 5290 ﬁrmior
3239 5238 3516 5304 habeatur,
3546 5249 3604 5294 et

2021 5345 2116 5399 per
2143 5341 2378 5398 tempora
2403 5331 2590 5382 melius
2616 5339 2993 5396 conservetur,
3023 5347 3178 5383 litanti
3207 5335 3416 5400 propria
3443 5348 3602 5400 supra

2020 5423 2366 5488 ﬁrmavimus,
2388 5433 2440 5475 et
2469 5421 2538 5475 de
2567 5427 2769 5507 annulo
2802 5431 2987 5476 nostro
3015 5425 3232 5492 sigillari
3257 5425 3532 5494 jussitnus.

2091 5534 2308 5602 Signum
2336 5533 2512 5586 Caroli
2537 5534 2710 5603 Magni
2737 5535 2774 5603 ιι·
2808 5535 3162 5602 imperatoris.

2091 5645 2216 5698 Data
2267 5659 2314 5698 tv
2367 5643 2542 5700 Nonas
2595 5643 2834 5711 Martias,
2884 5644 2954 5700 55
3001 5653 3052 5700 ct
3091 5642 3162 5696 3-1
3203 5659 3342 5699 anno
3395 5647 3604 5716 imperii

2019 5735 2203 5791 nostri.
