4034 6182
442 324 578 381 1023

1318 313 1381 367 Β.
1421 304 1666 365 (ZAROLI
1705 299 1915 359 MAGNI
1952 296 2103 355 OPP.
2146 294 2322 352 PARS
2360 294 2399 360 Ι,
2442 290 2690 351 ΞΕΟΊΊΟ
2726 288 2790 345 ΙΙ·.

3568 280 3725 337 ποθεν

508 445 696 498 Actum
752 439 933 495 Romae
982 437 1034 490 in
1084 432 1308 488 ecclesia
1352 426 1520 482 saneti
1569 412 1710 481 l‘e‘ri
1752 417 2001 489 principis
2032 412 2083 472 A
2108 426 2248 477 rum,
2277 419 2333 465 et
2354 410 2406 463 in
2431 408 2640 462 Potano
2661 403 2962 459 modiorum
2987 396 3381 468 quatuorcenti,
3412 406 3468 453 et
3497 397 3713 498 malic-

437 533 824 605 apostolorum,
857 530 943 584 ubi
974 529 1086 597 ipse
1116 526 1169 580 in
1194 536 1421 591 corpore
1449 516 1736 590 requiescit
1763 513 2010 570 feliciter.

1164 637 1283 694 XV.

446 757 615 811 Caroli
668 754 845 823 Magni
885 752 1066 805 littera:
1089 792 1106 816 ,
1145 749 1347 823 quibus
1374 747 1662 823 constituit.
1687 744 2015 799 llilders'cum

516 841 723 878 θυεερ-γη
758 816 909 875 "suum
937 823 1004 874 ad
1034 820 1408 891 cognoscendas
1437 818 1618 891 ubique
1645 816 1871 871 locorum
1899 832 2019 869 cau-

513 913 592 948 sus
623 894 913 947 monasterii
941 889 1207 961 Farfenst's
1240 889 1398 961 (mmo
1438 889 1587 957 797).

728 1007 822 1067 (Ex
843 1008 1119 1068 Muratorio,
1145 1006 1323 1067 Script.
1347 1017 1516 1053 rerum
1536 1002 1728 1065 ltalize.)

513 1115 730 1171 Carolus
760 1113 925 1182 gratia
974 1113 1062 1165 Dei
1109 1126 1200 1165 rex
1245 1109 1596 1171 Francorum,
1625 1115 1681 1161 et
1713 1106 2015 1174 Langobar-

442 1208 627 1259 dorum
652 1246 667 1269 ,
698 1215 752 1259 et
780 1203 1036 1270 patricius
1068 1201 1448 1255 Romanorum.
1480 1199 1740 1253 Omnibus
1769 1197 2018 1259 ducibus,

442 1297 712 1361 castaldis,
757 1296 1088 1357 actionards,
1136 1308 1230 1347 seu
1274 1291 1491 1360 reliquis
1533 1291 1774 1345 tidelibus
1821 1307 1852 1343 ιι
1878 1290 2017 1345 .Stris

444 1390 530 1441 ubi
562 1389 648 1442 ubi
680 1387 1114 1442 consistentibus.
1147 1383 1342 1438 Notum
1375 1384 1523 1438 vobis
1551 1384 1642 1446 sit,
1675 1384 1796 1451 quia
1827 1383 1892 1435 ad
1926 1382 2022 1437 de-

448 1479 804 1546 precationem
855 1474 1176 1532 venerabilis
1223 1474 1477 1529 lllauraldi
1534 1474 1743 1528 abbatis
1795 1474 2023 1543 ejusque

446 1568 876 1640 enngrt-gationis
921 1570 1259 1637 prmcipimus
1307 1566 1571 1620 llilderico
1616 1565 1757 1620 fideli
1811 1577 2019 1633 nostro,

449 1674 712 1735 utgcausas
735 1660 1038 1717 monasterii
1064 1672 1261 1714 sancta:
1294 1659 1470 1713 Maria:
1495 1663 1574 1712 vel
1599 1659 1764 1728 ipsius
1793 1660 2018 1722 abbatis,

2115 510 2224 556 tate
2237 500 2477 556 ecclesizc
2499 498 2635 552 beati
2657 494 2821 558 Petri,
2839 492 2927 558 qui
2943 490 3138 545 ibidem
3163 488 3323 543 modo
3338 497 3552 543 exstare
3569 486 3712 541 vide

2117 604 2203 646 tur
2222 607 2338 644 cum
2357 590 2515 650 dotis,
2539 600 2590 641 et
2613 582 2964 648 ornamentis,
2990 589 3044 635 et
3075 580 3127 634 iu
3148 579 3372 650 Trisago
3403 578 3714 632 modiorum

2114 684 2371 749 sexcenti,
2393 683 2518 735 etin
2542 678 2899 739 Lomicciauo,
2931 683 2986 729 et
3014 675 3066 727 in
3092 672 3373 727 Velariana
3399 686 3494 739 pro
3522 669 3715 738 singu-

2116 774 2179 829 lae
2204 773 2356 841 petic-
2388 772 2572 840 posita:
2595 768 2895 823 modiorum
2919 764 3211 841 octocenti,
3241 773 3296 817 et
3322 760 3550 816 ecclesia
3580 775 3716 813 san-

2117 877 2216 920 ctae
2238 838 2450 919 Helenae
2471 877 2591 916 cuin
2611 862 2767 924 dotis,
2800 869 2853 912 et
2889 838 3217 911 ornamentis
3240 854 3370 919 suis,
3415 864 3470 908 et
3505 852 3560 905 in
3590 851 3723 906 Val-

2120 955 2331 1010 veneria
2383 951 2604 1009 trecenti
2647 949 2943 1018 sexaginta,
2999 955 3056 1002 et
3095 946 3147 1000 in
3190 944 3359 1000 Cerro
3396 942 3570 997 modia
3602 948 3723 996 tre-

2119 1046 2256 1100 ceuti
2315 1045 2622 1113 nonaginta.
2665 1040 2857 1094 Omnia
2889 1039 2989 1093 ista
3018 1037 3377 1105 suprascripta
3420 1042 3561 1089 terra
3590 1048 3723 1088 cum

2120 1134 2291 1204 pomis
2316 1175 2332 1199 ,
2363 1144 2416 1188 et
2461 1130 2739 1186 arboribus
2768 1130 2880 1183 suis
2905 1168 2919 1195 ,
2956 1137 3009 1181 et
3056 1142 3180 1181 cum
3216 1125 3409 1188 vineis,
3439 1134 3495 1180 et
3537 1123 3719 1178 olive-

2127 1224 2216 1292 tis,
2238 1225 2502 1288 cannetis,
2526 1221 2758 1283 salcetis.
2776 1234 2897 1273 cum
2917 1217 3068 1286 ripis,
3092 1216 3241 1280 rivis,
3269 1214 3444 1280 cultis,
3470 1224 3527 1271 et
3547 1215 3728 1269 incul-

2124 1315 2190 1370 tis
2215 1357 2231 1381 ,
2281 1314 2475 1379 servis,
2518 1312 2752 1374 ancillis,
2800 1306 3101 1369 cartulatis,
3130 1305 3549 1377 prastandatiis,
3582 1304 3731 1359 libe-

2124 1406 2199 1460 ris
2228 1404 2550 1469 hominibus,
2576 1413 2627 1457 et
2658 1399 2835 1454 omnia
2860 1413 3022 1468 super
3067 1412 3128 1452 se
3174 1399 3459 1451 habentem
3491 1395 3545 1450 in
3575 1397 3727 1450 inte-

2122 1510 2297 1566 gmm.
2322 1496 2386 1549 Et
2436 1495 2595 1547 habet
2629 1492 2761 1547 lines
2806 1491 2873 1545 de
2901 1490 3051 1556 Capo
3079 1489 3183 1543 line
3212 1487 3489 1554 Umbrida,
3523 1498 3577 1543 et
3602 1487 3727 1558 riga

2127 1588 2358 1655 majori,
2416 1586 2483 1640 de
2529 1599 2635 1638 uno
2687 1583 2853 1637 latere
2903 1579 3007 1635 line
3040 1580 3235 1644 Dritta,
3287 1579 3355 1634 de
3382 1580 3490 1634 alio
3540 1580 3733 1634 latere

2130 1678 2429 1739 finefilarn,
2455 1689 2508 1730 et
2527 1677 2757 1738 Clarata,
2785 1675 2853 1728 de
2877 1672 3012 1742 pede
3032 1670 3138 1726 fine
3160 1671 3372 1727 Trttnti.
3401 1671 3504 1726 ista
3532 1672 3733 1725 cuiuis

451 1756 731 1824 diligenter
760 1756 1034 1821 requirere
1060 1764 1113 1806 et
1140 1752 1376 1808 exaltare
1410 1752 1601 1805 debeat
1641 1751 1692 1805 in
1729 1751 2019 1820 cujuscuu-
2050 1756 2101 1818 Β
2125 1766 2487 1837 suprascripta
2513 1776 2652 1821 tam
2699 1774 2782 1817 εει
2813 1763 2866 1817 in
2907 1763 3063 1817 simuj
3097 1761 3197 1816 "ia
3239 1762 3310 1814 mi
3336 1763 3402 1815 ua
3436 1763 3727 1831 quingenti

450 1864 554 1917 que
581 1849 716 1911 loco,
747 1845 828 1900 vel
860 1846 1178 1911 ministerio,
1203 1858 1296 1897 seu
1325 1852 1609 1912 potestate,
1643 1853 1697 1898 et
1720 1844 2023 1913 ubicunque

448 1950 627 1993 vestra
654 1937 945 1991 ministeria
977 1935 1057 1991 vel
1090 1942 1353 2005 potestate
1377 1933 1678 1999 advenerit,
1701 1943 1754 1990 et
1784 1934 2026 2004 dejusti-

448 2033 535 2082 liis
575 2027 814 2099 prmdicti
855 2027 1188 2092 monasterii,
1239 2026 1320 2078 vel
1354 2025 1522 2091 ipsius
1550 2025 1777 2090 abbatis,
1809 2026 2025 2093 suiSque

449 2117 724 2172 monachis
753 2115 835 2170 vel
865 2115 1163 2170 condixerit
1204 2113 1290 2168 vel
1338 2114 1777 2182 interpellaverit,
1810 2114 2027 2183 diligen-

450 2220 532 2265 ter
579 2216 735 2278 atque
780 2206 982 2276 puriter
1024 2204 1090 2259 ad
1144 2212 1345 2272 partem
1388 2205 1679 2273 supradicti
1717 2208 2026 2261 monasterii

451 2300 708 2371 justitiun
740 2297 964 2353 reddere
993 2295 1269 2363 studentis,
1300 2294 1498 2364 absque
1530 2297 1736 2353 ulia....
1766 2298 1848 2352 vel
1893 2298 2029 2352 dila-

451 2394 617 2457 tione,
648 2402 703 2447 et
728 2393 922 2446 nullam
953 2390 1371 2461 inquietudinem
1417 2401 1508 2445 aut
1558 2393 1880 2448 calumniam
1916 2411 2031 2450 me-

453 2493 667 2539 morato
713 2483 982 2537 llilderico
1027 2483 1093 2536 de
1135 2480 1459 2551 quibuslibet
1486 2482 1664 2539 causis
1711 2498 1896 2539 contra
1948 2500 2032 2539 ra-

455 2579 616 2633 tionis
655 2577 896 2632 ordinent
943 2575 1115 2630 facere
1146 2574 1480 2645 prresumatis
1508 2585 1722 2645 propter
1749 2577 1870 2646 hoc,
1912 2580 2034 2647 quia

454 2669 754 2724 ordinatam
802 2675 1036 2722 nostram
1082 2667 1342 2735 justitiam
1391 2666 1457 2721 de
1506 2668 1720 2737 prmfata
1771 2683 1894 2724 casa
1938 2670 2034 2727 Dei

455 2758 727 2827 inquirere
769 2756 1012 2821 videtur;
1056 2755 1150 2810 sed
1198 2756 1366 2824 magis
1395 2758 1445 2811 in
1483 2769 1666 2812 nostra
1709 2758 2037 2817 eleemosina

457 2866 576 2906 cum
599 2849 801 2919 justitia
833 2849 900 2903 ad
929 2848 1103 2917 ipsum
1129 2859 1318 2903 astare
1346 2848 1572 2916 faciatis,
1604 2848 1651 2904 si
1690 2854 1912 2920 gratiam
1944 2853 2037 2909 Dei

455 2952 509 2996 et
549 2952 781 2996 nostram
831 2937 1031 2992 habere
1062 2938 1246 2993 vultis.
1280 2936 1347 2992 Et
1378 2948 1433 2992 ut
1460 2938 1652 2994 melius
1680 2944 2036 3013 cognoscatis,

457 3033 525 3088 de
551 3032 725 3102 sigillo
754 3043 937 3085 nostro
967 3029 1153 3086 subter
1176 3029 1375 3099 signari
1406 3027 1658 3088 fecimus.

2126 1860 2504 1929 quinquaginta
2537 1856 2859 1917 modiorum,
2884 1853 3066 1908 omnia
3096 1853 3217 1907 ista.
3250 1852 3495 1920 Scriptas
3523 1868 3616 1909 res
3646 1855 3732 1908 sic

2123 1952 2291 2017 dono,
2319 1960 2374 2004 et
2398 1947 2465 2003 ad
2494 1956 2813 2017 praesentem
2842 1945 2983 1999 diem
3008 1943 3160 1998 trado
3184 1957 3287 2013 ego
3314 1944 3722 2012 suprascriptus

2126 2042 2514 2111 Ludigarus....
2564 2038 2835 2108 episcopio
2864 2037 3164 2099 Asculano,
3214 2044 3270 2090 et
3312 2034 3427 2099 tibi,
3475 2037 3729 2103 domine,

2126 2132 2369 2191 'l‘uslolfe
2404 2134 2675 2200 episcope,
2698 2130 2779 2184 vel
2814 2127 3215 2183 successoribus
3247 2125 3352 2180 tuis
3378 2126 3441 2180 ad
3467 2129 3730 2195 proprie-

2128 2237 2289 2283 tatem
2344 2225 2471 2281 dicti
2522 2222 2817 2293 episcOpii,
2872 2231 2927 2276 et
2974 2219 3356 2291 possidendum
3411 2220 3558 2274 nullo
3612 2220 3733 2274 im-

2130 2322 2394 2391 pediente.
2454 2317 2602 2373 Unde
2639 2331 2735 2384 pro
2767 2316 2864 2369 ista
2908 2314 3204 2382 subscripta
3255 2313 3547 2368 donatione
3602 2329 3732 2368 mea

2132 2411 2325 2468 dedisti
2354 2409 2488 2464 mihi
2514 2418 2594 2475 tu,
2620 2407 2856 2473 domine,
2887 2405 3126 2461 Tustolfe
3151 2404 3400 2474 episcopo
3426 2404 3627 2474 aliquid
3661 2404 3736 2458 de

2133 2501 2292 2558 rebus
2322 2499 2582 2570 episcopii
2619 2499 2711 2561 tui,
2747 2506 2968 2566 propter
3006 2505 3149 2552 stare
3177 2496 3311 2550 intra
3342 2495 3641 2562 civitatem,
3679 2507 3732 2550 et

2135 2603 2307 2655 extra,
2348 2593 2486 2647 idest
2532 2593 2584 2643 in
2615 2590 2786 2658 ipsum
2837 2587 3114 2642 tastellum
3163 2588 3216 2641 in
3269 2585 3401 2641 lsola
3452 2600 3574 2640 cum
3614 2586 3735 2654 ipsa

2136 2682 2478 2755 pertinentia,
2503 2689 2561 2738 et
2586 2681 2698 2750 ipsa
2730 2689 2883 2735 curto
2912 2678 2980 2734 de
3017 2676 3315 2747 Parignano
3346 2676 3478 2732 foris
3509 2678 3735 2731 i'ontcut

2140 2776 2499 2840 Solestanum,
2527 2781 2583 2828 et
2610 2773 2722 2841 ipsa
2751 2779 2905 2826 curte
2929 2770 2997 2826 de
3024 2768 3235 2836 Casale,
3262 2778 3314 2824 et
3344 2769 3463 2837 ipsa
3489 2778 3647 2823 curse
3667 2768 3739 2822 de

2140 2865 2334 2935 Prepi,
2384 2874 2439 2919 et
2470 2866 2582 2932 ipsa
2614 2871 2764 2917 curte
2807 2860 3059 2916 Lomenia
3110 2868 3317 2914 tantum
3364 2858 3562 2913 diebus
3607 2859 3741 2911 vita:

2140 2970 2297 3023 mete,
2327 2954 2470 3024 quod
2503 2953 2644 3022 apud
2671 2966 2757 3007 me
2778 2951 2978 3007 habere
3006 2959 3232 3007 testatus
3259 2965 3399 3014 sum,
3430 2957 3491 3004 et
3520 2948 3624 3004 hoc
3651 2964 3747 3002 me

2142 3043 2479 3115 repromitto.
2511 3043 2624 3114 Ego
2656 3041 2998 3110 supradictus
3028 3039 3275 3109 Ludigari
3304 3052 3492 3095 comes
3520 3039 3617 3093 tibi
3647 3052 3742 3093 su-

528 3122 646 3177 Dat.
678 3137 728 3175 v.
757 3118 874 3175 Kal.
908 3120 1260 3187 Septembris,
1290 3133 1433 3175 anno
1462 3135 1585 3176 xstv
1618 3120 1768 3192 regni
1797 3124 1986 3178 noctri.
2065 3105 2114 3169 ο
2143 3105 2445 3209 ρι-ξιεοιιίριο
2475 3105 2738 3191 Tum",
2757 3135 3031 3204 episcopo,
3052 3132 3139 3188 νει
3167 3105 3414 3203 βοηθεῖς,
3459 3144 3746 3187 sum

528 3216 719 3271 Actum
748 3212 802 3269 in
834 3210 1202 3284 Ragenisburg
1229 3211 1468 3270 civitate.

1175 3325 1318 3384 XVI.

463 3446 705 3516 Diploma
754 3443 929 3516 Caroli
984 3443 1164 3512 Magni
1210 3460 1312 3512 quo
1361 3446 1685 3500 donationem
1712 3463 1746 3501 α
1777 3447 2043 3516 Ludigoro

498 3514 685 3585 [actam
715 3533 809 3586 pro
840 3514 1103 3570 Asculum
1127 3516 1339 3569 ecclesia
1365 3516 1639 3583 conﬁrmat
1665 3516 1827 3590 (anno
1849 3514 2005 3590 800).

889 3625 984 3689 (Ex
1009 3622 1257 3690 Ugbellio,
1278 3626 1412 3678 Italia
1422 3627 1608 3690 Sacra.)

536 3732 594 3789 In
619 3732 836 3788 nomine
858 3730 1069 3786 Domini
1098 3729 1189 3787 Dei
1211 3729 1509 3789 Salvatoris
1533 3734 1702 3789 nostt'i
1731 3733 1863 3791 Jesu
1892 3734 2046 3793 Chri-

466 3827 567 3882 sti.‘
587 3825 864 3895 Regnante
897 3822 1096 3878 domno
1132 3821 1347 3889 Carolo,
1381 3834 1434 3880 et
1464 3823 1651 3894 Pipino
1683 3825 1791 3881 lilio
1816 3827 1932 3897 ejus
1954 3843 2048 3885 es-

468 3916 865 3975 cellentissimis
888 3914 1101 3985 regibus
1123 3914 1450 3971 Francorum
1473 3927 1527 3973 et
1548 3917 2043 3989 Longobardorum,

469 4022 523 4063 et
551 4007 814 4070 Patriciis,
861 4020 954 4061 seu
997 4003 1360 4060 Romanorum
1408 4022 1694 4078 regnorum
1744 4007 1798 4064 in
1841 4008 2045 4066 Christi

471 4097 705 4164 nomine,
753 4097 805 4150 in
849 4096 1018 4162 Italia,
1070 4097 1178 4152 Deo
1219 4098 1472 4167 propitio,
1498 4100 1759 4170 vigesimo
1787 4114 1962 4168 sexto,
1993 4110 2050 4158 et

468 4199 660 4243 octavo
707 4187 938 4255 decimo,
990 4187 1285 4257 iisdemque
1327 4190 1654 4257 temporibus
1698 4191 1813 4247 viro
1842 4192 2046 4263 glorio-

469 4276 682 4331 sissimo
709 4273 946 4345 Vinigiso
986 4290 1196 4329 summo
1237 4275 1393 4342 duce,
1438 4293 1579 4332 anno
1621 4278 1927 4334 felicissimo
1952 4282 2048 4336 du-

472 4377 622 4420 catus
649 4368 765 4433 ejus
792 4382 886 4421 vut
910 4380 1004 4421 seu
1033 4379 1058 4406 α
1080 4366 1328 4436 Ludigari
1359 4368 1544 4422 comit.
1568 4368 1768 4425 civitat.
1793 4371 2043 4427 Asculan.

472 4470 656 4509 mense
690 4453 829 4509 Junii
858 4455 943 4510 die
980 4472 1035 4519 ιι,
1073 4456 1236 4511 indic.
1270 4471 1342 4510 vt.
1380 4455 1503 4511 Ideo
1529 4469 1741 4513 constat
1775 4460 1917 4530 quod
1945 4475 2046 4531 ego
2078 4469 2127 4529 ι)

469 4548 763 4617 Ludigarus
801 4563 981 4604 comes
1007 4552 1236 4606 civitatis
1261 4552 1542 4608 Asculanus
1581 4554 1931 4610 considerans
1964 4570 2050 4609 me

471 4642 538 4695 tle
565 4655 680 4693 mea
709 4640 1082 4709 retributione,
1111 4650 1165 4695 et
1188 4657 1283 4711 pro
1311 4645 1578 4711 mercede,
1606 4655 1659 4700 et
1681 4646 2054 4715 redemptione

473 4732 668 4785 animae
712 4744 844 4783 metu
880 4730 1041 4794 dono,
1089 4743 1142 4784 et
1183 4732 1248 4785 ad
1298 4732 1439 4785 diem
1471 4734 1751 4802 praesentis
1797 4740 1947 4791 trado
1999 4738 2054 4791 in

476 4830 712 4876 sanctam
744 4828 969 4874 matrem
1001 4817 1281 4874 ecclesiam
1322 4820 1374 4875 in
1409 4821 1721 4891 episeopattt
1766 4824 2056 4896 Asculano,

478 4912 563 4967 vel
603 4914 655 4966 in
704 4909 1050 4965 veneratione
1091 4910 1189 4964 viri
1232 4912 1524 4966 beatissimi
1563 4912 1787 4968 Tustolli
1819 4915 2057 4984 episcopi

475 5002 676 5072 aliquid
702 5001 770 5057 de
792 5001 951 5056 rebus
976 5001 1317 5070 proprietatis
1346 5016 1500 5066 mete,
1522 5000 1573 5057 id
1602 5009 1684 5059 est
1711 5004 1763 5057 in
1792 5004 2058 5061 Asculano

476 5092 744 5148 territorio
761 5092 876 5162 ipso
895 5099 1074 5146 monte
1088 5089 1406 5147 Columnate
1425 5106 1546 5147 cum
1565 5093 1843 5161 septicenti
1862 5094 2061 5148 modio-

552 5260 578 5287 ἰ
606 5250 715 5305 Sub
742 5248 1042 5318 Tuptolpbo
1071 5250 1333 5303 Asculano
1359 5248 1612 5319 episcopo
1659 5261 1802 5303 anno
1836 5247 1940 5302 800
1965 5249 2062 5301 dn-

480 5320 625 5375 natio
671 5335 701 5373 a
749 5320 1012 5388 Ludigaro
1069 5320 1348 5374 Asculaute
1394 5320 1542 5373 urbis
1583 5320 1780 5374 comite
1817 5318 1882 5388 ad
1921 5318 2063 5374 illius

481 5392 722 5445 ecclesia:
760 5387 993 5443 favorem
1035 5388 1172 5443 facta
1202 5390 1318 5451 fuit,
1342 5404 1369 5441 a
1395 5389 1586 5443 Carolo
1613 5391 1801 5457 Magno
1831 5387 2062 5443 Franco-

483 5476 598 5514 rum
649 5459 1230 5529 Longobardornmque
1274 5476 1401 5527 rege
1443 5460 1778 5524 confirmata,
1828 5468 1989 5525 atque
2034 5472 2064 5512 a

487 5529 673 5599 l’ipino
714 5532 887 5584 Caroli
938 5531 1045 5583 libo
1093 5530 1454 5584 Romanorum
1498 5531 1729 5599 patrnio,
1777 5544 1987 5583 necnon
2033 5543 2063 5584 a

483 5598 755 5666 Vinigesio
799 5600 1085 5668 Spoletano
1133 5600 1292 5664 duce,
1334 5610 1388 5653 et
1423 5601 1730 5653 ntarebiouc
1760 5600 2066 5665 Saseprun-

482 5668 590 5732 do,
643 5669 934 5723 Ilodelanto
965 5709 981 5730 ,
1030 5679 1083 5723 et
1132 5669 1394 5737 Astulpho
1441 5670 1759 5736 subscripta.
1811 5668 2066 5725 Servatur

485 5749 774 5811 prettosum
802 5740 1097 5796 donationis
1127 5752 1527 5796 monumentum
1556 5741 1607 5795 in
1640 5740 1856 5796 al‘ClliVO
1881 5742 2067 5797 cathe-

2144 3227 2401 3297 ribusque
2434 3227 2539 3282 tuis
2572 3244 2587 3280 :
2618 3225 2676 3280 Si
2706 3235 2883 3281 autem
2911 3237 3128 3295 quoquo
3170 3231 3435 3293 tempore,
3465 3222 3750 3290 quasiero

2143 3310 2448 3384 removere.
2478 3333 2693 3385 vexare,
2737 3318 2822 3375 vel
2861 3331 3087 3372 causare
3126 3329 3548 3386 pnsumpsero,
3587 3325 3687 3369 aut
3712 3331 3745 3368 a

2144 3412 2387 3485 quolibet
2433 3410 2651 3467 homine
2694 3407 3005 3471 defendere,
3055 3406 3142 3463 vel
3186 3414 3463 3463 antestare
3497 3419 3609 3461 nou
3637 3420 3744 3475 po-

2150 3514 2291 3573 tero,
2310 3517 2419 3572 ego
2443 3500 2840 3573 suprascriptus
2863 3497 3110 3566 Ludigari
3135 3510 3338 3563 comes,
3367 3504 3429 3551 ut
3454 3496 3561 3550 alia
3591 3504 3751 3550 tanta

2146 3595 2256 3651 tale
2295 3601 2603 3650 restaurare
2629 3591 2821 3656 debeo,
2852 3605 2974 3661 quae
3003 3587 3201 3644 dicitur
3224 3587 3548 3657 Ferquideut
3576 3587 3755 3657 quale

2151 3685 2206 3741 in
2233 3685 2320 3740 illa
2349 3682 2437 3739 die
2467 3683 2673 3738 videtur
2700 3681 2894 3738 essein
2923 3678 3274 3735 extimatione
3301 3678 3359 3733 in
3383 3678 3514 3746 ipsis
3541 3691 3742 3746 supra-

2147 3777 2363 3847 scriptis
2405 3774 2573 3839 locis,
2619 3774 2702 3829 vel
2751 3770 3059 3837 vocabulis,
3108 3770 3203 3825 tibi
3245 3770 3449 3823 dotnno
3488 3766 3757 3823 Tustolfo-

2149 3872 2428 3942 episcopo,
2472 3868 2558 3925 vel
2600 3883 2631 3924 ι
2678 3867 2910 3936 posteris
2948 3863 3349 3920 successoribus
3376 3861 3484 3916 tuis
3509 3861 3588 3914 ad
3616 3877 3747 3927 pm-

2148 3963 2425 4033 prietatem
2454 3957 2819 4029 suprascripto
2846 3956 3122 4025 episcopis
3164 3952 3575 4024 possidendum.
3605 3949 3749 4005 Car-

2150 4054 2257 4111 tula
2285 4055 2382 4109 ista
2409 4054 2461 4107 in
2493 4066 2588 4107 sua
2613 4057 2924 4121 permaneat
2944 4046 3217 4102 ﬁrmitate.
3245 4048 3442 4099 Actum
3463 4044 3517 4098 in
3542 4043 3752 4099 Asculo

2148 4144 2204 4200 in
2235 4147 2374 4209 loco,
2403 4144 2494 4213 qui
2522 4142 2715 4198 dicitur
2741 4139 2991 4206 Carrufa,
3020 4153 3163 4193 anno
3188 4138 3257 4190 ab
3280 4136 3488 4192 incaru.
3531 4135 3751 4189 Domini

2150 4238 2319 4294 nostri
2361 4238 2488 4292 .lesu
2540 4234 2740 4289 Citriin
2795 4232 3062 4286 ortocenti
3109 4229 3445 4297 septuaginta
3493 4237 3752 4296 quatuor.

2149 4330 2278 4399 Qua:
2308 4343 2438 4382 vero
2465 4327 2650 4383 charta
2696 4326 2795 4379 ista
2840 4321 3145 4377 donationis
3186 4319 3377 4389 scripsi
3415 4332 3516 4388 ego
3564 4318 3749 4373 Elme-

2149 4422 2292 4477 rieus
2330 4416 2566 4473 notarius
2586 4431 2652 4472 ex
2680 4429 2808 4486 rogo
2839 4413 3084 4483 Ludigari
3127 4425 3330 4476 eomes,
3358 4411 3453 4480 qui
3489 4423 3579 4464 me
3608 4408 3748 4462 scri-

2149 4514 2279 4570 bere
2318 4509 2546 4581 rogavit.

2223 4623 2335 4692 Ego
2358 4619 2615 4689 Ludegari
2644 4630 2827 4672 comes
2856 4615 2909 4670 in
2938 4616 3035 4669 hac
3072 4613 3257 4670 charta
3282 4627 3311 4666 a
3342 4627 3428 4667 me
3454 4611 3595 4665 facta
3628 4625 3753 4679 pro-

2152 4715 2265 4783 pria
2314 4725 2473 4764 manu
2518 4723 2633 4763 mea
2680 4706 2891 4776 signum
2936 4712 3136 4758 sancte
3180 4702 3358 4758 crucis
3407 4699 3507 4755 feci
3537 4700 3602 4770 τ.
3637 4700 3755 4772 Ego

2154 4803 2375 4859 Carolus
2423 4802 2715 4870 imperator
2757 4799 2896 4851 banc
2942 4794 3202 4850 cartulaui
3234 4808 3265 4846 a
3306 4806 3394 4847 me
3438 4790 3748 4858 laudatam,

2155 4902 2212 4950 et
2263 4891 2627 4946 confirmatam
2681 4887 2749 4942 de
2803 4900 2933 4956 rogo
2991 4883 3237 4954 Ludigari
3291 4894 3474 4936 comes
3530 4880 3756 4950 signum

2156 4982 2332 5038 crucis
2356 4980 2456 5035 feci
2478 4979 2539 5048 τ.
2567 4977 2677 5046 Ego
2704 4974 2892 5044 Pippin
2916 4972 3171 5043 patricius
3198 4971 3430 5026 Roman.
3454 4968 3756 5039 imperator

2158 5074 2368 5146 signum
2389 5070 2566 5127 crucis
2588 5067 2690 5125 feci
2720 5068 2782 5138 1-.
2816 5066 2928 5137 Ego
2953 5063 3241 5134 Vinigisius
3261 5060 3392 5127 dus,
3420 5069 3481 5117 et
3507 5060 3758 5118 marchio

2161 5251 2325 5307 dralis
2355 5248 2616 5313 ecclesiae,
2662 5244 2932 5313 scriptura
2966 5237 3180 5313 quidem
3212 5237 3592 5302 incomposita,
3623 5234 3757 5313 bar-

2164 5305 2308 5376 bara:
2336 5305 2639 5381 locutionis,
2671 5325 2727 5371 et
2758 5305 2788 5368 ἑ
2812 5312 2967 5367 tineis
2989 5305 3328 5381 aliquatenus
3353 5321 3617 5381 corrosis;
3651 5305 3760 5381 Da:

2166 5373 2297 5447 tum"
2316 5373 2496 5445 Asculi
2540 5373 2723 5441 mense
2751 5381 2894 5439 Junii
2923 5381 3012 5435 die
3038 5373 3103 5444 2,
3130 5378 3243 5431 ind.
3285 5393 3380 5442 vn,
3402 5391 3545 5430 anno
3574 5373 3757 5447 Caroli

2166 5444 2306 5529 regis
2336 5462 2388 5515 in
2417 5457 2560 5513 Italia
2585 5457 2679 5529 2}},
2712 5450 2993 5529 Pipiu_i18,
3020 5450 3245 5529 ducatus
3270 5448 3525 5529 νενοχὶτί
3547 5444 3757 5529 glorio-

2166 5515 2363 5586 sissimi
2397 5515 2810 5597 Vinigesiianno
2850 5522 2906 5585 8,
2930 5518 3290 5597 etcomitattts
3311 5515 3583 5597 Ludigarii
3611 5528 3756 5597 anno

2168 5584 2231 5655 78.
2252 5584 2373 5655 illoc
2402 5584 2636 5668 diploma
2677 5612 2730 5660 v,
2777 5584 3046 5668 nonnullis
3072 5600 3410 5668 suspectum,
3435 5584 3510 5668 ab
3542 5584 3761 5668 erudito

2169 5658 2547 5726 Antonelto'ex
2567 5658 2900 5740 autograplto
2925 5662 3291 5731 desumptum,
3319 5658 3559 5728 mihique
3579 5664 3758 5711 trans-

2170 5743 2392 5799 missum
2420 5749 2520 5797 est.
