4034 6182
340 305 480 362 1025

333 436 400 476 ex
431 433 561 489 rogo
591 417 838 487 Ludigari
867 433 1072 484 comes,
1109 425 1260 478 testis
1288 439 1406 478 sum
1439 436 1672 497 rogatus,
1706 431 1914 499 signum

329 509 506 564 crucis
536 509 634 564 feci
661 511 718 577 τ.
753 509 864 578 Ego
889 509 1262 580 Soseprundus
1291 529 1320 568 a
1349 521 1714 586 suprascripto
1747 521 1907 576 Ludi-

328 601 440 668 gari
471 614 653 654 comes
681 599 828 653 testis
854 613 970 653 sum
1002 611 1242 674 rogatus,
1273 605 1482 672 signum
1507 609 1684 662 crucis
1718 609 1816 664 Ieci
1847 611 1912 680 1-.

329 691 442 758 Ego
468 690 795 744 Iloilelantus
817 705 844 742 a
863 705 937 744 ss.
971 689 1212 760 Ludigari
1241 708 1422 750 cernes
1444 699 1592 752 testis
1615 713 1734 754 sum
1766 717 1918 770 roga-

330 789 436 845 tus,
495 781 704 850 signum
751 780 926 834 crucis
981 781 1078 836 Icci
1125 783 1186 852 Τ.
1246 785 1355 854 Ego
1405 789 1698 858 Astolphus
1753 808 1782 846 a
1841 805 1916 846 ss.

317 870 578 940 'I.uiligari
625 887 808 928 comes
852 873 1004 927 testis
1049 889 1166 928 sitm
1213 887 1446 945 regales,
1495 881 1706 950 signum
1739 886 1918 940 crucis

327 960 428 1015 Ieci
457 963 496 1031 ’ξ’
529 972 579 1017 ³.

1041 1034 1209 1091 XVII.

326 1121 570 1190 Diploma
617 1123 793 1179 Caroli
851 1123 1069 1194 Magni,
1131 1143 1224 1195 pro
1289 1129 1502 1184 ecclesia
1553 1131 1920 1190 Concordiensi

937 1199 1112 1263 (anno
1133 1194 1247 1249 7809.
1267 1203 1311 1266 ).

757 1283 850 1344 (Ex
881 1283 1124 1348 Ughellio,
1155 1285 1288 1335 Italia
1313 1288 1501 1352 Sacra.)

395 1365 451 1420 In
477 1364 692 1420 nomine
721 1377 942 1433 sanctte,
969 1377 1022 1421 et
1045 1368 1327 1430 individua:
1357 1371 1660 1440 Trinitatis,
1695 1373 1918 1429 Carolus

287 1463 292 1470 '
323 1456 502 1512 divina
529 1457 738 1510 favente
767 1457 1051 1512 clementia
1083 1473 1174 1512 rex
1209 1459 1555 1528 Francorum,
1577 1473 1631 1516 et
1659 1467 1917 1532 patricius

323 1548 713 1640 Romanorum.
741 1549 796 1640 Si
826 1549 1099 1640 religiosis
1117 1553 1525 1620 praesidentibus
1557 1555 1691 1611 locis
1721 1558 1919 1615 divinis

322 1638 556 1694 cultibus
586 1637 902 1707 mancipatis
925 1637 1179 1709 juvamen
1227 1645 1392 1698 neStri
1438 1646 1646 1714 imperii
1699 1651 1914 1718 praebe-

323 1743 468 1792 mus,
499 1727 622 1783 inde
646 1742 844 1797 quanto
871 1729 1120 1785 humanis
1173 1734 1446 1788 munitnur
1499 1737 1729 1804 auxiliis,
1763 1749 1911 1794 tanto

321 1821 609 1890 proclivius
635 1819 808 1891 juvari
835 1821 1030 1877 divinis
1055 1823 1274 1880 minime
1301 1827 1608 1884 titubamus.
1642 1831 1907 1898 Quocirca

321 1909 498 1964 omnis
523 1921 721 1964 sancta:
747 1911 998 1966 Ecclesia:
1029 1911 1263 1968 Iidehum
1303 1927 1610 1971 nostrorum
1666 1935 1906 1988 prasen-

323 2001 455 2054 tium
485 1999 692 2055 scilicet
712 2015 774 2055 ac
799 2001 1090 2056 futurorum
1113 2006 1378 2074 concipiat
1402 2007 1746 2076 universitas,
1778 2027 1910 2079 qua-

323 2089 448 2144 liter
479 2105 694 2161 propter
723 2107 917 2147 noitten
943 2094 1172 2162 Domini,
1207 2105 1263 2150 et
1289 2108 1545 2152 internum
1598 2115 1912 2156 remunera-

325 2183 548 2250 tionem,
579 2195 738 2254 atque
766 2185 1067 2241 interventu
1097 2187 1356 2259 Radigen.
1403 2191 1575 2245 Iidelis
1605 2196 1772 2247 nostri
1809 2211 1906 2250 nos

322 2275 608 2345 recipimus
659 2273 872 2330 Petrum
921 2285 1121 2331 sancta:
1181 2277 1606 2335 Concordieusis
1661 2282 1910 2338 ecclesiae

319 2366 626 2434 episcopum
655 2365 754 2420 sub
771 2367 935 2420 nostri
958 2367 1291 2436 defensione,
1319 2377 1373 2424 et
1401 2370 1662 2426 tutamitie
1693 2373 1910 2429 mundi-

321 2460 496 2514 hurdii
523 2475 642 2514 cum
669 2471 774 2514 tota
808 2461 1116 2530 integritate
1141 2461 1310 2530 ipsius
1337 2465 1698 2532 episcitpatus,
1721 2480 1815 2518 ora
1827 2482 1908 2521 io-

317 2552 434 2616 riis,
478 2552 744 2614 domibus,
789 2551 1000 2617 castris,
1051 2553 1210 2616 villis,
1261 2553 1455 2617 servis,
1487 2568 1540 2608 et
1585 2558 1820 2622 ancillis,
1855 2568 1912 2616 et

317 2643 569 2697 omnibus
600 2645 780 2708 rebus,
811 2643 1123 2710 mobilibus,
1154 2661 1216 2698 ac
1244 2645 1620 2712 immobilibus,
1660 2663 1778 2715 quae
1805 2648 1910 2702 dici

391 2785 415 2848 ξ
440 2775 562 2848 Iluc
593 2791 762 2848 usque
789 2776 1030 2844 donatio,
1053 2787 1106 2832 et
1133 2778 1584 2848 subscriptiones.

389 2845 488 2900 Diu
511 2845 730 2914 ancipiti
759 2849 1106 2917 cogitatione,
1132 2861 1182 2900 et
1212 2845 1388 2902 mente
1417 2849 1577 2900 dubia
1614 2847 1906 2904 distractus

317 2932 460 2982 sum,
488 2928 685 2980 utrum,
709 2919 870 2970 veluti
903 2929 1227 2984 suspectam,
1253 2921 1660 2984 barbaratnqne,
1687 2933 1748 2971 ac
1781 2935 1909 2974 uua-

319 3002 534 3056 quaque
565 2989 673 3040 lere
701 2988 837 3040 linea
883 2999 1176 3040 scatentem
1207 2989 1550 3050 soliecistnis,
1583 3003 1906 3054 exponerem

318 3058 640 3119 chartulam,
683 3058 932 3136 illamque
974 3059 1134 3136 veluti
1169 3059 1410 3136 spuriain
1435 3059 1651 3136 silentio
1699 3069 1910 3125 penitus

695 305 925 363 CODEX
969 305 1482 370 DII‘LOMATICUS.
1523 343 1594 357 -—
1633 313 2040 376 I'RIVILIZGIA.
2093 353 2166 368 —
2205 327 2449 385 I‘RIVIL.
2491 330 2624 387 PER
2665 334 2931 394 PARTES
2973 339 3246 398 ΙΤΛιΙίΕ.

3467 352 3606 409 1096

1947 437 1992 490 Δ
2023 447 2077 492 et
2121 443 2382 498 nominari
2436 458 2658 514 possmit
2709 450 3109 520 adoprtelatutn
3155 460 3604 521 Concortliensem

2022 532 2382 601 episcopatum
2417 539 2825 609 pertinentibus,
2859 546 2938 598 vel
2969 552 3356 614 spectantibus.
3387 555 3605 624 Insuper

2023 627 2364 683 concedimus
2391 631 2501 696 iam
2531 631 2673 685 dii-to
2703 633 2860 690 Petro
2909 640 3161 709 episcopo
3209 625 3409 700 sancta:
3457 646 3602 701 Con-

2023 715 2318 772 cordiensis
2348 722 2588 774 ecclesia:
2615 737 2840 792 eju-qtie
2875 730 3276 786 successoribus
3323 738 3604 804 parochias

2021 820 2144 859 cum
2176 809 2426 863 omnibus
2459 812 2736 880 plebibus,
2787 821 2840 871 et
2893 820 3340 877 tlecimationibus
3397 827 3607 882 illorum

2023 895 2288 962 locorum,
2331 917 2450 967 «piae
2507 904 2557 956 iii
2616 905 2968 975 inl'rascriptis
3019 910 3340 968 clauduntur
3393 917 3607 985 Iinibns,

2023 989 2104 1040 vel
2142 1003 2326 1042 eorum
2379 991 2828 1051 detcrtnioatione
2861 1014 2872 1050 :
2909 999 2996 1052 tibi
3050 1003 3220 1056 oritur
3273 1003 3483 1070 ﬂuvius,
3516 1009 3606 1074 qui

2022 1079 2216 1132 dicitur
2265 1081 2674 1150 Taliauientum,
2723 1095 2780 1141 et
2817 1087 3006 1142 deﬂuit
3056 1089 3107 1144 in
3159 1109 3327 1158 mare,
3373 1105 3426 1149 et
3471 1099 3607 1154 sicut

2022 1168 2193 1222 oritur
2223 1171 2415 1225 ﬂuvius
2437 1173 2748 1243 Liguentiie,
2773 1173 2828 1231 et
2850 1178 3034 1232 delluit
3059 1181 3111 1234 in
3145 1199 3310 1238 mare.
3344 1187 3607 1242 Douamus

2021 1261 2182 1312 etiam
2213 1275 2370 1315 omne
2405 1263 2671 1329 Ioderuin,
2701 1275 2755 1319 et
2783 1271 3206 1337 exsecutionem,
3232 1285 3282 1328 et
3312 1281 3602 1345 angariant,

2019 1360 2076 1404 et
2097 1369 2310 1408 omnem
2341 1356 2605 1426 publicani
2635 1360 2964 1416 [unctionem
2996 1367 3248 1432 praedicto
3283 1369 3439 1426 Petro
3493 1376 3607 1442 epi-

2022 1457 2210 1512 scopo,
2243 1447 2468 1515 ejuSque
2489 1455 2892 1508 successoribus
2905 1456 2972 1509 de
2998 1467 3111 1510 toto
3135 1461 3250 1528 ipso
3274 1463 3521 1532 episcopo
3550 1482 3602 1530 it,

2025 1541 2086 1585 ut
2115 1535 2292 1590 nullus
2323 1537 2412 1590 det
2445 1537 2712 1608 foderiitn,
2741 1557 2914 1612 neque
2951 1547 3251 1617 cullei-tam,
3282 1566 3453 1620 neque
3503 1557 3604 1609 ali-

2021 1637 2180 1692 quam
2229 1625 2526 1695 datiouem,
2560 1645 2659 1686 nec
2707 1633 2840 1702 ipse,
2897 1651 2992 1690 uec
3039 1653 3168 1692 suus
3207 1643 3456 1710 colonus,
3509 1661 3606 1700 nec

2021 1717 2182 1786 aliqui
2215 1719 2266 1772 in
2299 1722 2631 1787 pertinentiis
2663 1725 2828 1795 ipsius
2869 1728 3211 1798 episcopatus
3265 1745 3607 1789 commorati-

2019 1817 2119 1876 tes,
2157 1811 2240 1866 vel
2285 1813 2608 1870 laborantes.
2667 1819 3014 1890 Prascipimns
3058 1837 3290 1892 quaque,
3326 1837 3381 1880 ut
3433 1829 3606 1883 nullus

2019 1913 2326 1956 nostrorum
2353 1904 2590 1960 Iidelinm
2622 1910 2865 1973 veniens,
2899 1926 2962 1965 ac
2990 1913 3318 1984 ingrediens,
3341 1928 3432 1973 aut
3461 1921 3606 1975 missi

2015 1988 2384 2048 dist-urrentes
2415 1996 2466 2048 in
2501 1997 2620 2066 ipso
2648 1999 2957 2068 episcopatu
3000 2013 3089 2056 aut
3119 2002 3235 2074 ejus
3265 2007 3604 2075 pertinentiis

2017 2084 2464 2139 mansionaticmn
2505 2087 2726 2157 lat-iant,
2759 2103 2846 2145 aut
2887 2095 3120 2164 aliquam
3167 2099 3438 2155 dationem
3491 2105 3607 2158 exi-

2019 2178 2168 2240 gant,
2195 2173 2288 2227 sed
2319 2177 2494 2230 omnia
2525 2180 2634 2232 sint
2665 2182 2718 2234 in
2749 2189 3013 2250 potestate
3045 2185 3183 2240 Petri
3226 2199 3425 2246 sancite
3454 2191 3597 2248 Con-

2014 2265 2310 2320 cordicnsis
2322 2267 2564 2324 ecclesia:
2579 2271 2836 2341 episcopi,
2851 2287 3177 2344 suorumque
3192 2294 3561 2338 successorum
3589 2304 3602 2339 :

2013 2370 2067 2415 et
2095 2359 2194 2414 hac
2222 2373 2402 2417 nostra
2444 2367 2764 2424 auctoritate
2799 2369 3047 2425 suﬂ‘uhos
3086 2372 3251 2429 libere
3299 2391 3362 2430 ac
3409 2393 3600 2434 secure

1995 2451 2258 2536 {disponat
2283 2466 2472 2510 cuncta
2503 2457 2602 2512 sibi
2633 2473 2660 2510 a
2705 2460 2856 2514 nobis
2900 2461 3164 2532 subjecta.
3222 2464 3601 2537 Praecipientes

2016 2545 2191 2614 itaque
2215 2546 2483 2615 iubemus,
2532 2560 2589 2604 ut
2619 2551 2798 2606 nullus
2853 2552 2984 2618 dux,
3007 2557 3312 2624 episcopus,
3341 2560 3601 2627 marchio,

2015 2653 2217 2703 comes,
2262 2642 2586 2710 vicecotnes,
2643 2657 2708 2696 ac
2753 2644 3070 2710 sculdasius,
3121 2647 3412 2718 gastaldus,
3441 2650 3603 2706 deca-

2015 2809 2130 2866 ritnt
2163 2793 2335 2866 Caroli
2383 2795 2476 2866 26,
2522 2795 2694 2864 Pipini
2737 2812 2866 2852 vero
2915 2800 3003 2866 I8,
3034 2799 3257 2856 ducatus
3287 2811 3464 2858 autem
3498 2805 3598 2862 viri

2013 2865 2381 2940 gloriu_sissitt_ti
2419 2865 2686 2940 \fiiiigesii
2726 2882 2867 2920 anno
2914 2865 3062 2940 8.77et
3097 2885 3240 2925 anno
3285 2875 3317 2924 8
3350 2875 3598 2940 Liidigari

2015 2935 2222 2987 comitis
2249 2937 2480 2988 civititis
2511 2937 2710 3001 Asculi,
2747 2953 2930 2992 mense
2955 2939 3124 3004 Junii,
3149 2943 3237 2995 tIie
3263 2943 3316 3002 ‘2.
3351 2935 3600 3000 indictio-

2017 3019 2083 3082 ne
2109 3006 2171 3082 ’ῖς
2199 3005 2295 3057 hac
2314 3007 2464 3082 enim
2492 3006 2784 3082 indictione
2801 3023 2941 3082 anno
2966 3009 3160 3064 Christi
3189 3013 3292 3082 799
3320 3013 3600 3082 habemus,

2016 3071 2264 3126 Caroluni
2311 3074 2414 3128 iter
2443 3077 2491 3128 in
2527 3076 2728 3128 Italiam
2775 3078 3088 3142 instituisse,
3135 3081 3200 3134 ad
3235 3071 3596 3140 nlciscendani

315 3133 671 3208 praeterirem,
697 3143 763 3220 ait
789 3130 1035 3220 pptiusiit
1060 3129 1174 3196 ejus
1197 3129 1662 3220 τιιιίιιιιιιινειείἔιιιξξ
1691 3139 1900 3207 tempus

2011 3145 2252 3220 injiiriain
2272 3146 2320 3220 in
2345 3157 2584 3220 sanctum
2601 3147 2830 3220 Leonem
2847 3129 2918 3202 III
2985 3129 3597 3220 I’a

313 3199 669 3252 insumeret".
701 3197 929 3250 Confusa
965 3199 1014 3250 in
1046 3213 1108 3251 ea
1141 3214 1442 3266 regnorum,
1479 3197 1896 3268 indictioiiisqiie

313 3270 642 3335 supptttatio,
674 3269 880 3322 diversa
913 3283 1122 3334 quoque
1166 3282 1428 3320 annorum
1459 3269 1800 3335 subscriptio.
1837 3271 1894 3326 Si

313 3353 460 3391 enim
493 3339 818 3405 quiescimus
845 3338 1244 3406 subscriptioni,
1272 3337 1614 3406 donationem
1646 3353 1676 3390 a
1708 3339 1899 3394 Carolo

313 3409 502 3474 Calvo,
533 3409 764 3460 nonduin
799 3420 976 3462 tamen
1007 3405 1348 3476 imperatore,
1381 3410 1475 3461 sed
1506 3405 1694 3461 Gallize
1729 3418 1898 3476 potius

319 3488 570 3549 tyranno,
619 3477 882 3544 Italiteque
933 3480 1177 3532 invasere
1203 3479 1302 3531 sub
1335 3483 1584 3545 eriptatn,
1632 3478 1900 3535 al'lirniarc

313 3553 554 3616 cogimur
578 3566 590 3600 :
617 3549 702 3601 ille
734 3562 962 3616 namque
991 3565 1082 3615 per
1110 3563 1170 3600 ea
1207 3560 1444 3615 tempora
1477 3563 1592 3602 erat
1624 3549 1674 3601 in
1709 3549 1899 3602 Imma-

315 3635 423 3680 nis,
441 3633 686 3686 annoque
705 3619 966 3684 sequenti,
992 3620 1211 3686 quierat
1233 3621 1300 3672 ab
1322 3620 1450 3672 orbe
1477 3621 1752 3686 tedeiipto
1769 3619 1896 3685 875,

315 3693 496 3740 amitto
526 3689 776 3741 I..udov.ci
820 3689 864 3741 II
907 3688 1249 3754 imperatoris
1278 3691 1446 3752 obitu,
1482 3689 1624 3740 illico
1675 3705 1894 3756 regnum

317 3759 478 3812 Italia:
507 3758 716 3822 invasit,
747 3766 799 3810 et
827 3773 854 3808 a
895 3757 1100 3811 Joanne
1141 3775 1272 3825 papa
1317 3757 1421 3810 Vill
1458 3759 1558 3811 I’-tit
1590 3759 1774 3811 liniue
1804 3777 1896 3812 co-

318 3843 577 3889 ronatus;
621 3832 734 3894 ipse
777 3836 951 3881 tamen
996 3843 1266 3895 nunquam
1307 3839 1574 3898 reperitur
1603 3829 1775 3881 dictus
1805 3845 1896 3883 rex

313 3899 806 3966 Langobardorum,
841 3915 936 3952 nec
985 3899 1150 3951 Iiliutn
1202 3898 1441 3966 I‘ipiniun
1476 3898 1692 3951 nomine
1735 3900 1899 3952 colle-

314 3985 435 4034 gam
469 3970 715 4022 habuisse
754 3969 806 4021 in
839 3981 1023 4036 ri-gno.
1064 3970 1282 4038 I’Ipilllls
1313 3983 1560 4036 namque,
1592 3978 1646 4022 et
1675 3971 1898 4038 Carolus

316 4040 458 4092 illius
493 4054 558 4091 ex
599 4039 784 4105 I’tpiiio
816 4055 936 4106 rege
978 4037 1141 4092 I'ratre
1173 4051 1391 4106 nepotes
1420 4054 1638 4107 tegituttt
1681 4037 1894 4107 inquie-

315 4119 512 4172 tantes,
553 4110 620 4160 ab
652 4110 874 4176 ipsumet
899 4109 1090 4162 Carolo
1125 4109 1286 4162 Calvo
1314 4120 1468 4162 antea
1499 4111 1636 4175 capti
1670 4109 1770 4161 sub
1801 4125 1892 4165 an.

313 4179 442 4240 85:2,
471 4194 534 4231 ac
557 4179 749 4230 attonsi
771 4180 966 4232 detrusi
1002 4179 1206 4232 I‘tieraut
1241 4180 1292 4232 in
1319 4182 1727 4244 monasterium,
1760 4189 1896 4234 teste

310 4249 612 4316 Sigeberto.
658 4247 919 4302 Cieteruui
959 4249 1002 4302 si
1043 4251 1107 4302 ad
1139 4265 1420 4317 regnorum
1459 4251 1508 4302 in
1541 4249 1712 4314 Italia,
1747 4251 1897 4302 indt-

311 4320 610 4388 ctionisque
638 4327 898 4388 tempora,
947 4322 996 4373 in
1027 4319 1329 4372 donationis
1365 4319 1623 4386 principio
1651 4323 1892 4387 apposita

315 4389 650 4456 respicimus,
693 4387 810 4441 eam
845 4403 874 4442 a
905 4387 1096 4442 Carolo
1127 4389 1312 4459 Magno
1339 4389 1706 4442 conlirmatam
1730 4391 1896 4445 fuisse

310 4461 475 4512 dubio
500 4459 684 4527 procul
712 4459 1035 4513 credendum
1061 4471 1172 4524 est;
1207 4475 1328 4514 nam
1356 4474 1496 4512 anno
1525 4461 1665 4512 illius
1690 4475 1890 4528 regno-

311 4543 430 4582 rum
457 4531 508 4582 itt
536 4532 678 4582 Italia
705 4528 796 4593 26,
820 4541 878 4583 ut
897 4529 1054 4584 habet
1080 4531 1384 4583 donationis
1407 4531 1669 4595 chartula,
1694 4531 1892 4598 ipsum,

311 4599 536 4652 ditiiisso
569 4601 862 4654 honoriﬁce
890 4599 1069 4654 Leone
1101 4599 1162 4652 III
1194 4602 1297 4653 iter
1329 4603 1379 4652 in
1411 4599 1614 4652 Italiam
1649 4614 1891 4666 parasse,
1922 4635 1928 4642 -

312 4683 560 4738 annoque
589 4671 827 4738 sequenti
859 4670 1024 4724 I'ttisse
1055 4671 1235 4726 Itonia:
1259 4670 1638 4738 imperatorem
1667 4685 1894 4724 corona-

313 4749 447 4803 tum,
478 4737 864 4795 Latiiiiomties
893 4750 1150 4794 testantur
1183 4741 1442 4793 historici.
1481 4737 1784 4808 Vinigesitts
1813 4742 1896 4795 in-

309 4823 473 4877 super
498 4811 815 4877 Spoleiainis
844 4812 970 4876 dux,
1002 4812 1150 4864 testis
1189 4809 1240 4864 iii
1272 4811 1559 4864 donatione
1589 4809 1890 4878 adhibitus,

313 4883 430 4951 hoc
467 4889 656 4934 eodem
705 4895 846 4934 anno
891 4895 1176 4948 regnorum
1226 4881 1659 4951 seilicetCaroli
1713 4881 1894 4951 Magni

310 4950 364 5002 in
414 4949 559 5003 Italia
591 4953 659 5006 ‘25
701 4967 822 5005 cum
856 4967 954 5006 suo
996 4953 1232 5006 exercitu
1274 4953 1368 5006 ivit
1409 4950 1616 5006 obviam
1661 4949 1892 5006 sanctis-

309 5022 450 5072 simo
491 5036 639 5088 papa:
684 5020 870 5086 Leoni,
913 5032 966 5076 et
1010 5021 1388 5076 venerabiliter
1417 5023 1565 5075 illum
1596 5023 1890 5088 recipiens,

315 5091 561 5162 perduxit
597 5091 892 5158 Spoletum,
939 5099 998 5146 ut
1034 5092 1208 5162 inquit
1245 5093 1581 5146 Anastasius.
1635 5093 1892 5157 Quocirca

309 5161 532 5230 exploso
561 5163 969 5230 subscriptionis
1012 5161 1194 5216 errare
1217 5204 1232 5228 ,
1262 5177 1356 5216 cur
1383 5177 1687 5232 germanam
1725 5164 1894 5218 dona—

310 5233 511 5286 tionem
544 5237 904 5300 improbemus
934 5249 1037 5287 nou
1075 5233 1250 5293 video.
1283 5249 1378 5286 nec
1409 5233 1676 5286 rudiSsitni
1703 5235 1896 5288 scribae

308 5303 604 5370 ignorantia
637 5304 840 5357 vitiabit
871 5307 1209 5372 scripturam.
1258 5305 1391 5356 Ilioc
1431 5317 1723 5372 regnorum
1757 5316 1888 5356 eon-

309 5375 484 5426 lusam
565 5371 995 5443 supputationem
1069 5374 1391 5442 exiilicareui
1422 5413 1437 5439 ,
1509 5371 1890 5425 dilucidarem-

349 5457 415 5496 ue
453 5447 545 5497 ita.

308 5459 702 5567 ιιιιῆιηξῖίιιιιὶιιθ
751 5513 962 5569 Domini
1013 5516 1100 5569 Dei
1149 5513 1442 5568 Salvatoris
1500 5511 1626 5567 Jcsu
1671 5513 1888 5581 Christi,

305 5597 562 5653 regnante
606 5587 802 5638 domno
847 5587 1058 5648 Carolo,
1093 5597 1146 5640 et
1179 5585 1363 5652 I’ipiiio
1393 5583 1502 5638 lilio
1551 5583 1667 5652 ejus
1707 5589 1888 5640 excel-

307 5655 621 5710 lentissimis
665 5659 881 5725 regibus
911 5655 1261 5721 Francorum,
1293 5667 1344 5708 ct
1392 5655 1886 5722 Longobardornin,

304 5741 360 5781 ei
405 5728 640 5793 patriciis
683 5729 1066 5792 Itomanorutn,
1099 5741 1380 5795 regnorum
1409 5727 1460 5780 iu
1489 5727 1682 5780 Christi
1714 5728 1888 5781 nomi-

303 5813 374 5854 ne
412 5801 464 5854 itt
501 5797 644 5856 Italia
671 5797 782 5856 Deo
807 5797 1041 5868 propitio
1069 5797 1139 5853 26
1179 5807 1228 5853 ct
1255 5795 1320 5852 I8
1347 5811 1436 5856 an.
1467 5796 1668 5854 scilicet
1697 5813 1888 5870 regno-

2005 3227 2060 3292 et
2085 3217 2342 3282 (Lanipulo
2371 3217 2650 3292 sacellario
2683 3217 2879 3292 illatam
2902 3221 2994 3292 ;in
3029 3221 3133 3274 line
3161 3233 3368 3288 autem,
3391 3240 3498 3292 quo
3519 3217 3600 3280 di;

2006 3285 2162 3358 citur,
2185 3295 2356 3338 actum
2384 3287 2434 3339 in
2461 3287 2674 3358 Asculo,
2705 3289 2783 3341 sic
2805 3291 3057 3344 restitue:
3081 3293 3272 3347 Actum
3300 3285 3364 3347 ιη’
3383 3285 3598 3358 Asculo.

2005 3355 2058 3426 in
2115 3355 2233 3408 loco
2287 3359 2374 3424 qui
2421 3357 2613 3410 dicitur
2641 3359 2885 3426 Carrula,
2923 3376 3062 3414 anno
3109 3365 3176 3416 ab
3231 3355 3598 3423 Incarnatiooe

2009 3425 2219 3504 Domitii
2247 3428 2413 3481 nostri
2458 3425 2583 3482 Jesu
2635 3427 2832 3482 Christi
2871 3425 3366 3501 ist'ptingentesimo
3422 3451 3596 3491 nona-

2005 3509 2209 3564 gesimo
2241 3513 2406 3550 notio.

2075 3563 2320 3644 Carrtila,
2355 3566 2655 3644 undeillud
2688 3567 3023 3644 imperatoris
3066 3574 3242 3627 Caroli
3275 3586 3594 3644 rescriptum

2005 3638 2158 3701 exiit;
2188 3647 2462 3717 extremus
2493 3639 2740 3717 Asculani
2767 3638 3070 3717 comitatus
3104 3646 3390 3717 lintesrest,
3423 3638 3594 3717 eaque

2004 3722 2096 3758 arx
2131 3717 2312 3786 postea
2351 3709 2620 3786 Ilernardo
2649 3709 2692 3762 II
2722 3727 2848 3786 ann.
2901 3712 3028 3767 I052
3061 3730 3090 3765 a
3132 3713 3417 3769 Gutllelino
3450 3709 3592 3772 Ui'leo

2005 3779 2185 3854 iunndi
2219 3780 2329 3854 lilio
2357 3779 2621 3854 concessa
2663 3792 2765 3843 est,
2813 3784 2964 3854 ιμψιθ
3016 3787 3184 3848 locus,
3220 3787 3488 3840 Anastasii
3525 3790 3588 3844 IV

2003 3845 2168 3911 bulla,
2197 3863 2284 3900 ait.
2313 3851 2452 3905 1155
2473 3852 2790 3915 celebratur,
2823 3845 3032 3920 quoad
3056 3845 3338 3908 comitatus
3373 3861 3592 3920 Apruti-

2003 3931 2128 3967 IIIIIII
2173 3928 2227 3971 et
2275 3921 2594 3973 ASCiilatiiliii
2633 3925 2960 3976 tlirititeiidos
2999 3926 3258 3978 let‘tninus
3285 3936 3366 3978 est
3393 3931 3586 3982 delini-

2005 3995 2106 4064 tiis.
2157 3987 2244 4040 Illa
2295 4005 2406 4064 arx
2440 3991 2597 4064 hodie
2644 3996 2844 4064 excisa,
2891 4009 3185 4062 cvtrsaqne
3221 4005 3323 4064 est,
3366 3997 3588 4064 ejusque

2003 4058 2176 4128 adhuc
2224 4061 2440 4128 vestigia
2473 4061 2526 4112 in
2573 4063 2719 4128 regni
2769 4058 3112 4128 Neapolitani
3151 4058 3428 4124 limitibus,
3483 4058 3588 4120 tioii

2001 4127 2192 4181 leviter
2215 4127 2472 4196 illllil'esSn
2500 4141 2736 4184 exstant.
2766 4133 2838 4183 lix
2859 4127 2998 4184 illius
3018 4135 3186 4186 ruinis
3213 4133 3438 4187 duorum
3469 4141 3592 4189 titil-

2001 4197 2212 4251 Iiariuin
2263 4200 2542 4252 intervallo
2583 4211 2868 4254 excitatum
2919 4209 3001 4254 est
3051 4202 3301 4271 Opp.dutn
3349 4208 3590 4258 Ancora-

2002 4283 2165 4342 nuiii,
2216 4277 2356 4338 quod
2390 4271 2454 4322 ab
2485 4271 2753 4338 episcopis
2797 4271 3074 4325 ASl'tllaIliS
3113 4273 3200 4342 jus
3230 4273 3493 4339 divinum,
3528 4295 3590 4330 at:

2002 4341 2274 4405 politicunt
2306 4343 2530 4406 accepit,
2560 4357 2588 4392 a
2618 4355 2723 4405 quo
2757 4342 2981 4406 primum
3013 4341 3250 4410 tempore
3279 4347 3449 4398 stetit.
3476 4347 3590 4400 Sub

2001 4410 2116 4475 ejits
2145 4419 2296 4479 porta
2319 4413 2385 4464 ab
2414 4413 2570 4464 annis
2600 4411 2694 4474 I5,
2739 4411 2872 4480 lapis
2901 4421 3088 4466 erutus
3121 4429 3186 4468 ac
3213 4414 3451 4468 rel'ossns
3479 4429 3588 4481 est,

2003 4483 2088 4553 cui
2122 4482 2546 4553 antiquissiinnni
2579 4481 2845 4534 dicticbon
2886 4483 3106 4536 inciSnnt
3142 4485 3442 4552 legebatur,
3480 4503 3588 4553 quo

2001 4551 2067 4602 de
2097 4552 2234 4602 atcis
2281 4553 2586 4604 I'undatione
2614 4553 2911 4605 constabat.
2965 4553 3124 4622 quue
3158 4551 3337 4622 pustt-a
3371 4551 3584 4610 erasum

1996 4629 2100 4693 est,
2147 4633 2204 4693 ut
2244 4634 2391 4673 arma
2436 4624 2692 4693 gentilitia
2737 4624 2972 4692 episc0pi
3021 4626 3342 4693 Sigisuiundt
3392 4623 3584 4681 Donati

1999 4691 2430 4756 insculperentur
2464 4709 2476 4742 :
2508 4692 2598 4745 sed
2632 4708 2698 4746 ne
2745 4693 2884 4745 illius
2926 4691 3187 4749 memoria
3235 4697 3442 4763 penitus
3493 4713 3587 4750 ex-

1995 4763 2372 4830 stiitgtieretur,
2404 4779 2431 4814 a
2460 4763 2664 4817 Joanite
2699 4763 2853 4818 l’etro
2882 4763 3112 4820 Paciﬁco
3139 4766 3428 4834 episcopali
3457 4783 3584 4822 can-

1995 4835 2212 4886 cellarto
2242 4843 2567 4902 CXscrlplqu
2599 4843 2702 4899 est,
2735 4849 2797 4887 ac
2827 4841 3104 4903 sequentia
3136 4839 3337 4890 terebat
3369 4855 3380 4888 :

2106 4923 2320 4976 Carolus
2354 4923 2448 4976 hoc
2481 4931 2706 4994 castrum
2731 4940 2822 4978 rex
2850 4941 3060 4994 magnus
3089 4925 3337 4988 condidit,
3367 4924 3458 4978 illo

2207 4995 2458 5060 Tempore
2479 4993 2714 5063 Carruftt:
2743 4997 2915 5048 diruta
2939 4993 3080 5046 terra
3109 4997 3226 5060 luit.

1999 5085 2110 5141 lloc
2151 5095 2552 5140 monumentum
2592 5087 2794 5153 scripto
2833 5087 3042 5140 comitis
3083 5085 3350 5152 Ludigarii
3393 5094 3580 5139 aucto-

1995 5156 2206 5211 ritatem
2235 5158 2582 5220 conciliabat,
2627 5172 2744 5209 cuiu
2790 5156 3144 5210 i-ettissitnutu
3203 5155 3446 5210 videatur
3517 5157 3582 5210 iis

1995 5228 2326 5296 temporibus
2354 5226 2602 5282 Carolutn
2632 5242 2750 5279 eam
2795 5240 2972 5280 arcem
3017 5227 3294 5280 obsidione
3321 5227 3578 5288 cinxisse,

1993 5297 2096 5366 qua
2145 5311 2466 5365 ettpugitaia,
2517 5307 2569 5350 et
2613 5311 2736 5350 mox
2781 5297 2849 5351 ab
2893 5297 3008 5364 ipso
3047 5299 3161 5352 solo
3190 5299 3490 5366 adaequant,
3527 5310 3582 5350 ut

1995 5369 2278 5423 traditione
2307 5369 2635 5422 celebratum
2667 5375 2768 5432 est,
2801 5383 2864 5420 ex
2897 5370 3014 5434 ejus
3047 5368 3213 5420 ruinis
3237 5375 3577 5422 Attcaranum

1994 5439 2046 5492 in
2076 5455 2140 5492 eo
2171 5441 2290 5494 loco
2319 5437 2745 5503 eotisurrexisse,
2772 5437 2823 5491 in
2853 5453 2960 5505 quo
2993 5439 3119 5491 olim
3151 5437 3574 5506 magniﬁcentis-

1993 5509 2188 5563 simum
2224 5511 2478 5576 templum
2514 5509 2634 5561 Dea:
2677 5512 2973 5562 Ancarante
3013 5517 3132 5562 erat
3175 5517 3572 5576 consecratum,

1995 5580 2136 5648 quod
2183 5581 2382 5646 Iictuin,
2430 5581 2910 5648 aduttihratitmque
2955 5595 3150 5634 numen
3195 5579 3262 5632 ab
3294 5580 3574 5632 Asizutants

1995 5663 2092 5717 pro
2113 5653 2285 5719 gentis
2311 5649 2521 5704 tutelari
2550 5651 2940 5717 celebrabatur,
2956 5651 3018 5704 de
3049 5664 3154 5717 quo
3174 5649 3334 5703 etiam
3363 5648 3572 5702 Tertul-

1993 5723 2167 5780 Itanus
2201 5725 2251 5778 in
2283 5721 2628 5792 Apologetico
2679 5735 2796 5788 cap.
2817 5719 2886 5776 25
2939 5721 3262 5846 Ιιιιξιιῧιιιιθιιι
3287 5723 3569 5790 expressit.

3107 5805 3319 5845 GIII‘ZLLI.

3107 5805 3319 5845 GIII‘ZLLI.
