4034 6182
488 277 510 328 1
524 275 624 330 0:27

1368 275 1428 328 Β.
1471 273 1718 329 CAROLI
1759 271 1970 328 MAGNI
2009 270 2160 326 OPP.
2203 271 2380 326 PARS
2421 269 2459 338 l,
2499 268 2740 326 SECTIO
2782 269 2841 324 ll.

3591 267 3734 322 H538

490 404 608 450 nus,
641 395 728 440 aut
755 386 924 455 aliqua
966 385 1111 453 regni
1145 386 1306 439 nostri
1337 401 1547 452 magna,
1573 387 1655 440 vel
1707 401 1868 456 parva
1925 401 2044 454 per-
2075 389 2121 445 Α
2151 392 2366 451 propter
2419 383 2842 450 deprecationem
2913 382 3189 436 memorati
3249 381 3345 435 viri
3405 385 3738 439 venerabilis

491 491 618 527 sona
641 477 747 542 jam
768 475 962 528 dictum
988 475 1195 527 Petrum
1225 487 1420 527 saneta:
1443 474 1849 528 Concordiensis
1868 476 2047 528 eccle-

488 565 582 617 sia:
612 564 941 632 episcopum,
971 576 1204 631 suosque
1240 578 1576 616 successores
1625 565 1942 630 inquii-tare,
1967 564 2048 617 vel

492 656 772 708 molestare
796 655 1005 716 audeat,
1041 655 1122 707 vel
1138 654 1203 706 de
1231 656 1346 721 ipso
1377 655 1680 722 episcopatu
1707 655 1901 722 aliquid
1933 656 2049 707 exi-

490 759 632 811 gere,
647 742 738 796 sed
764 757 826 795 ea
853 743 958 808 jam
982 743 1152 795 dictus
1177 741 1477 808 episcopus,
1504 745 1690 805 suique
1711 757 2050 796 successores

495 833 728 898 pacilicc,
755 833 1002 900 etquiete
1027 841 1238 885 teneant
1259 833 1401 883 omni
1435 831 1794 900 inquietudine
1826 843 2048 884 rem0ta.

492 924 546 975 Si
587 923 704 990 quis
736 923 891 989 igitttr
924 921 1207 975 temerario
1237 937 1369 974 ausu
1401 923 1537 974 hanc
1562 932 1795 974 nostram
1825 923 2054 975 auctori-

493 1021 653 1064 tatem
697 1014 982 1079 infringere
1029 1015 1338 1076 tentaverit,
1369 1025 1462 1066 aut
1511 1029 1692 1066 eorum
1741 1014 2048 1080 quidquam,

493 1119 609 1171 quae
640 1103 1004 1170 prohibemus,
1032 1118 1212 1171 agere,
1236 1105 1368 1156 sciat
1394 1119 1452 1157 se
1482 1105 1896 1172 compositurum
1939 1104 2054 1156 auri

492 1193 674 1256 optimi
709 1192 867 1245 libras
886 1201 1116 1256 centem,
1147 1194 1480 1248 medietatem
1505 1209 1727 1248 camerae
1760 1206 1975 1255 nostrae,
2003 1203 2058 1247 et

491 1285 830 1338 medietatem
866 1285 1130 1337 tnult0ties
1153 1285 1259 1352 jam
1287 1285 1430 1338 diczo
1473 1286 1628 1338 Petro
1675 1297 1872 1338 sanctae
1920 1287 2058 1339 Clin-

491 1374 784 1427 cordiensis
821 1375 1059 1427 ecclesia:
1091 1375 1368 1442 episcopo,
1394 1375 1607 1442 suisque
1637 1377 2056 1428 successoﬂbus.

496 1465 639 1530 Quod
670 1473 722 1516 ut
745 1467 921 1516 verius
943 1464 1214 1528 credatur,
1245 1474 1300 1518 et
1346 1465 1652 1532 diligentius
1694 1467 1758 1517 ab
1813 1465 2059 1517 omnibus

496 1560 823 1618 observetur,
849 1556 1002 1624 sigilli
1034 1558 1200 1610 nostri
1225 1557 1576 1623 impressione
1603 1557 1788 1611 subter
1825 1557 2059 1626 insigniri

493 1647 767 1714 jussitnus,
801 1663 955 1698 manu
986 1649 1194 1715 propria
1221 1649 1552 1702 roborantes.

565 1742 780 1805 Signum
804 1739 983 1794 douini
1007 1740 1182 1794 Caroli
1223 1742 1590 1810 gloriosiSsitni
1617 1741 1777 1808 regis.

568 1829 934 1882 Etrambaldus
961 1831 1310 1884 cancellarius
1336 1832 1402 1884 ad
1434 1831 1796 1885 vicem........
1825 1830 2062 1898 episeOpi

490 1921 939 1973 arctiieancetlarii
966 1922 1285 1990 recognovit.
1321 1926 1473 1975 Anno
1501 1935 1526 1961 α
1555 1921 1622 1974 54
1651 1921 1846 1976 Franc.
1887 1920 2060 1990 regni,

491 2023 544 2064 et
573 2013 856 2066 Dominicte
887 2013 1264 2068 lncarnationis
1293 2015 1420 2069 802.

567 2106 748 2158 Datum
789 2105 956 2171 pridie
987 2107 1124 2161 Non.
1152 2108 1368 2176 Aprilis.

563 2196 750 2250 Ai-tuui
776 2197 1128 2262 Frattcolurti,
1149 2214 1288 2254 anno
1313 2215 1439 2254 nix
1467 2213 1632 2270 regni.

1184 2331 1368 2386 XVlll.

495 2443 662 2497 Caroli
716 2442 917 2515 Magni
943 2443 1198 2512 diploma,
1229 2460 1329 2514 quo
1376 2445 1550 2497 omnia
1594 2444 1745 2509 bona,
1781 2445 2063 2515 privilegia,

560 2525 603 2566 et
627 2517 750 2583 jura
782 2513 1020 2582 Βατίειιεὶ
1049 2513 1272 2566 coenobio
1299 2515 1586 2581 conﬁrmat.
1630 2513 1802 2586 (Anno
1839 2515 1939 2568 803
1954 2513 1992 2583 ἱ.

764 2623 855 2683 (Ex
879 2621 1154 2680 Muratorio,
1179 2623 1425 2682 Scriptore
1444 2636 1606 2672 rerum
1631 2623 1809 2685 ltalic.)

565 2725 784 2779 Carolus
809 2725 1181 2780 screnissimns
1207 2736 1480 2795 augustas,
1511 2742 1539 2779 a
1597 2728 1705 2782 Deo
1755 2739 2063 2795 coronatus,

495 2833 736 2888 magnus,
765 2827 818 2872 et
846 2817 1096 2884 paciﬁcus
1136 2817 1424 2887 imperator
1472 2819 1827 2874 Romanorum
1873 2821 2066 2888 guber-

495 2926 626 2964 nans
659 2911 938 2979 imperium
980 2912 1066 2979 qui
1121 2920 1175 2964 et
1233 2926 1327 2979 per
1370 2912 1786 2967 miscricordiam
1830 2913 1922 2966 Dei
1971 2928 2064 2967 rex

496 3002 824 3056 Francorum
856 3010 908 3056 et
940 3001 1432 3072 Langobardorum.
1480 3003 1535 3059 Si
1568 3019 1652 3067 ea,
1680 3019 1798 3074 qua:
1833 3019 1863 3058 a
1900 3005 2063 3059 Deum

2157 471 2421 526 llenedicti
2473 471 2713 534 abbatis,
2770 471 2838 524 ita
2893 471 3273 535 conceSsimus,
3323 481 3376 524 et
3423 474 3736 529 contiimati

2146 559 2421 628 jnssimus.
2441 558 2817 627 l’rrecipientes
2832 573 2958 626 ergo
2978 557 3250 627 iubemus,
3273 561 3409 628 quod
3437 575 3734 629 perpetua-

2151 651 2268 704 liter
2289 650 2426 703 circa
2453 660 2800 702 memoratum
2829 649 3000 703 locum
3031 663 3336 702 mansurum
3391 663 3512 704 esse
3568 653 3728 705 volu-

2153 755 2290 802 mus,
2313 750 2364 790 ttt
2394 739 2570 790 nullus
2597 737 2824 805 quilibet
2853 737 3184 791 de'lidelibus
3210 739 3405 790 nostris
3435 753 3591 791 tnem-
3615 750 3737 794 rato

2151 834 2267 883 viro
2291 830 2580 884 venerabili
2608 831 2898 884 Benedicto
2945 829 3142 892 abbati,
3194 842 3283 884 aut
3331 833 3738 886 surcesmribus

2153 922 2262 974 sais
2289 923 2337 973 in
2370 932 2682 988 perpetmnn
2709 920 2775 973 de
2800 921 2908 986 jam
2935 921 3092 974 dictis
3122 922 3300 983 rebus,
3345 937 3476 990 quas
3511 925 3734 988 prml'ata

2153 1027 2273 1064 casa
2307 1013 2394 1064 Dei
2430 1011 2686 1064 moderno
2719 1001 2977 1078 teu'ipore,
3017 1010 3066 1064 id
3107 1021 3189 1063 est
3244 1012 3310 1064 ab
3371 1014 3740 1066 nicarnatianc

2157 1101 2366 1154 Domini
2391 1101 2555 1153 nostri
2586 1100 2711 1154 .lcsu
2735 1101 2934 1154 Christi
2964 1102 3066 1154 2’05
3089 1114 3139 1153 et
3192 1116 3253 1153 ιιι
3310 1102 3429 1168 itnpt
3450 1102 3514 1154 rii
3567 1103 3737 1154 nostri

2153 1191 2295 1257 juste
2325 1199 2379 1242 et
2406 1191 2795 1244 rationabiliter
2815 1191 2998 1258 quieto
3022 1191 3206 1242 ordine
3238 1193 3508 1257 possidere
3559 1193 3742 1244 cerni-

2161 1291 2269 1344 tur,
2298 1281 2465 1333 autin
2497 1292 2618 1335 ante
2675 1281 2901 1334 Domino
2957 1281 3212 1349 largiente
3269 1280 3505 1348 legitimo
3548 1281 3741 1334 ordine

2159 1375 2436 1440 acquirere
2469 1373 2717 1438 potuerit,
2744 1371 3060 1438 inquietare,
3094 1386 3187 1423 nec
3217 1372 3604 1433 condemnare,
3639 1386 3740 1423 nec

2160 1461 2356 1530 aliquid
2383 1463 2578 1514 exinde
2602 1461 2794 1528 injuste
2818 1461 3148 1527 abstrahere,
3187 1471 3278 1513 aut
3325 1462 3563 1514 minuere
3605 1479 3742 1528 quti-

2161 1566 2266 1620 quo
2293 1562 2530 1620 tempore
2566 1562 2869 1618 prmsimtat.
2900 1550 3003 1604 Sed
3055 1565 3147 1616 per
3201 1550 3301 1602 hoc
3339 1562 3532 1601 ιιυειω
3586 1567 3742 1603 εειθο

2166 1645 2344 1695 uitatis
2374 1652 2530 1710 atque
2551 1641 2968 1694 Conlirmationis
2987 1650 3330 1708 praeceptum,
3355 1650 3572 1703 nostrrs,
3599 1639 3745 1692 lutit-

2095 1730 2138 1789 Β
2169 1732 2698 1800 risquetemporibus
2727 1731 2792 1782 ad
2836 1731 3000 1797 ipsam
3046 1741 3280 1782 sanctam
3325 1729 3416 1782 Dei
3449 1731 3743 1782 ecclesiam

2166 1824 2404 1890 proliciat
2465 1822 2515 1872 in
2574 1818 2890 1887 augtncntis,
2942 1828 3200 1888 quatenus
3261 1820 3399 1870 omni
3459 1830 3742 1886 tempore,

2171 1914 2373 1981 absque
2390 1912 2669 1977 cujuslibet
2702 1912 2878 1963 illicita
2897 1913 3284 1975 contrarietate,
3309 1915 3446 1978 ipsis
3471 1926 3556 1964 res
3577 1927 3744 1975 supe-

2164 2004 2272 2057 rius
2300 2004 2730 2068 comprelieusas,
2758 2011 2988 2054 rectores
3017 2001 3176 2070 ipsius
3205 2002 3509 2054 iuouaStcrii
3543 2011 3740 2054 tenere

2163 2103 2218 2150 et
2249 2095 2520 2164 pessidere
2548 2097 2803 2155 debeant;
2848 2094 2918 2145 ita
2965 2103 3019 2145 ut
3085 2095 3272 2146 ll‘ltilUS
3325 2093 3547 2145 deleCtet
3597 2109 3745 2159 prino

2164 2188 2307 2239 dicto
2333 2184 2618 2239 venerabili
2651 2184 2763 2237 vito
2791 2183 3072 2236 Bened;cto
3096 2184 3294 2243 abbati,
3316 2194 3467 2250 atque
3496 2183 3744 2251 ejusdem

2164 2276 2406 2330 eCcIesi.e
2433 2275 2826 2343 congregationi
2857 2275 2907 2326 itt
2959 2281 3268 2341 perpetuum
3325 2290 3418 2340 pro
3465 2278 3643 2338 nobis,
3693 2285 3744 2328 et

2169 2383 2264 2436 pro
2287 2368 2574 2421 stabilitate
2606 2367 2812 2434 imperii
2845 2366 3032 2428 nostri,
3065 2383 3158 2420 seu
3184 2382 3277 2434 pro
3312 2367 3432 2420 Iiliis
3455 2381 3504 2420 et
3532 2369 3744 2420 tiiiabus

2165 2460 2382 2521 nostris,
2407 2471 2500 2510 seu
2532 2472 2626 2525 pro
2683 2467 2873 2510 cuncto
2926 2457 3119 2525 p0pulo
3170 2458 3321 2509 nobis
3360 2472 3390 2509 a
3441 2457 3550 2510 Deo
3590 2460 3741 2522 dato,

2164 2553 2416 2606 ateotius
2438 2549 2636 2619 jugiter
2658 2550 2891 2602 divinam
2921 2565 3143 2604 exorare
3170 2551 3523 2604 clementiam.
3581 2552 3644 2603 tt
3689 2564 3744 2603 ut

2167 2640 2280 2694 hanc
2331 2641 2615 2693 auctoritas
2666 2641 2869 2692 ﬁrmior
2917 2639 3201 2702 habeatur,
3251 2649 3305 2693 et
3352 2655 3445 2706 j-er
3498 2653 3741 2706 tempora

2167 2728 2477 2796 diligentius
2528 2729 2859 2796 observetur,
2888 2727 3036 2798 juxta
3086 2732 3521 2784 Consuetudinem
3576 2734 3742 2794 impe-

2169 2825 2354 2877 rialem
2405 2825 2778 2892 subscribere,
2831 2833 2886 2877 et
2933 2823 3002 2878 de
3047 2827 3205 2877 anulo
3257 2840 3438 2878 nostro
3486 2827 3747 2893 jus:imus

2166 2915 2422 2986 sigillare.

2243 3006 2427 3060 Datutu
2475 3006 2647 3060 idibus
2675 3005 2814 3060 Junii
2841 3021 2906 3059 an
2931 3021 2983 3060 ut
3016 3006 3226 3059 Christo
3255 3009 3484 3076 prepitio
3538 3009 3746 3076 imperii

499 3091 802 3146 timentibus
829 3090 1133 3145 hominibus
1163 3091 1296 3146 locis
1341 3103 1668 3158 sanctorum,
1719 3094 1790 3149 ob
1827 3109 2064 3149 antorem
2093 3070 2141 3135 (ἶ
2171 3100 2360 3162 nostri,
2390 3107 2442 3150 rt
2467 3113 2602 3151 xxxv
2634 3099 2780 3166 regni
2810 3100 2976 3152 nostri
3008 3100 3058 3152 in
3107 3097 3352 3162 Francia,
3402 3110 3566 3169 atque
3625 3116 3746 3156 nix

501 3185 734 3248 Domini,
778 3197 829 3239 et
853 3185 1303 3253 Opportunitatem
1327 3200 1600 3240 servorum
1632 3186 1748 3248 Dei,
1771 3186 2065 3241 condonata

495 3291 612 3328 case
641 3283 954 3338 noscuntur,
990 3275 1186 3326 nostris
1212 3275 1708 3330 conlirmaverimus
1728 3275 1936 3340 edictis,
1963 3291 2063 3331 non

495 3370 667 3420 solum
700 3367 897 3435 regiam
924 3379 1239 3420 exercemus
1278 3366 1738 3429 consuetudinem,
1771 3368 1861 3420 sed
1907 3367 2067 3422 etiam

499 3461 599 3508 boc
641 3456 792 3508 nobis
840 3457 1020 3522 procul
1069 3455 1232 3508 dubio
1272 3455 1334 3508 ad
1391 3456 1652 3510 mercedis
1703 3467 2067 3525 augmentum,

497 3562 590 3599 seu
615 3545 950 3598 stabilitatem
982 3544 1185 3605 itnierii
1219 3545 1382 3596 nostri
1428 3546 1478 3598 in
1511 3546 1598 3599 Dei
1635 3548 1850 3600 nomine
1905 3548 2064 3614 perti-

502 3651 630 3690 nere
659 3635 997 3688 conlidinms.
1031 3635 1362 3701 Quapropter
1395 3645 1575 3686 nutum
1608 3636 1940 3690 sitomnibus
1960 3637 2072 3703 epi-

501 3732 697 3800 scopis,
745 3729 1044 3790 abbatibus,
1095 3729 1336 3789 dUcibtts,
1387 3703 1706 3796 οοιιιίιιιιυέ,
1755 3731 2068 3797 -ρειειοιάίιε,

501 3825 734 3888 vicariis,
769 3823 1089 3876 centenariis
1113 3864 1126 3884 ,
1161 3821 1498 3887 actionariis,
1523 3823 1602 3876 vel
1636 3823 1850 3891 reliquis
1905 3822 2073 3875 ﬁdeli-

503 3917 599 3970 bus
630 3917 847 3977 nostris,
882 3913 1231 3980 pra-sentibus
1252 3912 1476 3976 scilicet,
1509 3925 1563 3966 et
1595 3914 1811 3978 futuris,
1846 3915 1965 3978 quia
1992 3915 2074 3967 vir

505 4005 824 4059 venerabilis
867 4005 1180 4058 Benedictus
1224 4005 1500 4068 religiosus
1551 4003 1715 4057 abbas
1763 4004 2071 4057 monasterii

498 4105 698 4150 sancta:
725 4097 899 4150 Maria:
921 4111 1238 4164 semperque
1264 4096 1500 4163 virginis,
1530 4104 1584 4149 ct
1631 4096 1913 4149 Genitricis
1954 4094 2070 4158 Dei,

499 4190 638 4257 quod
683 4189 844 4242 situm
899 4197 981 4241 est
1035 4188 1087 4240 in
1137 4187 1404 4240 territorio
1465 4187 1781 4251 Sabinensi,
1824 4185 1939 4240 loco
1983 4185 2071 4254 qui

500 4281 692 4333 dicitur
744 4280 1052 4342 Acutianus,
1102 4275 1489 4330 mansuetudini
1547 4285 1740 4329 nostra!
1794 4275 2073 4345 suggessit,

501 4378 777 4437 petens,ut
799 4383 884 4421 res
913 4369 1077 4435 ipsius
1100 4367 1558 4434 uionas'erii,qu;e
1585 4382 1612 4417 a
1644 4366 1801 4434 longo
1827 4377 2064 4433 tempore

503 4459 569 4512 ad
603 4460 776 4526 ipsum
800 4469 1043 4510 sanctum
1087 4458 1282 4521 locum,
1314 4473 1404 4525 per
1433 4458 1764 4510 diversorum
1793 4455 2063 4510 hominum

506 4550 847 4615 donationes,
894 4550 1134 4602 videlicet
1187 4564 1395 4616 regum,
1445 4549 1781 4616 reginarum,
1831 4549 2067 4616 ducum,

505 4638 838 4706 pontilicum,
867 4638 1140 4700 comitum,
1187 4637 1584 4702 castaldiorum,
1634 4640 1716 4691 vel
1763 4639 2074 4692 ccillationes

504 4725 706 4797 populi,
738 4725 821 4778 vel
869 4725 1157 4789 ceSsiones,
1206 4727 1560 4789 venditiones,
1610 4731 2069 4794 comparationes,

503 4818 1052 4886 conuuntatimiesque
1095 4825 1466 4885 pervenerunt,
1492 4819 1558 4869 de
1587 4819 1777 4885 quibus
1810 4820 1918 4886 ipsa
1952 4834 2072 4872 casa

503 4907 597 4960 Dei
627 4909 881 4960 moderno
907 4919 1162 4974 tempore,
1193 4905 1324 4958 ideSt
1353 4907 1420 4957 ab
1463 4907 1824 4960 incarnatione
1870 4908 2077 4961 Domini

505 4998 670 5053 nostri
701 4995 828 5050 .lesu
883 4995 1084 5050 Christi
1140 4995 1244 5049 803
1302 5010 1463 5061 anno,
1491 5008 1650 5065 atque
1693 5012 1832 5050 anno
1874 4998 2080 5066 imperii

507 5087 674 5142 nostri
706 5102 760 5142 ut
794 5088 1097 5140 investituin
1122 5087 1340 5149 habere,
1375 5087 1455 5140 vel
1499 5089 1680 5154 quieto
1717 5086 1904 5142 ordine
1951 5100 2078 5154 pos-

507 5178 683 5232 sidere
740 5177 988 5242 videtur,
1033 5191 1127 5244 per
1175 5189 1491 5246 praeceptum
1544 5177 1704 5246 regite
1751 5177 2080 5231 auctoritatis

509 5279 705 5323 n0strze
727 5285 821 5338 pro
852 5270 1113 5322 mercedis
1161 5277 1355 5322 nostra:
1397 5284 1706 5338 augmento,
1737 5270 1800 5322 ad
1834 5270 2076 5324 eumdem

510 5371 748 5414 sanctum
803 5361 979 5414 locum
1013 5361 1216 5428 plenius
1245 5362 1433 5415 cedere
1463 5372 1516 5415 et
1561 5363 1875 5416 conllrmare
1923 5361 2078 5431 jube-

511 5468 704 5506 retnns.
739 5453 900 5522 Cujus
929 5453 1164 5520 petitioni
1188 5456 1579 5519 annuentes,ad
1610 5455 1871 5509 mercedis
1889 5465 2083 5509 nostra;

511 5557 870 5610 augmentum,
905 5563 997 5612 pro
1043 5546 1340 5599 reverentia
1397 5548 1561 5614 ipsius
1622 5546 1792 5600 sancti
1853 5546 1975 5614 loci,
2001 5546 2086 5600 vel

2096 4415 2146 4477 D

2171 3190 2223 3243 in
2256 3187 2398 3242 Italia
2423 3205 2436 3254 ;
2457 3188 2746 3242 indictione
2777 3189 3073 3244 undecima.

2243 3282 2434 3335 Aetum
2468 3280 2634 3348 Aquis
2656 3279 2849 3348 palatio
2870 3289 3052 3334 nostro
3074 3281 3374 3350 publico,in
3408 3283 3499 3337 Dei
3530 3283 3746 3336 nomine

2171 3373 2418 3428 feliciter.
2442 3376 2633 3428 Amen.

2885 3444 3025 3500 XIX.

2261 3537 2504 3607 Diploma
2549 3536 2723 3592 Caroli
2777 3536 2956 3606 Magni
3006 3553 3097 3605 pro
3149 3536 3359 3590 ecclesia
3412 3535 3667 3589 Gradeusi

2787 3611 2960 3674 (Anno
2984 3607 3132 3675 805).

2589 3721 2680 3783 (Ex
2713 3719 2962 3784 Ughellio,
2984 3721 3118 3770 Italia
3141 3723 3327 3783 Sacra.)

2243 3821 2467 3875 Carolus
2486 3823 2860 3876 serenissimus
2892 3835 3144 3892 angustus
3199 3839 3228 3876 a
3279 3824 3388 3878 Deo
3435 3838 3746 3884 coronatus,

2174 3926 2418 3982 magnus,
2453 3923 2506 3965 et
2536 3911 2783 3980 pacificus
2811 3913 3097 3982 imperator
3128 3914 3420 3969 Rotuanum
3446 3918 3751 3983 gubernans

2173 3999 2488 4068 imperium,
2528 4011 2583 4054 et
2612 4017 2704 4070 per
2731 4003 3146 4059 misericordiam
3178 4005 3268 4058 Dei
3301 4022 3388 4059 rex
3422 4005 3750 4061 Francorum

2177 4104 2229 4146 ct
2248 4091 2742 4160 Longobardorutn.
2757 4091 3041 4146 Maximum
3057 4095 3207 4164 regni
3225 4098 3393 4149 nostri
3411 4096 3463 4148 in
3482 4098 3584 4149 hoc
3598 4113 3755 4164 agere

2175 4186 2442 4239 credimus
2469 4185 2882 4251 immunitatum,
2913 4187 2956 4239 si
3007 4188 3348 4254 petitionibus
3391 4191 3750 4250 sacerdotum,

2175 4277 2260 4330 vel
2298 4291 2573 4329 servorum
2613 4275 2864 4344 Dei,qu:e
2900 4276 3098 4331 nostris
3142 4278 3360 4331 auribus
3406 4278 3602 4332 fuerint
3634 4295 3753 4340 pro-

2181 4363 2320 4428 latae,
2352 4365 2573 4418 libenter
2603 4379 2934 4429 annuamus,
2962 4375 3016 4420 et
3041 4381 3133 4420 eas
3180 4367 3231 4420 in
3283 4367 3375 4420 Dei
3429 4385 3638 4420 nomine
3686 4370 3750 4419 ad

2177 4454 2422 4508 eﬂectum
2479 4453 2852 4520 perducamus.
2908 4453 3074 4524 Igitur
3135 4466 3316 4509 notum
3376 4456 3448 4509 sit
3507 4459 3755 4510 omnibus

2179 4543 2426 4597 lidelibus
2460 4545 2659 4596 nostris
2697 4546 3069 4611 praesentibus,
3095 4553 3150 4598 et
3181 4545 3388 4608 futuris,
3421 4549 3652 4615 qualiter
3679 4549 3756 4599 vir

2178 4633 2500 4688 venerabilis
2541 4632 2863 4688 Fortunatus
2920 4633 3206 4690 Gradensis
3254 4638 3758 4706 patriarelia,sedis

2177 4727 2346 4782 sancti
2373 4727 2533 4779 Marci
2561 4726 2919 4794 evangelista,
2953 4737 3005 4781 et
3025 4737 3222 4781 sancte
3252 4729 3591 4782 llerniacora:
3645 4735 3762 4796 ep-

2180 4834 2372 4887 scopus
2395 4818 2685 4872 Serenitati
2715 4829 2911 4872 nostra:
2939 4819 3124 4886 petiit,
3169 4829 3225 4872 ut
3279 4820 3385 4873 tale
3442 4821 3758 4874 beneﬁcium

2180 4911 2320 4962 circa
2388 4909 2585 4962 dictam
2655 4917 3000 4962 memoratam
3053 4917 3293 4962 sanctam
3347 4911 3628 4963 ecclesiam
3696 4929 3760 4964 ex

2182 5010 2366 5054 nostra
2395 4999 2723 5069 indulgentia
2754 5000 3049 5054 concedere
3096 5010 3152 5054 et
3197 5003 3518 5055 conﬁrmare
3567 5004 3763 5056 debea-

2183 5106 2320 5156 mus,
2353 5099 2614 5161 quatenus
2660 5092 2760 5145 sub
2805 5090 3154 5144 immanitatis
3208 5093 3444 5157 nomine,
3479 5103 3587 5144 tam
3628 5093 3760 5158 ipse,

2181 5197 2336 5251 quam
2391 5183 2718 5250 sacerdotes,
2749 5192 2804 5237 et
2851 5183 3064 5252 reliqui,
3095 5198 3301 5237 necnon
3350 5187 3532 5252 servi,
3563 5185 3763 5246 coloni,

2186 5276 2274 5344 qui
2304 5275 2356 5327 iti
2390 5275 2546 5328 terris
2589 5276 2700 5328 suis
2725 5285 3064 5329 commonent
3095 5275 3146 5329 in
3181 5275 3355 5341 lstria,
3386 5275 3762 5340 Romandiola,

2188 5381 2281 5421 seu
2306 5369 2356 5419 in
2392 5366 2872 5436 Langobardia,vel
2907 5365 3099 5434 ubique
3127 5367 3308 5434 quieto
3327 5367 3539 5419 tramite
3564 5368 3762 5429 vivere,

2191 5467 2244 5513 et
2269 5459 2503 5512 residere
2534 5458 2784 5510 debeant.
2817 5457 2981 5525 Cujus
3009 5459 3344 5526 petitionem,
3367 5457 3484 5526 ejus
3516 5459 3761 5522 servitio,

2195 5561 2248 5604 et
2301 5549 2502 5604 meritis
2559 5549 3025 5619 compellcntibus,
3052 5550 3316 5621 denegare
3355 5551 3642 5618 noluimus,
3674 5547 3765 5604 Sed

586 5663 609 5689 ⁸
671 5655 760 5710 lla:
809 5668 944 5712 nota:
998 5660 1326 5724 temporaria:
1381 5661 1623 5715 videntur
1663 5660 2067 5717 amauuensium
2107 5676 2292 5720 errore
2314 5672 2466 5716 extra
2491 5662 2735 5718 ordinem
2768 5662 2973 5733 positae.

3701 5791 3772 5803 --.ρ
