4034 6182
349 332 370 384 1
382 327 485 382 029

688 322 913 379 CODEX
954 322 1477 380 DII‘LOMATICUS.
1521 350 1585 363 ο·-
1626 316 2034 374 l'RlViLEGlA.
2077 346 2145 358 —
2184 314 2428 371 PRlViL.
2470 314 2602 371 PER
2646 312 2912 370 PARTES
2951 310 3223 367 ITALIAS.

3428 305 3570 366 itif-0'

346 460 445 513 pro
475 440 736 495 mercedis
759 450 954 493 nostrzr
984 448 1267 504 augmento
1310 438 1362 491 in
1415 434 1508 489 Dei
1561 432 1776 487 nomine
1830 430 1899 484 ita
1928 432 1977 489 Α
2004 425 2210 480 delihus
2239 425 2431 480 nostris
2455 432 2748 478 memorato
2763 423 2920 478 Petro
2939 422 3210 490 episc0po,
3241 431 3330 474 aut
3356 436 3572 476 succes-

343 534 697 597 concessisse,
728 541 782 584 et
812 531 863 583 iu
893 530 1133 583 omnibus
1186 528 1527 581 conﬁrmasse
1580 521 1900 591 cognoSt-ite,

344 635 449 676 tant
477 622 766 689 episcopia,
801 631 854 673 et
888 619 1235 677 xenodochia,
1258 615 1514 669 ecclesias
1546 612 1902 679 baptismales.

344 711 719 779 i‘rarcipicntes
777 724 905 776 ergo
951 706 1215 774 juhemus,
1248 714 1304 757 ut
1353 704 1405 757 in
1448 704 1605 768 vicis,
1630 702 1711 755 vel
1747 701 1905 768 viilis,

322 817 433 855 'SNI
494 795 684 865 rebus,
727 801 809 852 vel
858 798 1078 867 reliquis
1115 795 1439 866 quibuslibet
1485 791 1910 860 possessionibus

341 892 709 959 undecumque
742 889 984 957 praesenti
1018 896 1254 954 tempore
1303 893 1624 937 rnmnoi'atus
1678 884 1906 948 patrlar-

341 986 438 1037 clia
465 982 627 1049 juste,
655 991 705 1033 et
739 978 1119 1032 rationabiliter
1148 977 1369 1030 vestitus
1397 989 1514 1026 esse
1562 969 1905 1040 digmhcilnr,

344 1075 520 1127 nullus
546 1072 705 1141 judex
742 1070 980 1138 publicus
1008 1068 1201 1136 injuste
1230 1066 1293 1119 ad
1341 1079 1528 1118 causas
1567 1064 1908 1123 audiendum,

344 1164 427 1216 vel
470 1162 620 1216 lauda
678 1160 1019 1228 exigendum,
1053 1172 1149 1211 nec
1195 1158 1519 1215 mansiones,
1551 1167 1644 1205 Seu
1704 1158 1912 1218 paratas

344 1250 662 1317 faciendum,
691 1267 787 1305 nec
816 1252 944 1303 ullas
972 1249 1311 1303 redibitiones
1352 1245 1574 1313 injustas
1626 1243 1912 1310 requiren-

344 1341 472 1394 dum
504 1355 563 1393 se
586 1342 847 1406 ingerere,
880 1348 967 1392 aut
998 1345 1241 1391 exactare
1273 1344 1577 1404 praesumat.
1634 1332 1736 1387 Sed
1786 1332 1909 1384 dum

348 1431 637 1497 praedictus
668 1427 989 1483 Fortunatus
1038 1426 1331 1497 patriarcha
1383 1425 1664 1488 advixerit,
1694 1422 1789 1473 sub
1818 1422 1913 1474 im-

348 1518 633 1572 manitatis
664 1519 906 1584 nomine,
937 1528 1039 1571 tam
1070 1518 1202 1586 ipse,
1233 1532 1388 1584 quam
1410 1516 1528 1583 ejus
1554 1525 1910 1576 sncce~sores,

345 1618 401 1661 et
429 1608 622 1672 οωΙοιιί,
643 1624 706 1662 ac
732 1610 890 1668 servi,
911 1609 997 1675 qui
1028 1622 1188 1673 super
1217 1617 1384 1659 terras
1408 1618 1532 1657 suas
1555 1596 1913 1664 communi-ut,

346 1699 431 1751 vel
458 1699 643 1766 reliqui
672 1698 916 1751 homines
946 1700 1025 1751 sic
1054 1697 1262 1750 valeant
1290 1712 1352 1748 ex
1384 1705 1558 1747 nostra
1591 1690 1911 1761 indulgentia

2007 518 2212 570 sorihns
2239 519 2348 570 suis
2376 516 2444 568 de
2467 514 2839 582 suprascriplis
2857 512 3120 576 ecclesiis,
3138 512 3225 567 vel
3258 512 3414 567 rebus
3440 514 3565 567 inibi
3630 548 3639 573 δ

2003 607 2162 676 jnste,
2194 618 2244 659 et
2276 606 2664 660 rationabiliter
2716 605 3102 674 pertinentibus
3130 604 3445 670 inquietare,
3478 612 3571 657 aut

2007 698 2323 751 Caluinuiam
2347 711 2627 766 generare,
2660 710 2755 750 nec
2784 694 2983 762 aliquid
3006 703 3189 747 contra
3224 693 3444 747 rationis
3473 710 3573 746 or-
3638 718 3639 723 η

2008 789 2183 842 dinem
2214 804 2474 853 crescere,
2503 798 2595 842 aut
2623 789 2884 853 minuere,
2905 804 3074 855 neque
3104 788 3170 841 de
3197 786 3571 855 sttprascriptis

2010 880 2169 932 rebus
2198 877 2482 945 quidquam
2521 875 2732 931 auferre
2763 892 2969 945 quoque
3004 887 3240 944 tempore
3272 886 3575 941 pratsurnat,

2009 970 2100 1024 sed
2132 986 2222 1038 per
2249 977 2484 1022 nostrum
2540 967 2884 1032 Serenitatis,
2941 976 3100 1034 atque
3164 965 3579 1020 conﬁrmationis

2014 1075 2330 1132 praeceptum
2361 1063 2424 1114 ad
2451 1062 2623 1129 ipsum
2647 1071 2887 1114 sanctum
2919 1059 3089 1112 locum
3134 1059 3186 1111 in
3226 1058 3579 1126 cleemosyme

2014 1165 2207 1207 nostra:
2236 1154 2498 1218 simulque
2553 1152 2718 1217 Pipini
2749 1150 2962 1220 gloriosi
3004 1150 3161 1217 regis,
3184 1158 3240 1203 et
3266 1147 3359 1202 ﬁlii
3410 1149 3578 1201 nostri

2019 1244 2397 1311 perpetualiter
2427 1241 2702 1307 proﬁciant
2731 1241 2782 1292 in
2821 1239 3119 1306 augmentis
3146 1239 3377 1292 aeternis.
3410 1238 3473 1290 Et
3524 1246 3581 1289 ut

2016 1332 2127 1385 hinc
2172 1332 2457 1401 auctoritas
2491 1330 2691 1382 lirmior
2732 1327 3005 1388 habeatur.
3034 1334 3091 1379 et
3138 1327 3398 1380 diuturnis
3441 1334 3581 1378 tem-

2016 1422 2230 1490 poribus
2283 1422 2466 1475 melins
2518 1428 2883 1483 conservetur,
2938 1432 3094 1471 manu
3140 1416 3579 1485 propriasnbtns

2017 1514 2343 1564 iirmavimus
2373 1553 2387 1576 ,
2442 1519 2497 1564 et
2539 1510 2605 1564 de
2632 1509 2827 1587 annulo
2851 1518 3031 1562 nostro
3054 1505 3275 1577 sigillari
3300 1509 3578 1575 jusstmus.

2087 1601 2305 1668 Signum
2354 1600 2523 1654 Caroli
2575 1600 3058 1669 serenissimi-j-ac
3086 1600 3308 1669 piissimi
3356 1596 3586 1666 impera-

2018 1694 2173 1746 toris.

344 1790 527 1856 quieto
553 1787 762 1841 tramite
784 1789 963 1841 vivere
1002 1802 1064 1839 ac
1102 1786 1358 1847 residere,
1392 1786 1459 1837 ita
1493 1792 1551 1836 ut
1604 1782 1792 1837 melius
1836 1780 1914 1833 eis
1948 1778 1993 1836 Β
2094 1784 2276 1835 1.).ιῑιιιη
2308 1783 2491 1850 quinto
2517 1780 2723 1834 decimo
2754 1780 2874 1834 Kal.
2908 1778 3217 1834 Decembr-is
3245 1792 3386 1831 anno
3429 1778 3588 1831 tertio

345 1878 638 1931 delectetur
670 1890 765 1943 pro
788 1875 959 1940 nobis,
986 1877 1063 1929 vel
1098 1891 1190 1942 pro
1221 1874 1509 1928 stabilitate
1548 1874 1694 1939 regni
1750 1869 1913 1923 nostri

342 1967 538 2036 jugiter
570 1967 777 2019 Domini
819 1967 1234 2022 misericordiam
1282 1980 1525 2019 exorare.
1586 1964 1650 2015 Et
1698 1971 1754 2014 ut
1803 1962 1918 2014 lucc

346 2055 640 2107 auctoritas
668 2054 890 2107 ﬁrmiter
922 2054 1195 2113 habeatur,
1223 2053 1303 2105 vel
1338 2068 1430 2120 per
1460 2060 1697 2114 tempora
1728 2047 1919 2102 melius

348 2153 716 2206 conservetur,
743 2157 898 2195 manu
935 2144 1145 2209 propria
1171 2143 1357 2195 subtus
1395 2139 1748 2204 ﬁrmavimus,
1775 2144 1829 2190 et
1850 2135 1918 2190 de

346 2235 545 2288 annulo
575 2245 760 2291 nostro
798 2235 1015 2303 sigillari
1041 2233 1316 2303 iussimus.

1073 2364 1193 2420 XX.

349 2475 523 2532 Caroli
542 2472 719 2545 Magni
742 2475 965 2545 diploma
991 2492 1081 2543 pro
1102 2475 1308 2528 ecclesia
1332 2473 1560 2529 Comensi
1582 2474 1737 2543 (anno
1766 2470 1914 2539 805).

872 2604 963 2667 (Ex
994 2605 1237 2667 Ughcllio,
1260 2604 1398 2661 ibid.)

419 2705 645 2767 Carolus
671 2712 1041 2765 serenissimus
1079 2718 1329 2778 angustus
1356 2724 1387 2763 a
1436 2709 1544 2763 Deo
1596 2707 1875 2761 ordinatus
1901 2747 1916 2772 ,

347 2807 591 2875 Magnus,
616 2804 864 2874 pacificus
888 2805 1172 2871 imperator
1202 2803 1559 2856 Romanorum
1612 2803 1919 2872 gubernans

346 2897 652 2962 imperium.
685 2895 772 2962 qui
806 2904 856 2948 et
884 2909 974 2960 per
997 2893 1412 2949 misericordiam
1438 2893 1528 2948 Dei
1556 2909 1647 2949 rex
1678 2894 1918 2951 Franco-

349 3002 467 3041 rum
508 2995 561 3040 et
590 2984 1076 3053 Longobardorum.
1106 2983 1160 3037 Si
1194 2982 1532 3050 petitionibus
1553 2985 1915 3053 sacerdotum,

348 3082 430 3133 vel
463 3092 733 3132 servorum
767 3076 878 3140 Dei,
912 3076 963 3128 in
989 3090 1095 3145 quo
1143 3076 1336 3129 nostris
1387 3075 1602 3129 auribus
1655 3079 1915 3145 patelece-

2016 1869 2227 1923 Christo
2269 1872 2493 1937 prop‘tio
2534 1870 2739 1929 imperii
2779 1869 2968 1932 nostri,
3009 1879 3065 1922 et
3104 1882 3266 1921 xxxvt
3296 1867 3439 1932 regni
3483 1882 3582 1919 ito--

2014 1960 2110 2015 stri
2146 1962 2195 2013 iu
2239 1959 2479 2021 Francia,
2529 1959 2647 2014 ind.
2675 1975 2747 2023 si,
2780 1959 2807 1998 1)
2838 1974 2980 2012 anno
3036 1975 3162 2013 vero
3192 1957 3481 2011 Dominicze
3514 1959 3587 2009 iu-

2017 2050 2338 2103 carnalionis
2366 2048 2488 2103 805.

2088 2140 2274 2193 Actum
2306 2137 2689 2209 Reguntiburg,
2721 2137 2915 2207 palatio
2941 2137 3150 2206 publico
3173 2137 3224 2192 in
3249 2137 3338 2191 Dei
3374 2138 3588 2190 nomine

2018 2228 2265 2286 feliciter.
2306 2230 2495 2284 Amen.

2725 2318 2864 2374 XXI.

2022 2432 2259 2503 Diploma
2287 2431 2457 2488 Caroli
2492 2414 2701 2503 Magni,
2726 2447 2817 2498 pro
2853 2432 3157 2503 monasterio
3186 2441 3373 2486 sancta:
3401 2430 3592 2489 HJm're

2477 2505 2540 2555 de
2571 2489 2784 2571 Organa
2816 2507 2970 2570 (anno
2999 2502 3144 2569 805).

2539 2611 2630 2674 (Es
2658 2608 2900 2674 Cghellio,
2930 2612 3078 2675 ibid.)

2092 2717 2145 2772 iu
2210 2716 2421 2769 nomine
2476 2714 2680 2769 Domini
2715 2716 2884 2770 nostri
2940 2715 3067 2770 .lesu
3117 2716 3313 2770 Christi
3377 2716 3586 2771 Domini

2026 2809 2113 2863 Dei
2143 2807 2347 2868 aiterni,
2378 2806 2671 2873 imperante
2697 2804 2895 2859 deinno
2923 2803 3115 2859 Carolo
3136 2805 3464 2876 Magnoimp.
3491 2822 3587 2859 an.

2019 2913 2070 2951 tv
2099 2897 2166 2950 de
2205 2909 2388 2949 mense
2417 2894 2724 2949 Novembris
2747 2935 2761 2959 ,
2805 2894 3093 2950 indictione
3125 2911 3212 2949 xm
3241 2897 3483 2951 feliciter.
3533 2898 3590 2953 Si

2025 2998 2151 3050 erga
2172 2982 2553 3037 venerabilium
2580 2981 3006 3037 commoditatem
3028 2982 3262 3039 locorum
3287 2986 3429 3051 jnsta
3463 3001 3591 3053 pro-

2021 3074 2226 3129 visione
2254 3089 2435 3128 curam
2479 3073 2854 3143 impendimus,
2888 3074 3195 3129 etnlestihus
3223 3074 3437 3144 superni
3480 3075 3592 3129 suf-

347 3177 494 3232 runt,
520 3183 615 3238 per
642 3183 776 3222 onus
805 3176 1040 3219 nostrum
1084 3165 1372 3219 Ecclesiam
1429 3165 1785 3232 perducimus,
1815 3167 1915 3222 hoc
1942 3125 1989 3187 C
2022 3167 2177 3234 fragii
2225 3174 2442 3220 ventura
2474 3164 2706 3217 subsidia
2744 3166 2923 3233 procul
2966 3163 3127 3218 dubio
3182 3179 3478 3234 speramus.
3512 3165 3593 3218 Id-

351 3260 505 3313 nohis
537 3257 718 3326 procul
768 3256 928 3310 dubio
971 3255 1036 3308 ad
1066 3266 1316 3309 mternam
1346 3254 1722 3308 beatitudinem
1756 3256 1920 3322 perti-

351 3369 480 3408 nere
503 3352 836 3408 conﬁdimus.
869 3350 1029 3418 Igitur
1072 3357 1252 3401 notum
1300 3347 1366 3400 sit
1396 3346 1633 3400 omnium
1687 3344 1919 3400 ﬁdelium

351 3441 722 3510 magnitudini,
759 3437 1096 3507 praesentium
1128 3438 1345 3500 scilicet,
1379 3448 1431 3489 et
1467 3437 1922 3504 luturormn,qttia

350 3535 732 3589 dilectissimus
762 3532 898 3584 [ilius
925 3538 1105 3582 noster
1150 3527 1365 3597 I’ipiuus
1411 3541 1500 3580 rex
1551 3526 1921 3597 Longobardo-

352 3640 469 3679 rum
500 3623 562 3675 ad
587 3621 888 3691 petitionem
940 3619 1035 3671 viri
1091 3616 1413 3671 venerabilis
1445 3616 1583 3670 Petri
1616 3618 1642 3645 ⁸
1690 3617 1922 3684 episeopi

350 3721 549 3765 sanctzie
592 3709 931 3764 Comensinm
973 3706 1118 3760 urbis
1148 3705 1388 3760 ecclesiae
1414 3707 1682 3760 serenitati
1728 3717 1923 3762 nostra:

353 3800 525 3866 petiit,
558 3807 613 3849 ut
636 3810 821 3850 omnes
848 3796 1122 3860 ecclesias,
1152 3795 1233 3847 vel
1267 3808 1351 3847 res
1376 3795 1438 3846 ad
1471 3795 1643 3859 ipsum
1677 3804 1918 3848 sanctum

352 3891 528 3943 locum
567 3886 911 3956 pertinentes,
943 3900 1259 3954 quocunque
1314 3899 1454 3937 nunc
1513 3894 1750 3952 tempore
1804 3899 1924 3938 cum

352 3977 559 4038 ordine,
588 3976 731 4046 jnste
762 3984 817 4029 et
844 3974 1229 4028 rationabiliter
1266 3972 1542 4041 possidere
1572 3972 1801 4039 videtur,
1834 3988 1926 4041 per

354 4078 593 4121 nostrum
666 4066 994 4120 auctoritatis
1041 4072 1361 4134 praeceptum
1414 4062 1545 4118 inibi
1608 4067 1925 4119 conlirmare

354 4157 691 4220 deberemus,
719 4164 774 4209 et
803 4155 1098 4222 specialiter
1139 4154 1440 4208 tlieloneuin
1466 4154 1533 4207 de
1561 4154 1768 4209 Meauto
1795 4194 1811 4220 ,
1869 4164 1927 4209 et

353 4246 533 4313 (legis,
564 4260 683 4298 cum
714 4245 828 4311 ipso
858 4245 995 4306 loco,
1028 4254 1082 4298 et
1109 4244 1457 4298 Berinzonain
1492 4244 1720 4312 plebem,
1756 4246 1925 4298 comi-

356 4345 538 4398 tatum,
564 4335 879 4395 districtum,
904 4342 959 4386 et
1005 4334 1178 4402 ipsum
1232 4342 1457 4403 portum.
1493 4333 1558 4387 Et
1610 4334 1923 4388 comitatuin

2023 3258 2168 3312 circo
2220 3256 2589 3311 universorum
2644 3266 2842 3309 sauctm
2873 3255 2965 3310 Dei
3017 3256 3266 3311 Ecclesia;
3322 3256 3598 3323 ﬁdelium,

2027 3359 2443 3417 nostrorumque
2470 3348 2809 3415 praesentium
2833 3348 3055 3414 scilicet,
3074 3363 3136 3403 ac
3162 3350 3458 3403 futurorum
3474 3350 3593 3402 ani-

2029 3439 2328 3493 madvertat
2381 3439 2595 3494 solertia
2625 3478 2641 3503 ,
2685 3440 2914 3507 qualiter
2938 3440 3323 3495 obsecrationis
3372 3439 3602 3496 Gnadel-

2029 3528 2165 3582 berti
2195 3528 2512 3582 venerabilis
2540 3528 2743 3582 abbatis
2788 3529 3019 3584 cmnobti
3055 3529 3224 3584 beata:
3254 3530 3601 3584 illuminatio-

2028 3618 2110 3670 nis
2137 3617 2316 3670 mundi
2345 3631 2556 3685 semper
2585 3618 2802 3686 virginis
2832 3618 3033 3681 Marias,
3058 3618 3198 3687 quod
3226 3621 3387 3672 situm
3435 3630 3518 3673 est
3544 3621 3598 3674 in

2026 3707 2283 3761 suburbio
2306 3707 2623 3773 Veronensi,
2665 3708 2780 3762 loco
2826 3709 2915 3777 qui
2973 3707 3167 3762 dicitur
3201 3708 3435 3776 Organo,
3469 3724 3601 3776 prie-

2028 3802 2171 3855 clara
2198 3801 2484 3855 serenitate
2522 3800 2797 3865 faventes,
2848 3800 3189 3854 concedimus
3235 3800 3406 3855 eidem
3453 3814 3603 3854 reve~

2026 3894 2195 3948 rcndo
2221 3893 2486 3954 coenobio,
2518 3902 2574 3945 ut
2604 3907 2697 3960 per
2748 3893 2923 3944 omnia
2957 3894 3067 3946 loca
3099 3892 3197 3948 sub
3235 3892 3398 3947 nostri
3452 3893 3596 3962 regi-

2028 3983 2174 4037 mine
2204 3982 2411 4050 imperii
2439 3982 2724 4035 constituta
2756 3996 2941 4047 naves,
2972 3993 3024 4035 et
3071 3982 3304 4050 plaustra
3357 3984 3597 4051 ejusdem

2026 4070 2337 4127 monasterii
2369 4070 2534 4124 libere
2555 4082 2605 4124 et
2631 4071 2893 4138 absolute,
2936 4071 3134 4140 absque
3181 4072 3340 4126 ullius
3369 4072 3600 4143 refraga.

2029 4161 2199 4227 tione,
2229 4161 2310 4214 vel
2333 4161 2754 4215 contradictione
2781 4161 3048 4216 incedant.
3062 4160 3134 4216 lta
3159 4172 3214 4215 ut
3238 4177 3408 4230 neque
3437 4178 3599 4216 nava.

2026 4251 2095 4305 lia
2128 4250 2343 4316 telonia,
2374 4264 2495 4318 qua:
2547 4248 2797 4316 ripaticos
2827 4260 3014 4304 vocant
3041 4292 3056 4314 ,
3113 4260 3271 4319 atque
3303 4253 3596 4316 terrestria,

2027 4355 2201 4410 neque
2228 4342 2278 4393 in
2322 4338 2628 4393 transitibus
2658 4351 2952 4408 portarum,
2981 4340 3063 4393 vel
3104 4341 3279 4408 pontis
3317 4340 3464 4395 urbis
3495 4339 3599 4395 Ve-

355 4427 661 4489 Clavennie,
686 4433 741 4478 et
785 4425 995 4487 clusas,
1044 4432 1101 4478 et
1154 4435 1365 4490 pontem
1404 4422 1542 4492 juris
1591 4422 1759 4477 nostri
1804 4423 1917 4476 Cla-

2029 4447 2195 4498 ronte,
2224 4432 2310 4486 vel
2335 4429 2618 4499 cujuslibet
2645 4430 2864 4485 alterius
2891 4431 3141 4502 civitatis,
3178 4439 3271 4485 aut
3296 4431 3478 4502 oppidi
3502 4432 3601 4487 ali-

355 4531 541 4571 venna:
563 4518 768 4571 clericis
796 4518 1048 4571 Cumanis
1078 4518 1128 4570 in
1155 4516 1512 4570 canonicalem
1547 4531 1697 4568 nsum
1723 4514 1920 4583 plenis-

355 4606 489 4660 sima
518 4606 900 4661 deliberatione
920 4605 1144 4670 donare,
1170 4612 1224 4659 et
1244 4605 1559 4659 conﬁrmare
1582 4605 1920 4660 deberemus.

356 4695 519 4767 Cujus
575 4696 878 4763 petitionem
906 4696 1170 4764 dent-gare
1201 4693 1470 4748 noluimus
1500 4737 1518 4763 ,
1568 4696 1772 4748 scilicet
1825 4709 1923 4764 pro

354 4802 551 4842 aeterna
583 4787 1008 4842 remuneratione
1030 4788 1108 4840 sic
1131 4789 1182 4839 in
1205 4786 1449 4840 omnibus
1461 4786 1817 4850 concessisse,
1838 4786 1922 4842 vel

356 4876 702 4931 conﬁrmasse
727 4879 1045 4945 cognoscite.
1075 4877 1449 4945 Prmcipientes
1482 4892 1610 4947 ergo
1634 4876 1885 4947 jnhemus
1906 4914 1923 4943 ,

356 4971 496 5038 quod
525 4969 905 5038 perpetualiter
933 4983 1070 5022 circa
1095 4978 1446 5024 memoratum
1478 4980 1720 5023 sanctum
1748 4967 1922 5024 locum

355 5075 659 5115 mansurum
685 5072 805 5114 esse
835 5060 1121 5125 voluimus,
1147 5069 1206 5114 ut
1256 5062 1429 5116 nullus
1457 5061 1711 5131 quislibet
1739 5062 1806 5115 de
1854 5060 1925 5113 ﬁ-

429 5238 454 5265 ⁸
485 5235 672 5291 Petrus
703 5236 904 5304 primus
927 5234 1196 5289 Gallorum
1227 5234 1343 5296 fuit,
1396 5236 1483 5305 qui
1508 5275 1525 5299 ,
1559 5234 1777 5304 jubente
1822 5236 1925 5291 Ca.

354 5304 472 5359 rolo
524 5306 735 5374 Magno,
768 5306 833 5360 ad
883 5307 1018 5359 hanc
1067 5305 1380 5360 Comensem
1414 5304 1609 5359 sedem
1644 5307 1919 5373 pervenit,

354 5376 596 5441 ejusdem
626 5377 854 5429 civitatis
881 5377 1092 5444 politica
1118 5374 1417 5445 succinctus
1448 5384 1729 5445 potestate,
1762 5384 1921 5445 atque

354 5445 593 5498 omnium
625 5443 1018 5514 privilegidrum
1056 5443 1407 5514 ratiﬁcatione
1432 5484 1447 5507 ,
1507 5443 1925 5498 Bellesoneiisis-

353 5530 458 5583 que
485 5518 595 5585 agri
630 5512 1154 5569 iterata—donatione.
1195 5513 1333 5566 Idem
1360 5512 1647 5585 imperator
1675 5526 1927 5571 exoratus

355 5600 384 5636 a
420 5583 599 5650 l'etru,
629 5585 896 5639 canonicis
923 5584 1252 5638 Catbedralis
1283 5585 1422 5637 dedit
1451 5583 1592 5637 dono
1615 5585 1924 5639 comitatum

352 5651 635 5707 Clavenna:
694 5670 835 5707 anno
891 5653 995 5709 805
1026 5668 1096 5707 xv
1156 5652 1270 5707 Kal.
1324 5653 1660 5714 Decembris.
1720 5655 1924 5722 imperii

355 5737 498 5778 anno
527 5738 605 5779 ιιι.
640 5724 749 5781 lloc
774 5725 1006 5796 diploma
1034 5740 1097 5779 ex
1127 5723 1362 5781 archivio
1388 5722 1708 5777 catltedralis
1734 5740 1920 5781 exem-

2027 4523 2153 4593 qnid
2204 4523 2353 4585 dare,
2382 4537 2478 4576 seu
2535 4521 2838 4589 persolvere
2890 4531 3170 4591 cogantur.
3219 4522 3371 4577 Alius
3421 4534 3597 4579 autem

2027 4616 2209 4671 nullus
2235 4613 2456 4667 omnino
2485 4616 2763 4681 episcopus
2787 4652 2802 4678 ,
2850 4626 3031 4667 comes
3055 4656 3069 4679 ,
3121 4613 3205 4668 vel
3237 4614 3562 4685 guastaldius
3584 4659 3600 4683 ,

2028 4713 2119 4760 aut
2148 4701 2494 4766 aetionarius,
2521 4701 2613 4755 sed
2644 4716 2742 4756 nec
2775 4703 3028 4770 qurJibel
3079 4702 3426 4757 ecclesiastici
3456 4704 3600 4756 ordi-

2030 4796 2138 4860 nis,
2163 4808 2258 4847 seu
2282 4790 2509 4862 publica:
2539 4790 3007 4847 administrationis
3030 4807 3251 4860 persona
3281 4792 3349 4844 ab
3371 4792 3601 4845 homini-

2027 4884 2128 4940 bus
2156 4881 2394 4952 ejusdem
2423 4882 2751 4936 sacrosancti
2794 4884 3022 4936 cmuobii
3053 4880 3266 4952 exigere
3289 4895 3596 4949 praesumat.

2028 4973 2287 5028 Addimus
2308 4974 2570 5038 etiam,et
2617 4988 2710 5039 pro
2740 4973 3097 5028 stabilimenta
3144 4972 3389 5040 imperii,
3439 4980 3596 5040 atque

2029 5065 2263 5119 remedio
2283 5064 2472 5118 anima:
2507 5074 2698 5119 uostrm
2724 5065 2992 5117 sancimus
3016 5103 3031 5127 ,
3079 5072 3135 5117 ut
3165 5062 3483 5132 ubicumque
3526 5064 3593 5119 ad

2029 5242 2227 5365 plabmS'i'
2247 5247 2612 5362 izsindictionis
2627 5318 2844 5373 numero
2855 5317 3005 5357 error
3018 5317 3121 5355 non
3149 5319 3213 5358 cu
3222 5303 3328 5367 bat,
3352 5312 3409 5356 nt
3424 5318 3521 5369 pro
3540 5318 3593 5358 ιιι

2027 5378 2362 5434 scribendum
2386 5377 2454 5430 sit
2477 5391 2553 5428 stt
2572 5375 2622 5428 in
2650 5377 2751 5427 hoc
2763 5373 3369 5441 diplomateindictimis
3385 5374 3593 5427 initimn

2030 5466 2133 5504 non
2162 5448 2390 5503 smnitur
2417 5461 2445 5498 a
2475 5444 2723 5499 Kalendis
2751 5444 3103 5512 Septembris.
3138 5445 3333 5499 Locum
3366 5458 3514 5504 vero,
3545 5445 3596 5497 in

2028 5535 2132 5587 quo
2159 5518 2338 5571 datum
2360 5525 2442 5587 est
2467 5514 2720 5587 diploma,
2745 5512 3097 5587 Reguntiliitrg
3120 5514 3460 5587 appellatum,
3479 5528 3598 5587 qme
3627 5568 3633 5573 ,

2031 5583 2384 5641 nomenclatio
2422 5586 2473 5638 in
2527 5584 2721 5638 tabulis
2760 5583 3124 5652 geographicis
3160 5583 3358 5638 'nnllibi
3391 5583 3595 5647 reperi-

2030 5667 2136 5721 tur,
2169 5656 2538 5717 Ratisbonam,
2568 5670 2686 5720 mia:
2710 5663 2764 5723 et
2794 5655 2949 5711 hodie
2977 5668 3006 5706 a
3050 5652 3327 5710 Germanis
3356 5652 3593 5723 [legens-

2031 5744 2163 5798 purg
2192 5726 2468 5793 vocitatur,
2499 5738 2619 5780 esse
2639 5722 2856 5792 conjicit
2884 5723 3090 5779 'l‘attus.
