4034 6182
522 264 649 322 1051

1413 256 1474 309 Β.
1516 253 1767 309 CAltOLI
1810 251 2022 308 MAGNI
2068 251 2219 307 OPP.
2263 252 2439 309 PARS
2474 253 2513 319 l,
2554 249 2796 307 SECTIO
2837 252 2900 304 ll.

3626 266 3729 325 103?.

520 378 799 449 prtelatum
825 372 1021 444 aliquid
1045 371 1276 442 pertinet
1298 370 1706 430 monasterium.
1727 372 1845 426 sive
1873 372 1926 425 in
1958 387 2109 426 mou-
2137 374 2186 433 Α
2215 373 2291 427 fra
2323 375 2439 442 ejus
2486 389 2641 444 aqua.
2697 372 2982 428 Praefatum
3029 380 3282 437 montem,
3322 375 3407 443 qui
3442 388 3632 434 vet-amr
3657 387 3730 439 cr-

521 471 683 534 tibus,
710 482 803 522 seu
847 468 898 520 in
929 463 1246 534 plauitiebus
1272 462 1562 516 secundum
1603 463 1775 531 legum
1810 464 2111 531 promulga-

523 562 692 614 tioues
723 559 1108 617 Romanarum,
1144 556 1188 608 si
1229 555 1483 624 quaelibet
1508 553 1630 608 inde
1664 555 1916 622 particula
1956 555 2113 608 diuti-

525 660 650 703 ttttta
689 647 868 708 luerit,
901 645 1220 713 requiratur,
1256 645 1323 697 ita
1358 654 1411 696 ut
1458 660 1551 710 per
1577 645 1779 697 circum
1835 656 2112 698 manentes

527 740 648 792 boni
679 735 990 801 testimonii,
1022 735 1281 803 boumque
1335 733 1491 788 fama:
1542 735 1786 788 homines
1843 734 2113 802 inquisitio

527 830 594 884 de
619 829 778 882 rebus
809 826 1047 894 ejusdem
1076 825 1166 877 fiat
1193 824 1443 889 connubii,
1474 825 1658 893 sicque
1697 825 1761 876 ad
1791 823 1902 894 jus,
1936 835 1988 878 et
2018 825 2114 877 do-

528 919 772 981 minium,
798 929 958 988 atque
981 918 1374 984 possessionem
1401 926 1708 984 perpetuam
1735 918 1900 985 ipsius
1932 932 2116 970 mona-

529 1009 706 1064 sterii
739 1005 1531 1063 devolvatur.l’errnutationes
1583 1020 1710 1058 vero
1761 1005 2114 1059 imtuobiliutn

529 1115 708 1156 rerum
737 1099 974 1168 ejusdem
1005 1097 1338 1161 monasterii,
1365 1113 1482 1166 quae
1503 1097 1654 1151 facta:
1682 1106 1828 1162 sunt,
1864 1107 1968 1150 tam
1995 1113 2115 1152 cum

530 1192 742 1260 prmdiis
772 1190 1047 1259 potestatis
1077 1197 1276 1243 nostra:
1303 1203 1459 1257 quam
1493 1203 1614 1241 cum
1645 1188 1764 1241 aliis
1787 1189 2116 1254 hominibus,

528 1283 596 1336 ita
630 1283 831 1348 lirmas,
860 1291 914 1333 et
939 1280 1159 1334 stabiles
1190 1279 1498 1346 perenniter
1529 1276 1644 1332 fore
1667 1279 2027 1344 decernimus,
2058 1293 2122 1333 ac

529 1374 573 1426 si
599 1373 665 1425 ab
687 1371 838 1425 initio
853 1370 1249 1424 constitutionis
1279 1370 1416 1437 ejus,
1437 1370 1565 1437 ipsa:
1597 1384 1683 1422 res
1709 1369 1880 1422 cidem
1911 1370 2121 1424 collatae

530 1460 755 1515 fuissent
782 1460 1050 1514 coenobio.
1106 1457 1161 1512 Si
1191 1458 1312 1527 quis
1371 1457 1528 1526 igitur
1575 1458 1893 1510 temerarius
1923 1458 2121 1525 aliquid

528 1564 714 1605 contra
750 1551 904 1619 hujus
937 1557 1133 1602 nostra:
1163 1547 1457 1602 sattctiouis
1501 1547 1881 1616 pragmaticum
1913 1548 2122 1601 machi-

532 1643 682 1705 nari,
716 1641 799 1694 vel
857 1655 1112 1709 peragere
1161 1639 1582 1708 prtcsumpserit,
1613 1638 1746 1691 sciat
1789 1653 1848 1692 se
1903 1655 2006 1692 xxx
2050 1638 2116 1692 li-

2213 463 2365 527 lium,
2395 473 2447 517 ct
2475 463 2726 528 Jannuti;
2777 463 2925 528 item,
2974 467 3028 516 ct
3074 472 3328 528 castrum,
3383 468 3514 534 quod
3560 485 3730 527 vocatur

2215 556 2498 621 Orbitello,
2533 570 2652 609 cum
2681 553 2909 624 stagnio,
2945 563 2999 608 et
3028 552 3253 624 piscaria
3279 555 3424 624 juxta
3453 574 3525 620 se.
3563 574 3609 616 et
3639 580 3730 622 cunt

2215 664 2315 703 suo
2345 649 2535 711 saliue,
2563 648 2644 702 vel
2671 663 2792 702 cum
2826 648 3070 702 omnibus
3095 649 3205 702 suis
3251 653 3585 718 pertinentiis.
3613 658 3728 726 Itetu,

2216 751 2271 796 et
2299 741 2606 808 Maxiliauo,
2632 755 2754 795 cum
2795 741 3050 795 omnibus
3076 744 3187 796 suis
3218 745 3555 812 pertinentiis,
3584 751 3731 807 simili-

2219 840 2320 898 ter,
2345 841 2399 885 et
2428 842 2689 895 montem,
2713 832 2801 900 qui
2836 842 3054 888 vocatur
3085 833 3226 901 Euti,
3256 851 3370 888 cum
3413 839 3629 895 omnibus
3652 849 3731 899 suis

2221 926 2580 994 pertinentiis,
2613 926 2702 993 qui
2730 935 2812 979 est
2843 927 2982 980 inter
3017 925 3211 981 affines
3237 930 3301 981 ad
3335 938 3487 984 totam
3511 933 3731 989 civitatem

2221 1017 2517 1085 prmlatam.
2549 1017 2592 1070 A
2621 1018 2789 1085 primo
2819 1017 2987 1072 latere
3009 1026 3092 1071 est
3114 1035 3261 1073 mare
3284 1035 3534 1090 magnum,
3559 1036 3604 1078 et
3631 1027 3731 1081 infra

2221 1124 2351 1162 vero
2400 1122 2566 1177 aquas
2619 1108 2802 1172 maris,
2857 1123 2976 1174 qum
3027 1118 3153 1162 sunt
3195 1110 3430 1165 milliaria
3476 1125 3733 1180 ceutum.et

2223 1208 2458 1253 montem
2491 1199 2652 1256 Cilio.
2680 1207 2733 1252 et
2761 1209 3020 1264 montem,
3054 1199 3142 1266 qui
3179 1212 3397 1255 vocatur
3423 1201 3734 1274 Jaunuti,qug

2222 1289 2507 1358 suutjuris
2539 1289 2741 1356 praefati
2789 1275 2950 1343 vestri
3000 1292 3334 1356 monasterii,
3383 1303 3435 1346 et
3478 1310 3504 1346 a
3547 1302 3730 1350 secando

2222 1381 2394 1441 latere
2421 1391 2502 1435 est
2532 1381 2744 1443 fluvius,
2778 1382 2866 1450 qui
2914 1391 3138 1436 vocatur
3197 1383 3430 1446 Alvenia.
3460 1394 3508 1438 et
3551 1403 3574 1437 a
3621 1393 3734 1443 lcrlio

2223 1487 2354 1527 vero
2383 1473 2547 1526 latere
2587 1473 2759 1541 pergit
2787 1487 2942 1541 aqua,
2974 1486 3093 1540 quae
3122 1473 3315 1527 dicitur
3357 1476 3492 1542 Elza,
3519 1489 3564 1531 et
3582 1478 3731 1535 deinde

2225 1567 2403 1636 pergit
2440 1580 2608 1632 usque
2634 1565 2698 1618 ad
2746 1565 2942 1629 locum,
2975 1567 3062 1633 qui
3116 1578 3333 1620 vocatur
3379 1568 3605 1637 Serpcua,
3642 1585 3682 1625 et
3714 1589 3735 1626 a

2226 1665 2418 1721 quarto
2449 1656 2614 1708 latere
2643 1654 2797 1708 sicuti
2830 1655 3006 1708 evenit
3037 1670 3136 1723 per
3161 1655 3415 1724 Serpena,
3437 1668 3486 1713 et
3511 1663 3649 1729 pergit
3669 1680 3736 1729 per

533 1734 748 1790 brarum
777 1729 1173 1785 communitatis
1205 1739 1399 1782 nostra:
1431 1743 1642 1796 pmoam
1674 1729 2069 1796 persoluturum
2099 1769 2115 1795 ,
2158 1719 2204 1779 Β
2231 1719 2419 1813 pedem
2462 1745 2658 1798 ηιοηιίε
2701 1743 2909 1810 Arsitii,
2949 1754 3005 1798 et
3032 1719 3181 1798 vadit
3214 1719 3304 1813 per
3345 1719 3521 1814 piscia,
3552 1719 3612 1803 etv
3629 1719 3737 1805 venit

533 1823 872 1879 medietatem
917 1822 1049 1890 parti
1083 1819 1258 1889 palatii
1291 1822 1455 1873 nostri
1480 1829 1534 1873 et
1579 1820 1919 1874 medietatem
1945 1833 2118 1888 saepe-

531 1913 675 1968 dicto
704 1921 890 1966 sancto
920 1910 1189 1966 emnobio.
1221 1909 1290 1962 Et
1318 1921 1374 1962 ut
1402 1910 1602 1964 certius
1630 1909 1898 1975 credatur,
1931 1924 2025 1964 seu
2054 1911 2122 1964 ab

532 2001 779 2057 omnibus
830 1998 1209 2054 inviolabiliter
1256 1999 1615 2066 observetur,
1672 1998 1874 2054 annulo
1932 2009 2118 2056 nostro

533 2093 718 2148 subter
739 2091 1108 2160 sigillavitnus.
1566 2095 1571 2099 ’

604 2185 848 2251 Signum.

1247 2269 1414 2326 XXII.

539 2390 565 2418 ⁸
592 2383 839 2456 Diploma
877 2385 908 2424 ιι
943 2382 1113 2456 Carin
1145 2381 1327 2452 Magni
1351 2392 1400 2456 et
1432 2380 1616 2436 Leonis
1657 2379 1762 2456 _Il_l
1812 2397 1907 2450 pro
1951 2399 2129 2438 mona-

853 2457 1009 2509 sterio
1034 2443 1448 2521 Triumpvomium
1469 2466 1628 2522 (auito
1650 2453 1801 2521 805).

954 2565 1048 2627 (Ex
1078 2563 1324 2626 Ughellio,
1350 2562 1490 2613 Italia
1516 2563 1708 2625 Sacra.)

614 2674 668 2728 In
708 2671 927 2728 nomine
957 2670 1165 2724 Domini
1215 2668 1312 2722 Dei
1361 2666 1654 2724 Salvatoris
1706 2667 1873 2723 nostri
1903 2664 2123 2723 Christi.

539 2767 650 2822 Leo
673 2767 976 2836 episcopus,
1002 2777 1186 2816 servus
1211 2776 1486 2815 servorum
1522 2760 1633 2827 Dei,
1669 2768 1725 2813 et
1749 2757 1976 2814 Carolus
2002 2758 2119 2814 Ma-

540 2871 678 2926 gnus
707 2865 763 2910 et
807 2855 936 2909 Pius
973 2867 1088 2916 rex,
1143 2851 1244 2906 hac
1285 2852 1392 2915 die,
1444 2851 1590 2904 nullo
1647 2851 1981 2917 prohibente,
2029 2864 2129 2904 nec

541 2948 964 3011 contradicente,
997 2945 1092 2999 sed
1144 2944 1357 3012 propria
1406 2955 1588 2996 misrra
1637 2943 1910 2997 voluntate
1938 2957 2131 2997 conce-

2223 1836 2276 1891 in
2307 1834 2600 1902 Buranum,
2632 1844 2687 1889 et
2712 1835 2865 1889 sicuti
2896 1837 3076 1890 evenit
3105 1852 3200 1904 per
3235 1837 3496 1904 Duratium,
3533 1851 3578 1894 et
3596 1858 3734 1896 rever-

2221 1913 2358 2013 titur
2404 1943 2572 1997 usque
2626 1927 2692 1981 ad
2737 1927 3011 1997 praefatum
3057 1944 3209 1984 mare
3251 1945 3495 1999 magnum,
3528 1935 3675 1986 omnia
3699 1935 3736 1988 iu

2221 2017 2334 2074 lam
2363 2018 2493 2074 dicti
2534 2021 2698 2074 vesui
2738 2019 2910 2074 sancti
2939 2021 3258 2075 monasterii
3287 2021 3414 2089 juris
3440 2025 3737 2092 concedimus,

2225 2122 2280 2169 et
2302 2109 2720 2168 irrevocabiliter
2745 2112 3027 2179 tradimus,
3055 2115 3150 2183 qui
3190 2125 3315 2170 sunt
3341 2119 3589 2182 montibus,
3612 2121 3737 2171 colli-

2226 2207 2351 2273 bus,
2385 2207 2556 2277 plagis
2587 2215 2638 2262 et
2671 2206 2907 2275 planitiis
2955 2207 3094 2270 suis,
3140 2209 3324 2275 pratis,
3367 2211 3568 2278 pascuis,
3600 2212 3732 2273 silvis,

2228 2299 2500 2368 pantanis,
2535 2298 2730 2366 puteis,
2765 2296 3022 2364 fontibus,
3057 2297 3196 2352 rivis
3225 2313 3371 2369 aqua:
3399 2301 3567 2370 plenis,
3600 2312 3644 2355 et
3667 2317 3735 2368 pa-

2228 2389 2436 2445 rietinis
2462 2389 2713 2458 actiguis,
2754 2397 2812 2444 et
2841 2390 3032 2455 vineis,
3079 2391 3172 2444 vel
3201 2405 3320 2445 cum
3357 2392 3488 2447 omni
3521 2406 3597 2446 sua
3623 2393 3731 2446 utili-

2231 2489 2363 2548 tate,
2393 2491 2447 2536 et
2477 2497 2599 2548 usu,
2626 2480 2712 2536 vel
2741 2479 3098 2555 pertinentiis,
3131 2491 3186 2537 et
3226 2484 3431 2551 insuper
3458 2485 3730 2538 concedimus

2230 2573 2326 2627 tibi
2359 2571 2584 2641 prmfate
2616 2578 2820 2641 martyr
2847 2569 3045 2626 Christi
3075 2573 3330 2627 Anastaxi
3359 2575 3546 2643 tuisque
3570 2589 3734 2627 succes-

2228 2664 2438 2722 soribus
2470 2663 2521 2716 in
2573 2677 2888 2732 perpetuum
2936 2676 3134 2716 omnes
3185 2664 3448 2728 ecclesias,
3490 2679 3598 2732 quas
3635 2663 3733 2716 infra

2229 2753 2542 2808 Comitaturn
2589 2762 2642 2807 et
2685 2752 3111 2822 assignationem
3163 2752 3320 2823 hujus
3368 2754 3589 2808 territorii
3629 2762 3730 2814 sunt,

2233 2845 2318 2900 vel
2351 2859 2515 2912 usque
2546 2844 2597 2898 in
2631 2844 2789 2898 linem
2821 2843 3003 2898 mundi
3037 2854 3236 2910 erunt;
3270 2848 3341 2900 uti
3385 2846 3556 2902 exinde
3583 2847 3732 2901 faciatis

2232 2937 2585 3006 quodcunque
2625 2937 2902 2991 volueritis
2949 2951 3084 3002 vos,
3132 2949 3186 2993 et
3233 2940 3502 3011 servitores
3533 2939 3660 2994 vestri
3697 2939 3732 2991 in

541 3043 738 3107 dimus,
767 3041 1047 3102 tradimus,
1083 3047 1138 3092 et
1163 3052 1256 3106 per
1289 3038 1531 3106 paginam
1560 3050 1775 3090 arream.
1809 3035 2128 3089 Exauratam
2160 3069 2206 3132 Ο
2237 3037 2551 3098 perpetuum
2581 3028 2827 3097 ponendo
2867 3041 3138 3096 rectores,
3169 3032 3469 3100 dejiciendo,
3507 3048 3585 3100 pro
3618 3033 3732 3087 meri-

541 3136 595 3191 in
642 3143 954 3206 perpetuum
1001 3131 1265 3186 donamus
1314 3128 1429 3192 tibi,
1483 3129 1636 3182 beate
1693 3137 1895 3198 martyr
1933 3126 2134 3181 Christi

543 3224 818 3289 Anastaxi,
847 3231 904 3277 ut
951 3234 1049 3290 pro
1097 3229 1168 3283 te,
1221 3229 1417 3287 tuoque
1472 3219 1823 3282 monasterio,
1877 3217 2017 3286 quod
2051 3229 2136 3271 est

547 3314 782 3385 positum
828 3312 895 3365 ad
928 3311 1131 3378 Aquam
1162 3309 1419 3374 Salviatn,
1451 3309 1501 3362 id
1531 3317 1636 3372 cst,
1685 3317 1872 3376 totam,
1903 3318 1957 3362 et
2000 3310 2137 3363 inte-

546 3423 691 3476 grain
717 3405 1010 3466 civitatem,
1041 3417 1160 3472 qua:
1189 3402 1255 3456 ab
1286 3402 1537 3456 onmibus
1576 3411 1800 3454 vocatur
1844 3399 2137 3454 Ausidonia

547 3499 759 3554 insimul
790 3513 909 3551 cum
945 3503 1100 3564 pcrtu
1132 3495 1218 3563 qui
1248 3505 1471 3547 vocatur
1503 3492 1743 3554 Daenilia,
1776 3491 1904 3545 item
1931 3501 1985 3544 ct
2015 3504 2138 3557 por-

549 3598 685 3652 tum,
715 3588 806 3656 qui
831 3586 1026 3640 dicitur
1049 3583 1293 3648 Herculi,
1340 3598 1569 3646 necnon,
1603 3591 1656 3634 et
1685 3590 1918 3634 montem
1945 3590 2135 3644 totum,

552 3679 640 3745 qui
675 3686 897 3730 vocatur
920 3675 1136 3740 Citium,
1184 3673 1320 3727 infra
1360 3687 1508 3728 mare
1554 3671 1798 3726 milliaria
1827 3680 2064 3735 centum,
2087 3680 2142 3725 et

553 3779 789 3823 montem
820 3767 911 3836 qui
940 3774 1160 3820 vocatur
1203 3769 1444 3830 Jannutt,
1490 3773 1545 3818 et
1575 3773 1744 3817 totum
1787 3772 2020 3817 montem
2052 3762 2140 3832 qui

554 3868 780 3912 vocatur
820 3855 1196 3926 Argentarium
1251 3853 1465 3908 insimul
1520 3867 1643 3908 cum
1679 3867 1828 3909 mare
1878 3853 2030 3923 juxta
2084 3868 2143 3908 se

555 3951 837 4006 habentem
864 3947 1110 4003 milliaria
1138 3955 1356 4002 centum
1389 3944 1526 4000 infra
1560 3944 1801 4014 pelagus,
1835 3945 1926 4013 qui
1948 3954 2030 3998 est
2063 3943 2139 3997 in-

631 4139 657 4166 ιι
702 4143 721 4176 ε
749 4125 806 4179 ln
833 4123 1050 4178 nomine
1085 4120 1314 4188 Domini,
1345 4121 1536 4176 Amen.
1573 4121 1683 4174 lloc
1705 4121 2142 4187 estexemplum,

559 4213 654 4252 seu
687 4204 1078 4263 trausumptum
1108 4193 1386 4261 cujusdam
1428 4193 1710 4263 scripturae
1744 4206 1835 4245 seu
1885 4193 2143 4261 privilegii

559 4262 1018 4320 concessionisret
1052 4265 1356 4316 donationis
1405 4262 1870 4328 infrascriptorutn
1915 4263 2143 4315 sitorum

562 4343 614 4391 in
641 4336 865 4403 quadam
901 4335 1078 4388 tabula
1102 4348 1250 4388 aenea
1280 4335 1517 4398 inventa,
1542 4341 1595 4385 et
1626 4341 1838 4403 reperta
1857 4334 1916 4403 _in
1942 4333 2146 4399 scripto

2241 3122 2310 3175 tis
2355 3136 2448 3175 eos
2481 3122 2704 3175 cler'cos
2751 3121 2982 3188 mittere,
3031 3133 3087 3177 et
3135 3125 3201 3176 ad
3247 3135 3459 3178 vestram
3513 3123 3730 3177 utilitatem

2238 3214 2384 3268 omni
2436 3223 2677 3280 tempore
2721 3223 2926 3278 tenere,
2981 3222 3038 3267 et
3095 3215 3269 3268 nullus
3315 3216 3459 3279 alius,
3511 3215 3594 3268 nisi
3631 3213 3732 3266 solus

2239 3320 2482 3360 summus
2536 3301 2798 3372 pontifex,
2839 3317 2893 3358 et
2941 3304 2992 3357 in
3055 3308 3286 3374 praefatis
3326 3306 3543 3360 ecclesiis
3575 3302 3732 3358 interdi-

2238 3409 2383 3454 ctum
2408 3413 2633 3466 ponere,
2665 3398 2747 3451 vel
2787 3397 3014 3466 aliquem
3049 3398 3302 3454 clericum
3334 3399 3731 3458 excommuniearc,

2241 3489 2342 3544 nisi
2383 3498 2558 3543 rector
2585 3486 2697 3557 jatn
2738 3488 2895 3541 dicta:
2924 3491 3171 3544 ecclesia}
3213 3492 3377 3544 sancti
3417 3489 3731 3554 Anastaxipos-

2240 3581 2333 3649 sit,
2375 3589 2430 3633 ct
2462 3579 2589 3635 nulli
2623 3581 2823 3634 licitum
2874 3581 2944 3634 sit
3000 3580 3139 3634 infra
3195 3585 3436 3636 terminos
3477 3591 3729 3640 construere,

2241 3671 2326 3725 vel
2357 3671 2628 3726 aediﬁcare
2659 3671 2758 3724 nisi
2792 3686 2884 3738 pro
2928 3672 3209 3726 voluntate
3249 3673 3444 3726 abbatis
3470 3671 3607 3726 sancti
3629 3670 3729 3722 Aua-

2243 3765 2405 3830 staxi,
2435 3765 2869 3820 consecratioues
2915 3767 3192 3828 altarium.
3241 3767 3479 3829 chrisma,
3516 3759 3733 3814 onliuatio-

2244 3869 2340 3910 nes
2365 3857 2432 3910 de
2461 3854 2672 3909 clericis
2715 3857 2910 3909 vestris
2951 3857 3145 3924 petatis
3183 3857 3250 3910 ab
3289 3856 3517 3924 episcopo
3540 3853 3730 3904 diter-exa-

2245 3964 2334 4016 no,
2367 3950 2410 4006 si
2441 3953 2630 4020 gratis,
2657 3959 2711 4004 et
2740 3950 2939 4018 absque
2962 3950 3070 4003 ulla
3115 3949 3374 4003 calumnia
3402 3948 3512 4000 dare
3545 3937 3728 3998 voluerit,

2246 4141 2399 4196 papae
2429 4126 2795 4188 donationem,
2846 4141 3169 4193 causamque
3208 4125 3451 4194 expressit
3506 4114 3733 4196 Alexander

2247 4188 2400 4250 iV'in
2447 4197 2722 4265 privilegio
2751 4197 2924 4268 eidem
2959 4188 3291 4268 nmnasterio
3314 4188 3734 4268 concessozaleritis

2249 4259 2481 4333 namque
2513 4275 2586 4338 et
2627 4259 2828 4338 auxilio
2869 4267 3038 4320 sancti
3083 4269 3330 4337 martyris
3360 4259 3602 4338 Anastasii.
3627 4259 3731 4338 cujus

2249 4325 2421 4391 sacra:
2450 4325 2904 4404 reliqttiteibidem
2935 4325 3300 4396 asservarttur,
3345 4337 3538 4399 solaque
3555 4325 3727 4400 ejusdem

562 4400 888 4483 monasterio
912 4408 1080 4483 sancti
1124 4405 1388 4483 (Anastasii
1420 4400 1955 4483 ad.aqttas.Salvias,
1980 4417 2145 4483 prope
2173 4423 2225 4483 ο
2249 4409 2418 4461 sancti
2449 4400 3380 4483 capitis_os_teusioue,_Apsedoniam
3409 4404 3606 4455 'I‘Ituscie
3623 4407 3722 4483 erit:

565 4477 752 4530 urbem
781 4475 886 4530 sito
915 4476 967 4528 in
1009 4475 1252 4529 sacristia
1293 4483 1348 4526 et
1393 4473 1612 4526 archivo
1659 4471 1786 4526 dieti
1829 4475 2144 4527 monasterii

561 4545 716 4616 juxta
744 4545 934 4616 altare,
963 4555 1017 4598 et
1051 4559 1155 4616 per:
1169 4560 1253 4616 me
1280 4543 1569 4616 Antonium
1603 4539 1776 4616 Goioli
1806 4541 1950 4616 Petri
1971 4543 2146 4616 Sirete

566 4611 739 4669 civem
771 4611 1088 4676 Romanum,
1126 4613 1219 4666 Dei
1268 4613 1436 4679 gratia
1491 4613 1782 4679 apostolica
1826 4611 2145 4668 auctoritate

567 4684 831 4738 notarium
874 4683 1141 4746 publicum
1196 4681 1595 4748 infrascriptutn
1657 4684 2038 4750 exemplatum,
2093 4693 2149 4739 et

569 4756 790 4812 feliciter
815 4753 1191 4818 transcriptum
1223 4752 1290 4805 ale
1318 4753 1482 4804 verbo
1509 4753 1572 4803 ad
1606 4754 1849 4816 verbum,
1881 4762 1935 4806 et
1961 4768 2146 4807 coram

570 4823 867 4882 reverenda
904 4822 1102 4878 Jacobo
1146 4822 1240 4876 Dei
1286 4823 1456 4891 gratia
1497 4822 1750 4891 episcopo
1804 4823 2048 4888 Aretino,
2097 4832 2152 4877 et

570 4897 771 4950 domini
816 4894 982 4948 nostri
1021 4906 1170 4961 papa:
1220 4895 1272 4946 in
1297 4890 1453 4945 alma
1510 4891 1676 4956 Urbe,
1707 4890 1930 4958 ejusque
1958 4896 2152 4944 subur-

571 4967 693 5029 biis,
719 4976 772 5020 et
799 4964 914 5032 ejus
941 4965 1186 5017 districtu
1234 4962 1457 5032 vicario,
1507 4974 1603 5032 seu
1643 4962 2013 5032 commissario
2056 4977 2150 5030 ge-

572 5037 759 5099 nerali,
798 5031 854 5088 ct
881 5034 1236 5102 intrascripth
1279 5031 1468 5102 Joanni
1517 5031 1791 5095 Stephano
1822 5031 2147 5096 Mafl'arouis,

572 5107 778 5160 Joanne
815 5105 963 5158 l’auli
1013 5101 1208 5169 Alictii,
1255 5113 1307 5156 et
1349 5101 1492 5156 dicto
1543 5102 1700 5155 Petro
1747 5102 1902 5156 Berte
1949 5104 2154 5157 civilius

577 5175 848 5239 Romanis,
888 5175 1070 5242 primis
1098 5174 1320 5227 notariis
1346 5172 1675 5242 apostolicis,
1716 5183 1770 5226 et
1799 5174 2024 5226 teStibus
2065 5173 2154 5227 lit-

578 5248 783 5307 teratis,
825 5259 921 5312 per
969 5259 1053 5297 me
1103 5245 1387 5298 Antonium
1437 5243 1705 5297 notarium
1758 5242 2152 5309 infrascriptum

577 5330 760 5371 coram
789 5317 868 5369 eis
897 5315 1113 5379 lectum,
1159 5324 1214 5368 et
1261 5313 1546 5381 diligenter
1576 5313 1932 5367 auscultatutn
1959 5330 1970 5365 :
2002 5313 2154 5380 cujus

579 5387 788 5453 quidem
819 5386 1116 5452 scripturae,
1141 5398 1232 5437 seu
1263 5382 1524 5453 privilegii
1557 5383 1948 5449 cuneossioms,
1977 5393 2032 5437 et
2061 5388 2157 5436 do-

583 5452 810 5508 nationis
834 5465 989 5508 tenor
1013 5469 1106 5521 per
1135 5455 1314 5508 omnia
1339 5462 1423 5507 est
1455 5452 1600 5507 talis.
1636 5471 1656 5504 ι

654 5525 680 5564 δ
715 5525 957 5580 Nobilem
986 5527 1128 5583 hanc
1150 5522 1329 5579 Caroli
1363 5523 1723 5592 imperatoris,
1758 5522 2058 5592 Leonisque
2087 5523 2156 5578 lll

2257 4485 2421 4531 tatem
2457 4462 2883 4543 antiquissimam
2915 4462 3300 4530 ab'ini'tdclibus
3325 4462 3728 4543 occumtatn,‘ide‘tn

2253 4549 2368 4616 ipse
2403 4533 2650 4610 Carolus,
2701 4547 2914 4615 Leoqtte
2947 4546 3182 4614 pontifex
3223 4533 3733 4616 expugnarunt,.fttttdi:

2256 4613 2445 4685 (usque
2476 4613 2878 4677 destruxeruu’t.
2911 4613 3126 4684 propter
3153 4619 3289 4684 quod
3320 4615 3380 4666 ad
3416 4613 3734 4685 tanttetit'ptlf

2256 4673 2668 4759 perennitatem,
2700 4673 2942 4759 ecclesia;
2973 4673 3211 4759 praedic-ti
3259 4695 3506 4759 martyris,
3534 4673 3732 4759 p’ralatant

2255 4752 2552 4826 civitatem,
2585 4768 2818 4812 Castrum
2850 4752 3128 4820 Orbetelli,
3157 4767 3360 4824 portmn
3390 4752 3607 4807 Herculis,
3627 4753 3731 4826 mox:

2255 4837 2362 4884 tem
2397 4813 2796 4898 Argentarium,
2849 4827 3074 4880 insulam
3117 4813 3273 4887 'ti'ilii,
3307 4827 3493 4898 aliaque
3523 4813 3735 4898 castra}

2254 4898 2447 4968 oppida
2474 4893 2809 4962 obtulerunt,
2840 4900 3084 4964 donoQue
3115 4897 3372 4968 dederunt
3398 4897 3444 4944 in
3473 4893 3732 4968 Ρντβ⁴⁵Ψ¹ΫΪΪ⁸

2254 4961 2564 5024 Ᾰιὶεἱαοηίειξ
2603 4961 2938 5038 expugnatae,
2965 4961 3139 5021 Caroli
3184 4966 3463 5038 Leonisqtt_e
3498 4961 3735 5038 93W"???

2255 5041 2412 5105 tium,
2444 5055 2508 5094 ac
2536 5041 2586 5092 itt
2618 5031 2857 5093 sanctum
2892 5049 3177 5108 martyrem
3211 5037 3382 5090 nobile
3424 5031 3595 5084 facinus
3616 5031 3737 5108 litt-ll":

2261 5089 2506 5165 cillovad'
2531 5089 3230 5164 vivumvanitﬁeqltiilaanuos
3279 5112 3572 5172 expressiuu,
3610 5089 3736 5172 adiri?

2263 5182 2341 5250 (a)
2375 5183 2564 5234 visitur
2593 5184 2690 5234 sub
2729 5181 2932 5248 porticu
2963 5178 3201 5248 ejusdem
3232 5164 3734 5250 mai-1y.isna-tlis‘exg:

2265 5226 2340 5250 ν’]
2385 5226 2551 5234 ἠ’-’τ’
2593 5226 2688 5234 ἠν-ι
2731 5226 2932 5248 ιμ’-ντ-
2967 5226 3011 5248 Ἴ
3039 5226 3201 5232 -ν-τ---
3244 5226 3268 5228 νν
3375 5226 3392 5241 ι
3609 5245 3620 5253 ,
3728 5226 3733 5228 -

2265 5253 2449 5306 urbem
2478 5251 2542 5304 ad
2577 5253 2754 5316 Aquas
2783 5251 3013 5315 Salvius,
3045 5265 3138 5302 seu
3180 5247 3242 5299 atl
3292 5242 3415 5296 Tres
3463 5237 3646 5316 Foltlfbr

2262 5324 2534 5400 antiquum
2559 5305 3386 5408 Cis'tcrciensium'monaclmrtu'n

2263 5374 2574 5458 stat,‘cujus
2606 5374 2768 5458 nunc,
2799 5406 3115 5462 quamquam
3147 5385 3403 5450 immeriti,
3431 5379 3603 5433 abbatis
3627 5374 3734 5417 nullo

2266 5463 2558 5532 fungimur.
3295 5465 3308 5470 ’

655 5657 732 5727 (a)
771 5657 893 5712 l‘oSt
927 5657 1151 5726 llgltcllii
1181 5655 1382 5710 obitum
1431 5657 1643 5712 vecordi
1693 5657 1814 5714 albo
1861 5658 2095 5715 deletum
2127 5658 2244 5714 fuit.
2289 5657 2418 5714 Luc.
