4034 6182
308 283 446 341 10δῦ

621 287 852 345 CODEX
893 289 1417 352 DIPLOMATICUS.
1460 327 1530 341 -—
1569 293 1974 356 PRIVILEGIA.
2001 329 2069 339 —-
2099 300 2162 354 Il.
2209 301 2449 356 PRIVIL.
2496 305 2623 357 PER
2668 306 2930 363 PARTES
2965 307 3238 364 ιτΑιιιΕ.

3423 315 3560 369 ωδε

300 401 344 456 si
394 415 500 456 non
555 413 874 471 potestatem
921 407 1150 462 habeam
1181 411 1260 465 ire
1289 415 1355 465 ad
1388 427 1754 482 quemcunque
1779 431 1876 468 vo-
1905 425 1952 484 Α
2055 415 2166 480 Ego
2211 415 2441 470 Jacobus
2479 417 2572 470 Dei
2623 419 2790 485 gratia
2840 421 3121 488 episcopus
3173 425 3421 480 Aretinus
3465 429 3560 481 do-

299 493 494 546 luerint
538 493 846 562 episcopum
904 506 1078 550 tamen
1127 500 1448 556 catholicum
1479 517 1576 572 pro
1625 517 1710 568 eo,
1742 506 1866 574 quia

297 581 556 636 Dominus
583 593 766 639 noster
811 583 966 641 Iesus
1009 587 1255 643 Christus
1286 605 1380 658 per
1423 595 1664 662 angelum
1711 609 1866 648 suum

294 671 347 724 in
379 671 588 728 visione
613 673 766 728 nobis
795 675 964 730 videri
1009 676 1138 732 fecit
1169 688 1224 732 ut
1263 691 1426 750 caput
1457 682 1692 750 praedicti
1721 697 1864 738 mar-

293 763 426 832 tyris
448 764 512 817 ad
543 765 659 833 ejus
690 783 938 838 pugnam,
969 785 1126 840 quam
1157 787 1258 826 nos
1285 774 1350 828 ad
1383 775 1654 842 praefatam
1684 779 1869 832 civita-

296 862 402 908 tem
437 854 765 913 habebamus
817 873 940 914 cum
985 861 1080 916 Dei
1125 863 1368 918 laudibus
1407 866 1717 934 adveniret;
1773 884 1868 922 no-

291 947 420 998 stris
451 963 579 1000 vero
609 946 842 1004 inimicis
867 951 1102 1017 dicebat,
1153 963 1210 1007 ut
1257 955 1620 1024 vincebamus,
1675 969 1728 1014 et
1771 975 1868 1016 nos

293 1037 368 1090 ita
408 1039 536 1091 talia
586 1038 832 1106 fecimus,
876 1051 930 1096 et
978 1059 1122 1098 nunc
1169 1046 1456 1101 auxiliante
1501 1048 1632 1110 Deo,
1675 1059 1728 1104 et
1765 1052 1868 1106 isto

292 1127 515 1195 przefato
541 1141 778 1200 martyre
808 1130 1126 1188 adveniente
1163 1136 1280 1204 ejus
1311 1137 1486 1204 capite
1517 1147 1675 1194 terrae
1693 1149 1866 1196 motus

288 1222 438 1274 venit
475 1235 637 1290 super
682 1223 881 1276 nostris
921 1225 1174 1292 inimicis,
1205 1237 1262 1282 et
1289 1235 1492 1284 tremor
1517 1231 1870 1299 apprehendit

289 1325 408 1376 eos,
440 1321 492 1365 et
515 1313 751 1380 parietes
779 1314 1070 1381 irruerunt,
1097 1317 1296 1372 inimici
1329 1333 1456 1374 vero
1477 1322 1646 1375 nostri
1687 1324 1738 1376 in
1769 1339 1866 1376 no-

287 1400 416 1454 stris
445 1403 692 1458 manibus
721 1403 1073 1472 devenerunt,
1105 1418 1162 1462 et
1200 1425 1389 1466 omnes
1433 1411 1697 1469 interfecti
1749 1415 1866 1469 fue-

287 1499 432 1544 runt.
466 1491 692 1558 Idcirco,
721 1503 780 1548 ut
815 1494 1018 1550 dictum
1047 1507 1150 1564 est,
1191 1499 1470 1566 tradimus,
1501 1503 1864 1568 concedimus,

283 1590 340 1632 ct
369 1582 422 1634 in
453 1581 670 1648 praefato
713 1577 1040 1640 monasterio
1069 1589 1240 1641 sancti
1285 1588 1545 1644 Anastaxi
1599 1599 1859 1660 perpetuo

289 1670 570 1739 largimur,
605 1681 664 1724 ut
692 1673 758 1726 de
789 1675 1040 1740 praasenti
1068 1676 1157 1730 die
1201 1677 1430 1732 habeant
1461 1679 1536 1732 tui
1579 1681 1868 1735 servitores

1972 506 2102 558 mini
2156 505 2261 559 mei
2293 521 2441 574 papa:
2486 509 2536 560 in
2571 507 2732 571 Urbe,
2778 520 2832 562 et
2869 509 2987 577 ejus
3034 512 3278 566 districto
3326 517 3560 571 vicarius

1971 595 2236 664 generalis
2277 607 2333 649 et
2379 601 2779 652 commissarius
2827 600 2894 654 ad
2938 603 3366 670 compellendum
3404 615 3560 659 nota-

1971 685 2099 753 rios,
2133 696 2186 739 et
2214 685 2348 738 alias
2393 702 2648 756 personas
2679 688 2934 743 habentes
2989 691 3300 759 scripturas,
3355 696 3556 748 instru-

1972 785 2170 844 menta,
2202 788 2258 829 et
2306 776 2408 829 alia
2465 789 2808 832 monumenta
2853 779 3127 849 originalis
3158 822 3172 846 ,
3230 795 3388 850 atque
3433 795 3554 838 actu

1970 867 2251 935 quamdam
2277 869 2522 922 cedulam
2552 885 2754 924 aaneam
2796 881 2854 924 et
2893 871 3274 940 ponderosam,
3310 876 3358 926 in
3407 874 3552 928 dicto

1971 960 2294 1012 monasterio
2343 959 2660 1014 existentem
2691 1001 2707 1025 ,
2751 961 2897 1029 prius
2935 961 3152 1016 interfui
3199 963 3548 1016 ausculationi

1971 1047 2130 1116 hujus
2159 1050 2411 1117 exempli,
2443 1065 2538 1104 seu
2568 1051 2888 1120 transumpti
2935 1052 3118 1120 scripti
3151 1051 3444 1120 exemplari
3487 1052 3554 1107 de

1970 1137 2111 1190 dicta
2160 1138 2338 1192 tabula
2385 1154 2534 1193 :enea
2585 1139 2816 1194 ﬁdeliter
2858 1143 3119 1206 translati,
3169 1152 3222 1196 et
3267 1145 3556 1210 exemplati

1971 1239 2066 1292 per
2108 1225 2247 1279 infra
2276 1227 2532 1296 scriptum
2593 1227 2890 1282 Antonium
2940 1229 3114 1297 Gojoli
3163 1229 3308 1282 Petri
3345 1228 3544 1292 Sirete,

1969 1327 2146 1366 civem
2207 1313 2504 1368 Romanum
2547 1316 2816 1382 publicum
2859 1320 3124 1371 notarium
3173 1319 3550 1386 apostolicum,

1969 1415 2024 1458 et
2050 1404 2334 1475 diligenter
2367 1421 2545 1460 coram
2577 1421 2665 1462 me
2689 1407 2973 1461 auscultati
3013 1423 3116 1462 una
3155 1424 3274 1461 cum
3304 1409 3419 1477 ipso
3443 1410 3552 1462 Att-

1972 1498 2138 1564 tonio,
2163 1513 2226 1552 ac
2270 1498 2408 1553 infra
2439 1501 2654 1569 scriptis
2704 1500 2908 1554 Joanne
2947 1500 3203 1568 Slepltzttti
3254 1500 3550 1566 Maii‘eroui,

1969 1590 2175 1645 JOanne
2204 1591 2352 1645 Pauli
2400 1593 2601 1659 Alictii,
2654 1601 2710 1646 et
2742 1593 2962 1647 Santolo
3013 1593 3154 1646 Pet‘ri
3209 1593 3387 1657 Berte,
3421 1593 3550 1646 civi-

1972 1681 2070 1734 bus
2101 1681 2358 1745 romanis,
2389 1695 2452 1734 ac
2485 1679 2708 1749 publicis
2745 1680 2970 1734 notariis
3001 1679 3332 1748 apostolicis,
3378 1689 3431 1733 et
3475 1689 3550 1734 te-

284 1769 608 1828 potestatem
637 1763 690 1816 in
723 1763 964 1831 praefatis
993 1766 1243 1822 omnibus
1273 1769 1338 1822 ad
1383 1770 1668 1826 utilitatem
1698 1772 1866 1827 sancti
1902 1771 1944 1830 B
1971 1771 2140 1826 stibus
2163 1771 2298 1824 infra
2322 1772 2645 1840 scriptarum
2676 1770 3068 1835 litterarum,et
3089 1769 3210 1839 quia
3242 1770 3550 1838 hujusmodi

283 1852 546 1908 Anastaxi
575 1855 904 1925 introeundi,
932 1859 1140 1924 utendi,
1169 1861 1406 1925 tenendi,
1439 1863 1673 1930 fruendi,
1699 1874 1754 1919 et
1775 1880 1863 1919 us-

283 1957 391 2010 que
419 1943 472 1996 in
500 1945 755 1999 saeculum
783 1947 966 2002 saeculi
999 1950 1329 2018 possidendi,
1355 1963 1618 2023 quatenus
1654 1969 1754 2024 per
1787 1965 1862 2020 te,

281 2033 517 2101 gloriose
567 2047 1103 2106 martyr,mereamur
1130 2054 1230 2096 nos
1267 2043 1453 2097 audire
1480 2043 1623 2098 illam
1657 2058 1860 2116 vocem,

278 2139 440 2192 quam
465 2123 723 2180 Dominus
743 2127 884 2182 dixit
914 2128 967 2184 in
997 2129 1289 2199 Evangelio
1318 2151 1330 2187 :
1363 2133 1528 2205 Euge,
1555 2151 1692 2202 serve
1712 2142 1860 2202 boue,

279 2225 334 2270 et
374 2215 568 2284 ﬁdelia,
599 2225 732 2284 εις..
762 2234 918 2290 supra
964 2221 1128 2275 multa
1171 2232 1219 2276 te
1268 2227 1611 2292 constituam;
1649 2227 1784 2280 intra
1811 2228 1863 2280 in

271 2308 530 2378 gaudium
559 2307 768 2363 Domini
815 2310 910 2366 Dei
939 2313 1036 2366 tui.
1073 2313 1151 2368 De
1201 2331 1304 2384 qua
1359 2315 1452 2372 Dei
1507 2319 1862 2388 promissione

273 2400 504 2454 multant
531 2400 850 2456 confidimus
881 2417 1000 2469 nos,
1052 2416 1106 2460 et
1135 2420 1322 2461 omnes
1367 2419 1650 2476 sperantes
1691 2412 1743 2464 in
1785 2421 1858 2466 te.

277 2489 348 2543 Et
384 2491 430 2546 si
460 2490 580 2560 quis
629 2505 728 2547 nos
773 2492 857 2548 vel
901 2494 1038 2550 alius
1087 2496 1476 2567 qualiscunque
1523 2500 1706 2566 homo,
1753 2510 1856 2555 tam

274 2583 602 2654 presbyteri,
652 2599 812 2654 quam
865 2586 986 2641 laici
1038 2587 1258 2655 praefata
1301 2591 1504 2660 omnia,
1555 2607 1676 2662 qua:
1719 2592 1858 2648 dicta

269 2686 427 2744 sunt,
465 2677 533 2733 ab
555 2677 744 2732 eodem
775 2680 1106 2736 monasterio
1135 2681 1482 2750 subtrahere,
1506 2687 1592 2740 vel
1624 2685 1859 2740 alienare

269 2770 530 2844 voluerit,
561 2785 668 2825 non
696 2770 894 2837 valeat,
939 2771 1034 2827 sed
1065 2788 1128 2828 ex
1155 2783 1308 2842 parte
1333 2776 1714 2844 omnipotentis
1741 2777 1852 2846 Dei,

267 2876 331 2920 et
369 2865 542 2920 beata:
585 2865 764 2921 Maria
801 2879 1016 2934 semper
1053 2865 1294 2937 virginis,
1325 2881 1387 2922 ac
1425 2869 1699 2922 beatorum
1727 2885 1856 2938 apo-

267 2956 538 3010 stolorum
567 2953 712 3009 Petri
760 2965 816 3008 et
845 2955 1018 3020 Pauli,
1063 2965 1120 3010 et
1164 2957 1318 3012 istius
1359 2956 1562 3026 prazfati
1607 2961 1854 3029 martyris

266 3049 796 3117 excommunicatus,
847 3049 1182 3113 maledictus,
1214 3048 1698 3104 anathematizatus
1740 3065 1849 3103 ma-

1968 1861 2168 1915 dictum
2191 1862 2492 1930 exemplum
2523 1875 2643 1914 cum
2675 1859 2817 1914 dicto
2838 1875 2938 1914 suo
2963 1861 3208 1929 originali
3232 1859 3544 1922 concordat,

1969 1953 2042 2006 nil
2066 1953 2247 2008 addito
2276 1955 2358 2008 vel
2401 1953 2684 2016 diminuta,
2713 1954 2853 2022 quod
2885 1953 3210 2007 intellectum
3253 1952 3417 2014 vitiet,
3451 1965 3545 2004 seu

1967 2043 2234 2108 immutet,
2291 2053 2350 2097 ut
2399 2043 2523 2097 huic
2573 2045 2842 2110 exemplo,
2889 2042 2976 2096 vel
3019 2051 3353 2110 transumpto
3399 2039 3550 2094 adhi-

1925 2189 1928 2191 ,
1967 2135 2153 2190 beatur
2179 2134 2247 2189 de
2275 2145 2473 2190 caetero
2500 2134 2657 2204 plena
2689 2135 2822 2188 ﬁdes
2860 2132 2930 2186 ab
2972 2133 3221 2186 omnibus
3245 2134 3311 2185 ad
3345 2147 3543 2202 perpe-

1967 2235 2110 2278 tuam
2136 2226 2214 2279 rei
2243 2223 2564 2280 memoriam
2596 2237 2682 2278 me
2713 2223 3018 2288 subscribo,
3045 2237 3329 2290 meumque
3359 2222 3542 2277 decre-

1966 2325 2097 2382 tum,
2127 2325 2182 2370 et
2209 2317 2584 2370 auctoritatem
2631 2314 2960 2370 ordinarium
2994 2329 3089 2384 pro
3145 2315 3397 2370 tribunali
3443 2330 3534 2369 se-

1962 2405 2097 2460 dens
2125 2407 2432 2476 interpono,
2459 2414 2516 2462 et
2549 2406 2758 2478 signum
2800 2409 2906 2461 mei
2956 2407 3174 2476 majoris
3221 2407 3383 2478 sigilli
3423 2405 3526 2462 feci

1961 2497 2210 2564 appendi,
2237 2497 2353 2552 sive
2379 2497 2598 2565 muniri,
2623 2497 2722 2550 sub
2752 2513 2894 2552 anno
2925 2497 3135 2552 Domini
3169 2495 3329 2563 1369,
3359 2499 3536 2567 ponti-

1961 2585 2147 2640 ficatus
2175 2588 2499 2642 sanctissimi
2542 2586 2594 2642 in
2625 2587 2839 2642 Christo
2869 2589 3056 2656 patris,
3097 2598 3152 2642 et
3193 2587 3395 2642 domini
3435 2604 3534 2644 no-

1959 2677 2078 2742 etri,
2111 2677 2310 2732 domini
2341 2675 2540 2734 Urbani
2565 2678 2741 2733 divina
2767 2679 3098 2748 providentia
3129 2694 3277 2748 papa:
3299 2679 3362 2747 V,
3395 2692 3534 2734 anno

1959 2775 2074 2838 ejus
2111 2769 2164 2835 7,
2199 2769 2314 2824 ind.
2351 2785 2470 2835 vttt,
2513 2773 2713 2826 mensis
2741 2765 2909 2836 Junii,
2949 2773 3037 2826 die
3058 2772 3148 2826 27.

2031 2862 2096 2914 Et
2124 2875 2224 2930 ego
2252 2863 2490 2918 Joannes
2539 2865 2794 2932 Stephani
2851 2864 3128 2931 Maﬁ‘aron,
3180 2866 3313 2920 civis
3359 2883 3534 2921 roma-

1959 2968 2079 3020 nus,
2113 2953 2206 3008 Dei
2233 2956 2400 3025 gratia
2431 2955 2490 3012 S.
2527 2956 2592 3010 li.
2645 2957 2707 3012 E.
2768 2967 2824 3012 et
2873 2958 3168 3026 aposmlica
3217 2960 3532 3013 auctoritate

1959 3048 2216 3113 notarius,
2245 3048 2448 3104 habens
2501 3049 2659 3104 ﬁdem
2706 3048 3010 3118 hujusmodi
3037 3051 3411 3117 instrumento,
3439 3068 3531 3105 seu

261 3149 400 3194 neat
427 3141 482 3194 in
523 3111 862 3210 perpetuum,
891 3150 946 3194 et
980 3156 1100 3196 cum
1133 3111 1305 3208 anna,
1345 3141 1567 3210 Caipha,
1595 3151 1650 3196 et
1680 3141 1850 3195 llero—
1876 3111 1923 3174 θ
1957 3111 2288 3210 transumpto
2335 3141 2564 3197 lideliter
2606 3143 2830 3208 scripto,
2879 3151 2934 3196 et
2964 3143 3224 3196 translato
3275 3143 3344 3199 de
3387 3145 3524 3198 dicta

263 3235 360 3302 de,
384 3243 543 3304 atque
571 3234 763 3302 Pilato,
793 3245 847 3288 et
873 3232 1008 3288 Juda
1054 3233 1296 3288 Scariote
1339 3233 1598 3288 traditore
1642 3235 1850 3289 Domini

263 3327 442 3384 nostri
460 3328 590 3386 .Iesu
614 3327 814 3385 Christi
841 3330 1106 3398 particeps
1135 3329 1424 3396 efﬁciatur,
1454 3341 1508 3386 et
1534 3348 1562 3386 a
1591 3333 1850 3388 limitibus

267 3421 642 3476 universarum
671 3419 1020 3476 ecclesiarum
1049 3427 1338 3476 extraneus
1361 3423 1554 3476 existat
1579 3423 1686 3489 hic,
1719 3425 1846 3478 etin

265 3519 618 3581 perpetuum;
675 3510 1083 3564 observantibus
1130 3513 1200 3566 sit
1253 3526 1354 3582 pax
1417 3511 1626 3568 Domini
1678 3517 1846 3569 nostri

261 3603 398 3658 .lesu
428 3601 650 3667 Christi,
683 3602 872 3656 Amen.
925 3601 1038 3673 Ego
1086 3601 1309 3657 Carolus
1361 3603 1650 3672 imperator
1683 3621 1848 3676 augu-

263 3703 410 3759 stus,
435 3694 752 3750 auctoritate
779 3693 1163 3762 omnipotentis
1195 3695 1308 3759 Dei,
1339 3703 1396 3748 et
1437 3695 1604 3750 nostri
1639 3697 1844 3766 imperii

263 3787 546 3840 decretum
575 3784 936 3852 decernimus,
966 3795 1023 3838 ut
1052 3784 1250 3840 nullius
1295 3799 1540 3854 persona:
1571 3789 1844 3842 hominum

261 3878 342 3932 sit
369 3876 594 3931 facultas
621 3877 846 3946 praefata
879 3877 1058 3930 omnia
1081 3877 1270 3946 quovis
1299 3878 1457 3931 modo
1487 3879 1682 3948 ingenii
1711 3897 1846 3948 prae-

263 3968 382 4022 fato
411 3971 734 4024 monasterio
761 3967 934 4023 sancti
979 3969 1234 4024 Anastasi
1274 3963 1508 4038 auferre,
1540 3973 1622 4025 vel
1667 3973 1842 4026 ablata

261 4060 526 4126 retinere,
585 4068 676 4114 aut
722 4058 952 4128 aliquam
1004 4060 1302 4116 molestiam
1345 4062 1604 4133 irregare,
1633 4065 1730 4116 nisi
1776 4063 1844 4118 de

263 4159 572 4220 perpetrata
603 4151 884 4219 iniquitate
913 4164 1148 4220 congrua
1179 4149 1547 4207 satisfactione
1589 4151 1724 4206 infra
1775 4169 1842 4206 xv

261 4243 408 4309 dies,
461 4241 850 4309 emendaverit,
900 4251 1190 4309 componat
1248 4257 1346 4312 pro
1399 4257 1552 4311 paena
1601 4243 1842 4298 llomauo

263 4337 500 4404 imperio
529 4335 906 4405 quinquaginta
937 4335 1032 4390 lib.
1058 4336 1172 4389 auri
1202 4337 1492 4404 purissimi.

341 4430 533 4480 Actum
561 4429 784 4492 esthoc,
809 4434 862 4481 et
893 4427 1146 4482 traditum
1175 4441 1318 4480 anno
1350 4427 1638 4483 Dominicze
1666 4429 1836 4482 incar-

1957 3229 2132 3282 tabula
2157 3245 2304 3284 amca
2335 3245 2431 3300 per
2453 3231 2739 3285 Antonium
2771 3231 2946 3300 Gojoli
2977 3231 3116 3286 Petri
3151 3234 3325 3289 Sirete
3358 3237 3525 3290 civeu:

1953 3334 2232 3374 romanum
2263 3321 2528 3388 publicum
2556 3322 2820 3376 notarium
2844 3323 3194 3392 apostolicum
3229 3324 3365 3379 infra
3391 3328 3522 3380 scri-

1952 3423 2123 3482 ptum,
2153 3423 2208 3468 et
2234 3415 2517 3482 ddigeuter
2556 3430 2650 3483 per
2682 3431 2767 3468 me
2796 3416 3094 3469 auscultato
3137 3430 3318 3472 coram
3371 3432 3522 3486 supra

1949 3503 2091 3558 dicto
2123 3503 2321 3558 domno
2362 3503 2584 3571 Jacobo,
2631 3505 2726 3560 Dei
2753 3505 2922 3573 gratia
2965 3508 3220 3574 episcOpo
3268 3508 3511 3568 Aretiuo,

1949 3597 2222 3650 etdomini
2253 3598 2421 3651 nostri
2451 3612 2599 3667 papa:
2641 3598 2696 3652 in
2733 3600 2895 3664 Urbe,
2927 3609 2981 3652 et
3009 3599 3128 3668 ejus
3153 3601 3402 3656 districtu
3445 3603 3520 3654 vi-

1949 3687 2092 3742 cario
2121 3690 2379 3758 generali,
2416 3697 2470 3744 et
2491 3689 2863 3744 commissario
2891 3688 2956 3743 ad
2990 3690 3242 3759 praedicta
3273 3709 3374 3746 una
3398 3707 3518 3746 cum

1947 3775 2152 3832 Joanne
2177 3777 2324 3832 Pauli
2346 3778 2550 3844 Alictii,
2589 3789 2643 3833 et
2669 3779 2890 3834 Santolo
2923 3780 3062 3834 Petri
3107 3779 3282 3848 Berte,
3314 3783 3517 3836 civibus

1947 3872 2185 3926 romanis
2205 3871 2432 3942 publicis
2459 3873 2684 3926 notariis
2710 3872 3022 3941 apostolicis
3050 3873 3184 3927 infra
3205 3875 3438 3944 scriptis,
3463 3887 3516 3928 et

1949 3963 2191 4018 testibus.
2223 3962 2288 4016 Et
2341 3961 2462 4030 quia
2492 3962 2693 4016 dictum
2731 3963 3054 4030 exeutplum,
3110 3976 3203 4017 seu
3255 3973 3517 4018 transum-

1945 4063 2090 4124 ptum
2114 4068 2234 4108 cum
2261 4052 2406 4108 dicto
2433 4068 2531 4108 suo
2553 4052 2798 4122 originali
2843 4054 2892 4107 in
2918 4052 3165 4108 onmibus
3188 4061 3242 4106 et
3282 4069 3375 4121 per
3405 4069 3518 4107 0m-

1944 4143 2029 4198 nia
2055 4143 2121 4199 de
2149 4145 2314 4198 verbo
2336 4143 2402 4197 ad
2428 4143 2644 4198 verbum
2673 4142 3002 4197 concordare
3029 4142 3204 4198 inveni
3231 4144 3398 4200 nihilo
3426 4149 3518 4198 ad-

1945 4236 2080 4300 dito,
2111 4236 2196 4290 vel
2229 4236 2514 4302 diminuto,
2545 4236 2685 4303 quod
2715 4236 3068 4290 substantiam
3103 4248 3291 4304 mutet,
3321 4239 3404 4293 vel
3433 4255 3519 4292 va-

1944 4327 2048 4381 riet
2075 4327 2432 4392 intellectum,
2463 4337 2518 4381 ut
2557 4327 2682 4381 huic
2728 4329 2995 4396 exemplo,
3045 4343 3139 4382 seu
3187 4339 3520 4400 transumpto

1942 4417 2256 4471 adhibeatur
2285 4419 2353 4471 ab
2401 4419 2646 4472 omnibus
2698 4419 2765 4472 de
2803 4429 2999 4474 ch-tet'o
3045 4421 3196 4486 plena
3239 4422 3391 4486 ﬁdes,
3451 4428 3514 4476 ad

265 4515 500 4571 nationis
530 4517 974 4585 octingentesimo
1029 4519 1238 4586 quinto,
1286 4517 1576 4572 indictione
1606 4517 1836 4583 decima,
1875 4487 1922 4545 υ
1949 4519 2254 4578 perpetuam
2303 4513 2380 4566 rei
2410 4512 2720 4566 memorial"
2761 4525 2847 4564 me
2899 4511 2950 4564 ίη
2984 4517 3173 4564 ῑεειθηι
3213 4513 3517 4579 Silii-90111").

261 4618 324 4664 et
347 4605 542 4660 domini
575 4606 767 4660 Leonis
814 4609 1007 4661 summi
1059 4621 1207 4675 papas
1252 4605 1316 4660 Ill
1349 4621 1488 4663 anno
1533 4607 1764 4676 decimo,
1790 4619 1844 4664 et

259 4698 470 4754 domini
495 4697 672 4752 Caroli
700 4697 1038 4766 imperatoris
1067 4711 1208 4752 anno
1238 4701 1442 4767 quinto.

336 4789 450 4858 Ego
477 4788 588 4844 Leo
624 4791 910 4859 episcopus
940 4789 1190 4844 Romanae
1233 4790 1477 4845 ecclesize
1523 4791 1834 4860 subscripsi.

337 4879 455 4950 Lgo
483 4880 712 4936 Carolus
741 4883 1032 4948 imperator
1055 4890 1310 4950 angustus
1339 4881 1650 4949 subscripsi.
1745 4949 1756 4956 η

333 4969 450 5041 Ego
479 4971 670 5027 Petrus
698 4973 984 5040 episcopus
1011 4971 1276 5028 Ostiensis
1306 4971 1624 5042 subscripsi.

333 5061 450 5130 Ego
480 5059 796 5116 Cuillelmus
822 5068 1025 5116 sancta:
1055 5060 1270 5116 Sabinae
1307 5061 1456 5116 card.
1487 5061 1796 5132 subscripsi.

338 5149 466 5204 Issa
489 5151 655 5216 episc.
689 5151 882 5206 Abieu.
921 5151 1028 5224 [ΑΙ.
1060 5147 1344 5220 Sabinen.]
1381 5151 1692 5222 subscripsi.

339 5239 604 5296 Robertus
635 5243 982 5312 Aquisgranis
1011 5241 1326 5311 subscripsi,
1355 5251 1461 5296 etc.

335 5333 404 5386 Et
427 5347 528 5402 ego
551 5334 701 5408 Hugo
721 5333 830 5388 dux
870 5334 1220 5390 Luxoviensis
1251 5333 1356 5406 [ΑΙ.
1389 5335 1620 5408 Lugdu.]
1652 5337 1830 5392 subsc.

333 5407 646 5480 Anastasius
683 5425 992 5480 scriniarius
1028 5425 1086 5480 S.
1120 5425 1188 5480 Β.
1229 5425 1291 5478 E.
1334 5425 1400 5482 tle
1457 5407 1714 5481 mandato
1739 5429 1834 5482 do-

263 5515 396 5570 mini
426 5514 622 5572 Leonis
652 5532 800 5586 papae
845 5517 1007 5582 tertii,
1037 5525 1091 5572 et
1125 5516 1326 5571 domini
1357 5513 1531 5572 Caroli
1577 5518 1750 5588 Magni
1779 5531 1834 5574 et

259 5605 338 5676 pii
373 5607 514 5676 regis
557 5608 694 5662 hanc
727 5608 972 5678 paginam
1007 5621 1200 5662 aeream
1249 5615 1554 5662 exauratatn
1590 5608 1830 5678 comple-

169 5757 174 5760 _
259 5695 350 5762 vi,
387 5705 446 5753 et
478 5699 698 5754 absolvi.

597 5816 864 5876 Parnm.
917 5813 1158 5876 XCVII.

1946 4610 1999 4653 et
2030 4615 2203 4653 meum
2232 4599 2441 4669 signum
2485 4601 2705 4668 apposui
2736 4610 3072 4666 consuetum,
3103 4615 3244 4655 anno
3289 4602 3520 4670 Domini,

1945 4692 2302 4759 pontiﬁcatus,
2349 4693 2660 4760 indictione,
2692 4709 2895 4759 mense,
2935 4709 2996 4748 ac
3025 4695 3112 4750 die
3139 4697 3430 4764 praedictis,
3464 4714 3516 4753 et

1940 4783 2306 4852 inl’rascriptis.
2889 4845 2892 4848 ,

2013 4875 2074 4928 Ει
2097 4889 2196 4946 ego
2228 4875 2478 4930 Sautulus
2503 4876 2646 4931 Petri
2678 4877 2854 4942 Berte,
2879 4879 3010 4931 civis
3035 4877 3326 4946 llomauus,
3347 4877 3516 4944 publi-

1942 4981 2036 5023 cus
2083 4968 2377 5038 apostolica
2435 4969 2753 5024 auctoritate
2791 4971 3030 5023 notarius
3075 4969 3280 5023 habens
3333 4968 3514 5032 ﬁdeut,

1945 5070 2071 5128 ctc.,
2105 5070 2163 5116 ut
2189 5075 2334 5130 sup.,
2351 5069 2456 5115 etc.

2012 5152 2078 5206 Et
2106 5167 2204 5222 ego
2225 5151 2486 5209 Antonius
2512 5150 2687 5219 Gojoli
2719 5150 2862 5205 Petri
2882 5149 3056 5204 Sirete
3082 5149 3216 5204 civis
3237 5149 3511 5206 Romanus

1940 5241 2032 5296 Dei
2071 5243 2259 5312 gratia,
2304 5250 2358 5296 et
2385 5243 2673 5311 aposwlica
2711 5241 3027 5296 auctoritate
3071 5245 3309 5296 notarius
3337 5242 3510 5312 publi-

1939 5349 2032 5391 cus
2059 5335 2422 5403 supradictum
2459 5333 2786 5402 exemplum,
2829 5347 2924 5386 seu
2979 5341 3367 5400 transnmptutn
3414 5349 3508 5387 su-

1939 5427 2295 5494 pradictarum
2342 5427 2638 5481 litterarum
2687 5441 2781 5481 seu
2811 5423 3096 5495 privilegii,
3125 5425 3510 5490 concessionis,

1935 5527 1989 5570 et
2017 5517 2320 5572 donationis
2348 5516 2668 5586 supradicta:
2699 5517 2766 5571 de
2791 5515 2932 5572 dicta
2959 5514 3133 5569 tabula
3165 5529 3310 5568 aenea
3342 5515 3510 5570 fideli-

1937 5617 2020 5664 ter
2043 5611 2256 5679 scripsi,
2283 5619 2336 5664 et
2379 5610 2680 5677 exeutplavi
2743 5609 2819 5664 nil
2874 5607 3054 5663 addito
3100 5606 3182 5660 vel
3227 5605 3510 5672 diminuta,

1937 5699 2078 5771 quod
2105 5700 2457 5756 substantiam
2503 5711 2694 5769 mutet,
2745 5702 2830 5758 vel
2857 5701 3030 5759 variet
3059 5697 3406 5754 intellectum.
3452 5709 3510 5754 et

2911 5816 2984 5876 3-:

2953 5853 2984 5875 υ

2953 5853 2990 5875 υ
