4034 6182
547 302 696 387 1055’

541 535 758 588 dotniuo
785 532 985 588 Jacobo
1030 529 1302 597 episcopo,
1353 525 1570 590 vicario,
1627 533 1681 577 et
1731 524 2102 578 cominissario

539 623 867 693 supradicto,
890 635 951 672 ac
978 617 1300 686 supradictis
1337 615 1542 671 Joanne
1571 615 1824 680 Stephani
1859 613 2102 668 Mat'faro-

542 713 644 772 nis,
695 709 900 763 Joanne
939 708 1084 760 Pauli
1141 707 1340 772 Alictii,
1391 716 1444 759 et
1502 707 1721 759 Santolo
1761 704 1900 758 Petri
1957 703 2110 757 Berte

538 801 742 854 civibus
765 799 1020 854 Romanis
1045 799 1268 867 publicis
1291 797 1510 850 notariis
1534 797 1862 864 apostolicis,
1879 803 1932 848 et
1963 792 2112 846 testi-

538 892 636 945 bus
661 891 931 958 litteratis,
977 897 1032 945 et
1077 900 1134 944 ut
1182 890 1304 944 huic
1351 889 1618 956 exemplo,
1657 902 1751 940 seu
1781 893 2112 952 tr.msmnpto

537 981 848 1035 adhibeatur
887 979 957 1034 ab
985 980 1234 1034 omnibus
1282 978 1350 1032 de
1394 988 1592 1032 caetero
1643 976 1795 1045 plena
1845 975 1995 1039 lides,
2044 973 2107 1026 ad

537 1081 846 1140 perpetuam
890 1069 968 1125 rei
1015 1068 1323 1124 memoriam
1367 1068 1669 1130 subscribo,
1718 1077 1773 1119 et
1812 1081 1985 1118 meum
2034 1064 2107 1116 si-

533 1177 699 1231 gnum
741 1162 959 1231 apposui
995 1168 1326 1222 consuetum,
1380 1158 1480 1212 sub
1504 1174 1644 1211 anno
1689 1157 1898 1212 Domini
1947 1155 2108 1219 1569,

533 1254 875 1324 pontiﬁcatus
897 1253 1118 1308 sanctis.
1145 1253 1198 1306 in
1232 1251 1448 1306 Christo
1493 1251 1656 1320 patris
1687 1265 1748 1303 ac
1786 1249 1987 1303 domini
2018 1263 2110 1300 no-

533 1349 650 1416 stri,
677 1346 878 1401 domini
911 1335 1106 1401 l-lrbani
1131 1345 1309 1399 divina
1341 1343 1669 1413 providentia
1704 1355 1852 1412 papa:
1872 1342 1935 1407 V,
1967 1355 2111 1394 anno

533 1438 650 1506 ejus
681 1437 737 1504 7,
765 1436 876 1491 iud.
905 1436 960 1502 7,
995 1449 1168 1490 mens.
1193 1434 1344 1501 Julii,
1391 1435 1477 1489 die
1506 1432 1574 1486 27
1604 1432 1670 1487 de
1701 1432 1952 1485 mandato
1982 1430 2110 1484 dicti

533 1529 734 1584 domini
767 1527 952 1584 Jacobi
973 1525 1209 1596 episcopi
1229 1525 1434 1590 vicarii,
1465 1534 1520 1580 et
1549 1521 1899 1578 commissarii
1925 1536 2113 1590 Supra-

534 1619 685 1675 dicti.

1223 1702 1409 1758 XXIII.

535 1818 813 1873 Renovatio
839 1817 1120 1872 testamenti
1157 1815 1376 1869 Abbonis
1405 1815 1606 1884 patricii
1634 1829 1725 1880 pro
1751 1813 1977 1884 εωηορἕ

603 1891 858 1944 valictensi
897 1901 945 1952 ιι,
976 1887 1113 1956 facta
1143 1902 1231 1955 per
1254 1882 1496 1939 Carol‘um
1539 1883 1718 1954 Magn.
1754 1887 1862 1951 (an.
1886 1882 2035 1951 805).

873 2018 967 2077 (Ex
989 2019 1046 2068 D.
1061 2019 1238 2079 Bouq.,
1260 2017 1463 2066 Recueii
1487 2017 1578 2066 des
1600 2015 1779 2065 Hister.
1791 2023 1806 2077 i

603 2143 658 2196 In
689 2143 906 2196 nomine
933 2142 1129 2211 Patris,
1163 2155 1214 2197 el.
1245 2144 1362 2198 Filii
1385 2153 1439 2197 et
1471 2143 1698 2213 Spiritus
1727 2145 1917 2198 sancti.
1949 2143 2114 2198 Caro-

535 2232 617 2286 lus
644 2233 933 2300 imperator
972 2233 1242 2302 Augnstus
1271 2233 1557 2302 piissinnis,
1597 2248 1626 2286 a
1668 2233 1775 2286 Deo
1805 2242 2111 2295 coronatus,

536 2335 781 2390 tttagnns,
815 2321 1068 2390 pacilicus
1102 2326 1409 2390 imperator,
1459 2321 1756 2376 Romanqu
1806 2325 2111 2393 gubernans

535 2413 834 2479 imperium,
870 2412 956 2482 qui
986 2422 1039 2467 et
1065 2428 1159 2480 per
1201 2413 1627 2468 misericordiam
1677 2416 1765 2469 Dei
1799 2430 1892 2468 rex
1947 2413 2116 2466 Fran-

533 2518 717 2556 corum
750 2513 805 2556 et
835 2503 1324 2572 Langobardorum.
1357 2504 1520 2574 Igitur
1559 2515 1740 2559 notum
1770 2509 1841 2558 sit
1868 2505 2111 2559 omnium

542 2595 777 2650 fidelium
813 2607 1116 2651 nostrorum
1169 2597 1543 2666 magnitudini,
1596 2597 1940 2665 praesentium
1971 2593 2113 2650 scili-

533 2693 618 2737 cet
645 2694 698 2737 et
731 2685 1050 2750 luturormn,
1079 2685 1202 2752 quia
1224 2687 1306 2746 vir
1335 2686 1656 2740 venerabilis
1680 2685 1943 2739 Frodinus
1974 2689 2111 2738 abba

531 2789 602 2828 ex
642 2777 965 2829 monasterio
1002 2777 1142 2843 quod
1167 2788 1247 2828 est
1282 2785 1646 2830 constructum
1679 2774 1731 2828 in
1763 2777 1965 2829 honore
1991 2788 2114 2828 sau-

533 2875 738 2919 ctorum
812 2867 1105 2935 principum
1179 2868 1569 2936 apostolorum,
1630 2868 1746 2920 loco
1809 2875 2116 2934 nuneupato

533 2956 834 3021 Novaliciis,
867 2957 1028 3010 missa
1062 2958 1316 3026 petitione
1349 2974 1445 3028 per
1490 2959 1766 3026 religiosos
1799 2962 2112 3014 monachos.

535 3052 912 3106 Gislarannum
951 3052 1155 3105 scilicet
1202 3061 1253 3106 et
1300 3055 1623 3122 Agabertum
1647 3095 1662 3120 ,
1703 3053 1978 3106 serenitati
2011 3066 2109 3104 no-

532 3155 654 3197 str:e
683 3147 946 3212 sugge~sit
967 3143 1195 3212 qualiter
1219 3143 1370 3197 Abbo
1401 3148 1669 3213 quondam
1696 3145 1776 3197 vir
1805 3141 1916 3197 Deo
1945 3143 2109 3197 devo-
2137 3127 2184 3189 (ἶ

534 3245 614 3288 tus
643 3251 735 3302 per
764 3245 1140 3287 testamentum
1169 3235 1471 3288 donationis
1517 3249 1627 3289 sum
1664 3235 1872 3303 aliquas
1911 3249 1999 3288 res
2042 3234 2108 3286 ad

532 3329 706 3395 ipsum
760 3337 1002 3380 sanctum
1055 3327 1227 3380 locum
1278 3326 1562 3381 Novalieiis
1596 3328 1915 3396 delegasset,
1967 3331 2106 3380 mide

534 3421 643 3487 ipsa
677 3433 798 3472 casa
837 3419 929 3472 Dei
977 3429 1031 3472 et
1077 3419 1324 3473 monachi
1357 3419 1560 3473 ibidem
1606 3422 1981 3482 consistentes,
2014 3433 2105 3472 seu

532 3525 792 3578 pauperes
816 3520 868 3564 et
890 3511 1176 3579 peregrini,
1203 3521 1391 3564 euntes
1419 3523 1470 3565 et
1501 3511 1806 3576 redeuntes,
1826 3512 2109 3564 maximam

529 3602 951 3655 consolationem
985 3602 1180 3655 habere
1217 3602 1491 3655 videntur:
1525 3611 1578 3656 et
1604 3604 1774 3666 ipsum
1819 3613 2108 3656 testamen-

534 3702 643 3744 tum
674 3687 867 3744 nostris
893 3691 1200 3744 detulerunt
1227 3691 1497 3745 obtutibus
1526 3693 1590 3744 ad
1625 3691 2109 3762 relcgeudnm.Sed

532 3783 651 3851 quia
695 3783 992 3851 saepissime
1019 3796 1112 3850 per
1142 3783 1328 3850 placita
1357 3783 1608 3836 comitum
1637 3799 1730 3852 per
1754 3786 1998 3836 diversos
2023 3798 2112 3850 pa-

535 3887 647 3940 gos,
678 3874 999 3925 necessitate
1023 3882 1269 3942 cogente,
1301 3871 1471 3939 ipsum
1495 3873 1560 3926 ad
1591 3875 1926 3942 relegendum
1958 3873 2113 3925 detn-

535 3966 730 4030 lerunt,
761 3965 868 4030 iam
901 3979 963 4017 ex
1020 3972 1168 4033 parte
1203 3964 1356 4018 valde
1385 3964 1618 4018 dirutum
1650 3980 1769 4019 esse
1813 3968 2110 4024 videbatur.

536 4057 598 4109 lit
630 4057 748 4109 ideo
788 4057 909 4124 quia
953 4070 1046 4124 per
1090 4070 1149 4108 se
1199 4069 1301 4108 non
1337 4056 1546 4108 luerunt
1574 4057 1687 4110 ausi
1733 4058 1903 4124 ipsum
1952 4069 2111 4112 testa-

536 4159 769 4200 mentum
824 4161 1103 4212 renovare,
1149 4147 1415 4214 petierunt
1456 4147 1759 4200 celsitudini
1819 4161 2016 4203 nostra:
2058 4161 2114 4204 ut

534 4254 627 4302 per
669 4249 906 4293 nostram
933 4240 1227 4307 iussionem
1260 4241 1436 4292 denuo
1468 4239 1651 4295 fuisset
1680 4251 2017 4310 renovatum,
2042 4257 2110 4298 eo

535 4337 741 4388 tenore,
772 4325 914 4378 sicut
953 4325 1063 4393 ipse
1109 4327 1172 4377 ad
1209 4327 1308 4379 hoc
1368 4325 1532 4394 relegi
1586 4326 1777 4381 melius
1829 4327 2111 4397 potuisset.

535 4419 638 4471 Nos-
682 4433 858 4471 autem
914 4420 1318 4484 considerantes
1372 4434 1556 4473 eorum
1615 4422 1990 4476 necessitatem
2058 4429 2113 4478 et

536 4510 798 4562 mercedis
843 4518 1036 4561 nostra-
1080 4520 1448 4578 augmentum,
1493 4511 1749 4576 iussimus
1792 4527 1885 4581 per
1927 4513 2113 4567 lideles

537 4602 773 4655 notarios
803 4611 1016 4656 nostros
1064 4602 1198 4655 infra
1241 4603 1493 4671 palatium
1526 4605 1700 4670 ipsum
1735 4615 2114 4660 testamentum

498 4763 503 4768 ι
533 4697 710 4748 denuo
749 4708 1047 4747 renovare:
1084 4695 1154 4746 ita
1185 4703 1242 4745 ut
1269 4694 1523 4761 deinceps
1554 4710 1652 4763 pro
1699 4696 1970 4749 mercedis
2017 4712 2115 4749 no-

503 4771 505 4800 ί
535 4794 660 4840 stne
683 4795 992 4854 augmento,
1020 4788 1258 4851 inspecto
1288 4788 1401 4850 ipso
1428 4792 1771 4846 te~tamento,
1815 4786 1952 4839 sicut
1989 4787 2115 4840 inibi

537 4879 860 4941 «,leclaratur,
906 4878 969 4925 ad
1019 4873 1188 4939 ipsam
1235 4888 1412 4925 casam
1449 4871 1538 4925 Ilei
1574 4874 1772 4926 nostris
1820 4876 2116 4944 futurisque

538 4967 864 5036 temporibus
915 4967 966 5017 in
1016 4975 1312 5033 augments
1365 4965 1628 5032 proliciat.
1672 4965 1789 5019 Non
1849 4969 1990 5020 enim
2051 4983 2118 5023 ex

533 5055 920 5110 consuetudine
969 5057 1297 5109 antet'ioruut
1332 5072 1512 5125 regunt
1567 5058 1667 5111 hoc
1720 5059 1896 5113 facere
1927 5059 2117 5114 decre-

540 5148 749 5210 vimus,
811 5150 904 5202 sed
966 5150 1301 5200 solunnnodo
1361 5158 1579 5216 prepter
1631 5151 2008 5204 necessitatem
2065 5160 2121 5205 et

539 5239 800 5293 mercedis
829 5248 1168 5307 augmentum
1202 5239 1561 5294 transcribere
1613 5241 1954 5310 prmeipirnns
2011 5243 2118 5296 hoc

539 5333 700 5387 modo
726 5371 742 5398 ,
784 5341 837 5387 et
876 5332 1058 5385 subter
1098 5334 1370 5400 plumbum
1403 5333 1619 5402 sigillari
1664 5333 1940 5400 iussimus.

617 5700 643 5727 ‘
697 5702 960 5759 Upptoum
1025 5685 1400 5759 Novaliciense
1461 5684 1747 5759 vetet-rimo
1795 5682 2123 5759 monasterio

547 5753 963 5827 illustre','situm
995 5767 1080 5814 est
1121 5757 1260 5811 inter
1305 5765 1540 5810 montem
1571 5755 1854 5824 Cinisium,
1892 5755 1938 5808 le
1971 5753 2118 5807 Mont

1437 323 1495 376 Β.
1535 321 1780 376 CAROLI
1822 319 2028 374 MAGNI
2069 320 2219 374 OPP.
2264 320 2436 377 PARS
2479 322 2518 378 l.
2562 319 2802 378 SECTIO
2842 320 2903 378 ll.

544 459 712 513 Ipsum
739 441 1017 512 diligenter
1041 437 1349 501 auscultavi,
1380 444 1433 487 et
1464 435 1564 503 legt
1594 449 1772 486 coram
1796 433 2105 499 supradicto
2136 437 2182 492 Α
2218 448 2222 452 ·

3659 327 3805 386 1036

2907 437 3090 492 XXIV.

2308 524 2477 580 Caroli
2517 525 2692 597 Magni
2731 529 2956 598 diploma
2994 548 3088 598 pro
3122 531 3337 587 (caesia
3385 529 3706 593 Placentina

2837 609 2995 666 (anno
3024 602 3172 663 808).

2435 683 2527 746 (Ex
2551 684 2766 748 Ughelll,
2793 687 2928 736 Italia
2948 687 3110 749 Sacra,
3141 697 3257 740 tom.
3288 690 3350 754 li,
3375 707 3418 755 p.
3445 692 3576 757 199.)

2283 768 2337 820 In
2367 771 2583 824 nomine
2611 771 2801 836 Patris,
2830 781 2883 826 et
2915 773 3049 841 Filii,
3079 784 3134 828 et
3151 777 3377 845 Spiritus
3406 784 3599 836 sancti.
3629 785 3812 842 Caro-

2213 858 2294 912 lus
2320 862 2800 916 excellentissimus
2825 866 3113 934 Angnstus,
3149 882 3176 918 a
3207 867 3434 924 Domino
3478 884 3807 941 coronatus,

2214 963 2434 1019 magnus
2466 961 2521 1006 et
2551 953 2799 1018 paciﬁcus
2840 955 3150 1023 imperator,
3203 959 3561 1017 Romanorum
3596 970 3814 1035 guber-

2211 1057 2342 1094 nans
2372 1043 2676 1110 imperimn,
2710 1060 2803 1114 per
2839 1047 3255 1103 misericordiam
3289 1052 3384 1107 Dei
3419 1069 3506 1108 ret
3542 1055 3810 1114 Franco-

2213 1146 2327 1186 rum
2379 1144 2432 1188 et
2470 1134 2956 1203 Langobardorum.
3004 1139 3262 1196 Omnibus
3313 1146 3473 1212 igitur
3524 1149 3811 1205 nobilibus

2211 1225 2487 1279 catholicis
2522 1239 2703 1280 nostro
2733 1229 2785 1282 in
2813 1245 2980 1300 regno
3003 1235 3443 1298 consistentibus,
3469 1247 3579 1291 tam
3611 1240 3678 1294 de
3706 1257 3814 1294 sa-

2211 1316 2466 1371 cerdotali
2495 1320 2682 1374 ordine
2721 1335 2878 1388 quam
2916 1332 2972 1376 et
3003 1325 3176 1378 laicali
3206 1326 3344 1381 scire
3369 1330 3638 1390 volumus.
3662 1347 3813 1402 quo—

2213 1407 2355 1461 niam
2393 1408 2528 1462 nihil
2572 1411 2738 1476 aliud,
2780 1422 2837 1464 ut
2864 1413 2936 1466 ait
2965 1415 3270 1483 Apostolus,
3295 1418 3346 1471 in
3377 1419 3517 1474 hunc
3538 1423 3809 1478 mundum

2213 1503 2504 1568 intulimus,
2557 1519 2654 1558 nec
2698 1504 2985 1574 quidquam
3031 1523 3096 1561 ex
3139 1523 3206 1562 eo
3255 1511 3531 1567 nobiscum
3577 1513 3813 1572 auferre

2215 1595 2524 1660 poterimus,
2555 1596 2657 1648 nisi
2689 1595 2828 1661 quod
2846 1596 2913 1652 ad
2939 1599 3132 1653 anime
3154 1600 3388 1654 salutem
3423 1604 3555 1658 locis
3581 1619 3812 1663 sancto-

2214 1700 2328 1738 rum
2374 1685 2564 1739 devote
2607 1686 2830 1741 Dnnino
2872 1686 3162 1746 oﬂ’erentes
3206 1692 3468 1762 impertiri
3507 1696 3809 1765 videmur;

2004 1811 2108 1865 ΝΟ.
2147 1790 2188 1849 Β
2217 1785 2271 1828 et
2299 1774 2403 1830 hoc
2430 1777 2577 1829 nol-is
2607 1778 2788 1844 procul
2816 1778 2977 1833 dubio
3004 1781 3069 1833 ad
3107 1795 3360 1838 reternam
3405 1786 3807 1846 beatitudinem

2217 1868 2480 1934 pertinere
2527 1868 2870 1923 conﬁdimus.
2901 1868 3103 1924 Idcirco
3132 1886 3419 1941 cognoscat
3455 1879 3812 1947 magnitudo,

2213 1968 2306 2008 seu
2335 1955 2536 2010 utilitas
2556 1959 2793 2012 omnium
2826 1959 3062 2014 ﬁdelium
3093 1961 3212 2026 Dei,
3244 1975 3656 2035 nostrorumque
3680 1974 3808 2025 sci-

2215 2043 2335 2100 licet
2370 2050 2711 2114 praasentinm
2765 2058 2820 2104 et
2853 2049 3150 2107 futurorum
3173 2071 3186 2120 ;
3213 2058 3440 2124 qualiter
3464 2060 3541 2112 vir
3569 2043 3814 2117 venor-:4

2215 2140 2338 2195 bilis
2366 2138 2606 2195 Julianus
2644 2152 2843 2195 sanctae
2873 2141 3192 2198 Placentina:
3222 2148 3361 2200 urbis
3409 2151 3656 2207 ecclesia:
3682 2159 3809 2224 epi-

2215 2244 2426 2299 scopus,
2477 2244 2596 2299 qua:
2650 2238 2734 2285 est
2787 2243 3090 2286 constructa
3139 2235 3190 2287 in
3239 2235 3438 2292 honore
3482 2251 3806 2300 sanctorum

2217 2319 2470 2374 Antonini
2499 2329 2554 2373 et
2603 2319 2826 2376 Victoris
2852 2366 2867 2390 ,
2917 2337 3122 2378 necnon
3172 2335 3225 2380 et
3262 2327 3483 2383 Justinus
3527 2334 3800 2403 virginis,

2217 2422 2452 2468 nostram
2505 2414 2825 2483 deprecatus
2861 2425 2944 2470 est
2988 2417 3350 2486 clementiam,
3399 2434 3578 2487 petens
3627 2438 3689 2482 ut
3732 2430 3807 2485 ob

2217 2519 2452 2560 amorem
2495 2503 2612 2571 Dei,
2644 2515 2696 2559 et
2736 2505 2930 2560 anime
2970 2517 3165 2560 nostrae
3209 2510 3434 2565 salutem
3465 2527 3681 2570 omnem
3707 2519 3804 2586 iu-

2217 2593 2510 2659 diciariam,
2565 2595 2652 2649 vel
2701 2608 2861 2649 omne
2902 2595 3169 2650 teloneum
3214 2597 3283 2652 de
3326 2609 3475 2655 cnrte
3497 2601 3607 2670 iam
3638 2605 3802 2663 dicta

2217 2685 2458 2738 ecclesiae
2510 2695 2846 2752 nuncupante
2875 2685 3110 2741 Gusiano
3144 2702 3265 2741 cum
3311 2691 3422 2744 suis
3460 2693 3798 2763 adiacentiis,

2217 2789 2337 2844 qua:
2369 2782 2454 2828 est
2485 2777 2585 2830 sita
2619 2776 2671 2830 in
2703 2777 3000 2830 montaneis
3041 2776 3358 2834 Placentinis
3388 2796 3481 2849 per
3507 2783 3644 2839 lines
3670 2788 3801 2840 sub—

2221 2877 2307 2922 tns
2326 2869 2715 2933 denominatas,
2754 2877 2856 2921 tam
2903 2869 2970 2922 de
2996 2872 3290 2925 arimannis
3317 2850 3476 2941 quam
3507 2888 3559 2929 et
3590 2877 3662 2932 de
3679 2880 3800 2934 aliis

2221 2961 2400 3014 liberis
2449 2960 2748 3014 hominibus
2798 2975 2894 3030 per
2939 2973 3259 3017 memrratas
3314 2965 3472 3031 lines,
3528 2967 3615 3022 vel
3661 2971 3796 3024 infra

2219 3049 2650 3117 consistentibus,
2682 3053 2858 3103 omnia
2888 3067 3005 3120 quae
3031 3067 3059 3104 a
3085 3053 3296 3121 publico
3320 3056 3672 3124 exigebantur
3698 3075 3798 3130 pro

2217 3145 2477 3199 mercedis
2501 3155 2697 3197 nostrae
2724 3157 3060 3212 augmentum
3085 3147 3135 3197 in
3172 3146 3286 3214 ipsa
3321 3148 3549 3203 ecclesia
3577 3163 3794 3206 sancto-

2217 3251 2328 3287 rum
2360 3234 2738 3302 pra:dictorum
2763 3237 3058 3290 concedere
3103 3237 3202 3290 visi
3229 3250 3508 3292 essemus:
3535 3241 3680 3310 quod
3709 3258 3801 3298 nos

2215 3334 2427 3391 propter
2451 3338 2640 3376 nomen
2670 3323 2900 3389 Domini,
2945 3333 3001 3378 et
3030 3327 3382 3380 reverentiam
3413 3329 3582 3396 ipsius
3631 3335 3798 3389 sancti

2215 3411 2311 3464 loci
2355 3413 2418 3465 ad
2472 3415 2637 3481 ipsam
2666 3414 2945 3468 ecclesiam
2986 3415 3275 3469 secundum
3317 3417 3522 3486 praefati
3559 3423 3796 3493 episeoiii

2223 3503 2551 3570 liClJJJOllem,
2577 3504 2710 3558 sicut
2734 3519 2763 3556 a
2792 3506 3004 3574 publico
3034 3505 3286 3560 hactenus
3310 3508 3686 3580 exigebantur,
3723 3517 3800 3569 sic

2216 3593 2604 3661 promptissima
2643 3595 2926 3649 devotione
2965 3609 3086 3649 cum
3126 3597 3272 3651 omni
3317 3600 3608 3668 integritate
3651 3618 3797 3670 pra—

2213 3685 2405 3738 dictam
2432 3685 2782 3752 iudiciariam,
2808 3686 2890 3738 Vel
2918 3699 3078 3739 omne
3108 3687 3375 3742 teloneum
3409 3689 3474 3743 de
3493 3693 3796 3758 supradicta

2212 3785 2358 3829 curte
2387 3776 2643 3843 Gttsiano,
2687 3776 2766 3829 vel
2809 3777 2924 3844 eius
2954 3775 3272 3845 adiacentiis
3309 3792 3406 3846 per
3434 3780 3530 3833 has
3555 3781 3799 3837 denomi-

2215 3881 2365 3923 natas
2393 3870 2548 3935 lines,
2581 3877 2637 3923 et
2670 3867 3022 3924 cohazrentias
3056 3888 3069 3922 :
3101 3868 3151 3922 id
3177 3878 3281 3934 est,
3308 3884 3375 3924 ea
3405 3887 3516 3926 uno
3539 3874 3708 3930 latere
3736 3879 3803 3931 de

2214 3975 2420 4014 summa
2474 3969 2644 4023 costa,
2677 3959 2761 4013 ubi
2803 3959 3058 4013 dividitur
3088 3959 3225 4014 inter
3254 3963 3585 4015 monasterio
3617 3962 3800 4027 Tolle.

2215 4060 2268 4104 et
2309 4062 2509 4105 sanctae
2555 4053 2796 4105 ecclesiae
2847 4051 3190 4116 Placentinae,
3233 4051 3606 4110 descendente
3635 4072 3802 4127 usque

2217 4144 2269 4197 in
2315 4145 2427 4196 rivo
2457 4143 2632 4209 Garli;
2675 4145 2741 4198 de
2786 4143 2899 4197 rivo
2937 4142 3085 4198 Garli
3129 4156 3483 4213 percurrente
3531 4163 3704 4216 usque
3747 4151 3798 4202 in

2217 4233 2374 4288 ﬂuvio
2411 4233 2571 4289 Cario
2599 4251 2613 4286 :
2648 4233 2772 4289 inde
2801 4247 2929 4289 vero
2958 4247 3053 4302 per
3087 4232 3252 4302 ipsius
3279 4233 3422 4288 ﬂuvii
3467 4237 3685 4292 alnum
3711 4239 3798 4292 de-

2216 4327 2503 4381 scendente
2533 4343 2701 4397 usque
2737 4329 2788 4380 in
2817 4326 2993 4396 capite
3030 4328 3214 4380 subtus
3243 4335 3392 4381 costa
3431 4327 3798 4396 Mammaea,

2217 4421 2406 4476 deinde
2431 4423 2751 4477 ascendente
2773 4436 2942 4490 usque
2971 4420 3023 4474 in
3053 4433 3264 4474 summa
3287 4431 3434 4474 costa
3461 4421 3628 4488 ipsius
3649 4423 3801 4477 Iau-

2219 4525 2474 4577 renascc,
2513 4512 2601 4580 qui
2655 4510 2922 4565 dividitur
2950 4510 3092 4563 inter
3147 4509 3338 4577 ipsam,
3381 4519 3435 4564 et
3475 4509 3799 4567 Saderiaoo.

2220 4603 2347 4659 lude
2374 4619 2585 4674 quoque
2605 4610 2948 4672 percurrente
2978 4618 3144 4672 usque
3176 4603 3227 4655 in
3255 4601 3305 4655 la
3333 4600 3572 4671 Vegiola;
3603 4618 3675 4658 ex
3698 4605 3802 4658 alia

2220 4709 2345 4748 vero
2374 4709 2524 4763 parte
2560 4695 2630 4746 de
2660 4695 2706 4747 la
2739 4692 2958 4764 Vegiola
2996 4708 3167 4762 usque
3207 4691 3539 4756 Castellioni,
3580 4695 3654 4748 de
3679 4695 3804 4750 Cas-

2222 4788 2420 4840 tellioni
2453 4801 2617 4855 usque
2641 4787 2692 4840 in
2711 4801 2915 4840 summa
2940 4785 3121 4848 Serra,
3138 4785 3207 4839 de
3228 4799 3436 4838 summa
3457 4783 3624 4839 Serra
3643 4800 3807 4854 usque

2222 4879 2462 4934 Fabricio
2494 4897 2505 4930 :
2537 4879 2658 4933 inde
2704 4877 2847 4932 enim
2897 4891 3064 4946 usque
3102 4876 3168 4928 ad
3213 4861 3522 4943 praedictam
3565 4878 3805 4934 Costa-tt.

2220 4971 2305 5040 qui
2331 4969 2583 5023 dividitur
2611 4969 2750 5023 inter
2777 4967 2930 5022 'l‘olla
2959 4967 3306 5028 monasterio,
3322 4977 3380 5020 et
3407 4965 3690 5034 praedicta:
3715 4979 3807 5020 ec-

2219 5062 2394 5117 clesia:
2425 5061 2741 5116 Placentina:
2784 5059 2880 5113 visi
2920 5072 3102 5112 sumus
3159 5057 3512 5112 concessisse.
3557 5055 3806 5124 Quapro—

2221 5165 2338 5221 pter
2367 5169 2458 5220 per
2499 5159 2813 5221 praesentem
2855 5151 3229 5203 auctoritatem
3263 5159 3504 5202 nostram
3554 5147 3806 5202 decerni-

2222 5261 2371 5308 mus,
2424 5244 2564 5313 quod
2622 5257 2716 5297 nos
2757 5241 2811 5295 in
2868 5240 2960 5294 Dei
3014 5239 3227 5292 nomine
3275 5239 3666 5307 perpetualiter
3716 5240 3812 5290 hae

2221 5345 2400 5390 nostra
2429 5333 2774 5389 concessione
2815 5346 3122 5385 mansurum
3167 5344 3290 5384 esse
3323 5331 3616 5402 volumus;
3647 5337 3706 5380 ut
3733 5327 3811 5392 ip-

2221 5442 2332 5481 sam
2374 5426 2731 5494 iudiciariam,
2770 5425 2851 5478 vel
2891 5424 3185 5486 te|0neum,
3210 5430 3267 5473 nt
3292 5433 3453 5489 supra
3490 5434 3558 5476 ex
3604 5421 3815 5487 integro

2223 5537 2317 5591 per
2359 5519 2745 5589 suprascriptas
2795 5517 2950 5579 lines,
3001 5526 3051 5568 et
3084 5513 3217 5569 infra
3248 5523 3354 5567 tam
3395 5513 3512 5580 ipse
3543 5511 3815 5579 milites.

2223 5676 2394 5745 Canis,
2420 5687 2474 5732 et
2500 5675 2752 5747 oppidum
2785 5671 3086 5747 Segnsium.
3126 5669 3276 5728 Nunc
3308 5672 3458 5726 vicus
3505 5677 3620 5736 est,
3649 5679 3827 5738 quem

2224 5741 2389 5819 vulgo
2410 5741 2598 5804 vocant
2621 5750 2672 5803 ta
2699 5741 2750 5799 Ν
2755 5741 2977 5798 ουαιὶιε.
