4034 6182
397 305 421 358 1
431 303 532 360 037

731 306 958 363 CODEX
1001 303 1516 365 DIPLOMATICUS.
1541 339 1612 351 —
1637 303 2042 364 PRIVILEGIA.
2073 335 2141 346 —
2171 306 2230 360 ll.
2267 299 2512 361 ΡΒΝΙΙ..
2559 306 2688 360 PER
2731 306 2996 362 PARTES
3038 305 3312 361 ITALIIE.

3499 309 3638 364 1038

393 430 550 484 quam
598 429 934 470 successores
984 418 1062 469 sui
1108 417 1353 480 habeam,
1405 427 1640 483 teneant,
1685 427 1736 472 et
1783 417 1948 484 possi-
1981 420 2030 476 Α
2056 415 2270 468 nomine
2298 415 2602 470 Manrredus
2631 415 2700 470 de
2741 416 2958 470 civitate
2985 417 3126 485 regia
3174 417 3240 470 ad
3281 428 3517 472 nostram
3547 433 3643 476 ac-

392 505 584 566 deant,
623 506 702 558 vel
750 505 1002 574 quidquid
1049 505 1242 562 exinde
1277 507 1341 560 ad
1385 505 1678 576 profectum
1713 505 1954 562 ecclesia

389 607 502 648 sum
530 593 706 647 facere
736 594 1022 659 voluerint,
1065 591 1142 648 ex'
1168 595 1423 662 permisso
1450 603 1632 648 nostro
1658 595 1877 650 liberam
1901 593 1952 646 in

391 685 640 738 omnibus
667 683 896 739 habeant
928 695 1238 750 potestatem
1264 703 1279 749 ;
1311 687 1378 738 ita
1407 693 1466 738 ut
1505 685 1753 753 deinceps
1781 684 1956 738 nullus

393 775 520 839 dux,
552 774 860 842 gastaldius,
893 773 971 826 vel
1001 775 1338 836 actionarius,
1371 789 1468 828 nec
1491 773 1711 840 quilibet
1748 788 1811 827 ex
1858 773 1956 826 mi-

389 864 570 918 nistris
617 861 920 932 reipublicae
971 863 1040 918 de
1087 863 1196 932 jam
1247 863 1385 918 dicta
1429 863 1706 932 iudiciaria
1757 863 1953 932 aliquid

385 969 730 1026 pracsumere,
778 956 859 1010 vel
902 955 970 1009 de
1013 957 1128 1022 ipso
1167 955 1373 1008 teloneo
1409 954 1606 1024 aliquid
1647 954 1956 1026 contingere

385 1045 656 1110 audeant;
699 1044 790 1098 sed
842 1059 937 1112 per
981 1045 1116 1099 hanc
1161 1054 1396 1098 nostram
1441 1047 1810 1099 auctoritatem
1853 1045 1954 1100 sub

384 1135 698 1192 emunitatis
725 1135 964 1200 nomine,
995 1136 1192 1190 n0stris
1235 1136 1340 1190 Deo
1372 1135 1663 1190 auxiliante
1705 1137 1957 1203 tempori-

384 1225 506 1289 bus,
537 1233 589 1278 et
630 1223 819 1278 futuris
860 1234 1184 1280 memoratus
1229 1228 1308 1278 vir
1350 1224 1664 1280 venerabilis
1712 1223 1954 1278 Julianus

381 1319 690 1384 episcopus,
738 1317 924 1384 suique
961 1316 1014 1369 in
1061 1325 1390 1386 perpetuum,
1423 1316 1510 1386 qui
1555 1316 1750 1370 iuerint
1777 1325 1952 1370 rectu-

383 1422 470 1462 res
518 1408 568 1460 in
595 1406 706 1474 ipsa
751 1414 932 1460 sancta
983 1406 1228 1472 ecclesia,
1281 1413 1340 1458 ut
1368 1420 1528 1474 supra
1573 1406 1825 1472 diximus,
1865 1421 1954 1458 va-

381 1497 532 1552 leant
557 1500 738 1566 quieto
766 1496 976 1552 tramite
1010 1505 1210 1560 tenere,
1243 1505 1298 1551 et
1327 1496 1598 1564 possidere
1626 1505 1681 1550 et
1719 1510 1814 1563 pro
1847 1509 1953 1550 no-

379 1590 484 1652 bis,
509 1603 574 1644 ac
598 1589 910 1657 superstites
937 1589 1102 1642 nostri
1134 1587 1338 1642 Domini
1369 1587 1788 1642 misericordiam
1809 1587 1950 1656 jugi-

379 1690 460 1732 ter
481 1693 710 1734 exorare
737 1696 750 1730 :
780 1686 837 1733 et
865 1687 922 1734 ut
949 1692 1186 1747 praesens
1225 1678 1511 1732 auctoritas
1541 1686 1648 1732 tam
1679 1677 1953 1745 praesenti-

2058 505 2254 558 cedcns
2295 507 2657 570 clementiam,
2703 507 2976 560 serenitati
3023 515 3220 560 nostrm
3249 508 3421 576 petiit,
3451 516 3510 566 tit
3539 524 3637 578 per

2057 603 2380 662 praeceptum
2404 597 2734 652 auctoritatis
2777 606 2972 650 nostra:
3001 611 3190 651 omnes
3227 612 3314 652 res
3341 613 3640 668 quascum-

2055 699 2158 752 que
2197 693 2322 739 tunc
2361 687 2614 754 temporis
2649 686 2792 754 juste
2831 697 2885 740 ct
2919 687 3306 742 rationabiliter
3335 687 3386 740 in
3417 686 3640 744 heredi-

2058 787 2162 831 tate
2191 778 2422 845 legitima
2448 779 2720 847 possidere
2763 779 3060 841 videbatur,
3099 779 3312 847 quando
3353 781 3404 832 in
3453 779 3630 840 Fran-

2055 865 2138 918 cia
2176 868 2368 922 ductus
2393 875 2496 932 est,
2527 878 2582 922 et
2611 882 2710 922 nos
2739 868 2788 922 ei
2837 868 3232 935 inpostmodum
3263 869 3490 924 reddere
3515 869 3634 940 jus-

2055 959 2248 1022 simus,
2297 960 2472 1013 denuo
2519 958 2822 1026 plenissima
2887 958 3274 1020 deliberatione
3319 957 3548 1014 reddere
3585 969 3641 1014 et

2053 1046 2374 1102 conﬁrmare
2403 1047 2742 1102 deberemus.
2791 1044 2957 1116 Cujus
3010 1047 3317 1116 petitiooem
3365 1046 3638 1118 denegem

2055 1139 2344 1202 noluimus,
2371 1139 2466 1192 sed
2511 1152 2607 1206 pro
2636 1138 2902 1194 mercedis
2933 1149 3130 1192 nostras
3171 1150 3544 1210 augmentum,
3584 1148 3638 1194 et

2053 1229 2346 1286 aelimosina
2373 1229 2624 1282 antedicti
2679 1227 2772 1284 lilii
2809 1229 2976 1282 nostri
3013 1228 3085 1284 ita
3114 1229 3472 1294 concessisse,
3498 1239 3554 1284 et
3583 1230 3636 1282 in

2053 1319 2300 1374 omnibus
2325 1318 2675 1374 conﬁrmasse
2713 1320 3042 1388 cognoscite.
3083 1319 3457 1389 Przecipientes
3501 1335 3636 1390 ergo

2049 1411 2314 1480 iubemus,
2347 1409 2492 1480 quod
2524 1409 2906 1479 perpetualiter
2936 1412 3074 1464 circa
3107 1426 3228 1464 eum
3273 1425 3490 1474 manere
3536 1427 3631 1470 vo-

2053 1501 2253 1566 lumus,
2281 1511 2340 1554 ut
2363 1501 2600 1568 quandiu
2631 1499 2782 1554 nobis
2805 1515 2870 1553 ac
2911 1499 3105 1554 dilecto
3155 1499 3262 1558 tilio
3291 1511 3470 1556 nostro
3507 1503 3640 1558 ﬁde-

2053 1589 2178 1645 liter
2204 1589 2539 1654 deservierit,
2571 1603 2760 1643 omnes
2783 1603 2892 1658 res,
2933 1588 3264 1656 ntdisimus,
3297 1592 3638 1660 proprietatis

2053 1695 2188 1744 suae,
2219 1681 2591 1748 undecumque
2622 1687 2748 1732 tunc
2788 1687 3024 1744 tempore
3059 1679 3206 1746 justo
3237 1681 3450 1736 tramite
3471 1681 3639 1736 vesti-

376 1773 498 1830 bus.
537 1782 692 1834 quam
733 1765 920 1822 futuris
943 1765 1278 1836 temporibus
1309 1765 1684 1820 inviolabiliter
1723 1765 1948 1818 Domino
1981 1757 2024 1816 Β
2055 1780 2139 1826 tus
2163 1769 2285 1832 fuit,
2329 1769 2542 1838 quando
2571 1769 2622 1822 in
2676 1769 2900 1823 Francia
2933 1785 3028 1837 per
3063 1769 3360 1838 jussionem
3391 1779 3630 1826 nostram

377 1863 658 1928 adjuvante
687 1866 1030 1928 permaneat,
1073 1855 1315 1912 manibus
1364 1857 1558 1910 nostris
1596 1856 1779 1910 subter
1823 1855 1956 1910 scri-

375 1951 548 2006 bendo
576 1951 830 2004 roborare
867 1945 1222 2009 decrevimus,
1253 1956 1306 2002 et
1340 1945 1407 2000 de
1434 1947 1631 2000 annulo
1660 1955 1844 2000 nostro
1873 1945 1952 1998 si-

375 2044 563 2114 gillare
585 2041 866 2112 iussimus.

447 2149 670 2214 Signum
701 2147 742 2216 -ι-
767 2143 948 2200 domni
977 2143 1156 2198 Caroli
1187 2141 1408 2210 piissimi
1433 2143 1786 2212 imperatoris.

444 2237 735 2292 Altil'redus
764 2235 830 2290 ad
869 2235 1040 2289 vicem
1075 2234 1404 2290 Ercambaldi
1435 2235 1750 2304 subscripsi.

445 2335 574 2390 Data
615 2349 686 2388 vit
721 2332 910 2388 Kalen.
945 2331 1110 2397 Junii,
1159 2345 1302 2386 anno
1347 2331 1414 2394 8,
1464 2329 1678 2386 Christo
1727 2333 1953 2399 propitio

371 2425 576 2493 imperii
607 2424 794 2492 nostri,
824 2421 894 2480 40
933 2422 1080 2492 regni
1119 2421 1286 2476 nostri
1317 2420 1370 2474 in
1417 2419 1667 2488 Francia,
1697 2431 1856 2490 atque
1883 2419 1950 2473 54

371 2519 424 2570 in
451 2516 620 2580 Italia,
653 2513 942 2570 indictione
968 2529 1007 2568 ι.

441 2619 626 2669 Actum
659 2613 972 2682 Aquisgrani
1016 2613 1211 2682 palatio
1256 2622 1462 2677 nostro,
1495 2612 1546 2665 in
1591 2610 1680 2664 Dei
1729 2609 1947 2666 nomine

369 2705 620 2760 teliciter.
653 2708 846 2758 Amen.

1095 2792 1260 2847 XXV.

371 2907 694 2976 Praeceptum
734 2913 760 2976 ἒ
789 2902 962 2976 Caroli
990 2901 1172 2976 Magni
1200 2902 1433 2968 Augusti,
1467 2917 1584 2976 q_tto_
1613 2899 1946 2976 Maurredtutt

443 2971 840 3045 Lan'gobardum
864 2975 1018 3026 civem
1049 2971 1346 3042 Regiensent
1386 2971 1606 3045 restituit
1645 2971 1698 3022 in
1723 2985 1944 3045 posscs-

441 3039 628 3100 sionim
669 3046 891 3098 animum
919 3039 1240 3112 fortunarum
1278 3056 1488 3094 suarum
1533 3041 1689 3110 (anno
1718 3039 1870 3110 808).

535 3161 628 3224 (Ex
655 3159 934 3219 luratorio,
959 3155 1290 3218 Antiquitates
1311 3152 1459 3204 Italiae
1481 3153 1628 3202 medii
1651 3153 1786 3214 aevi.)

441 3268 494 3322 In
525 3265 742 3320 nomine
771 3263 963 3329 Patris,
986 3267 1042 3316 et
1067 3259 1209 3325 Filii,
1235 3269 1287 3314 et
1309 3258 1537 3327 Spiritus
1565 3257 1754 3313 sancti.
1784 3257 1949 3313 Caro-

365 3360 452 3414 lus
480 3357 853 3410 serenissimus
874 3355 1158 3422 Augustus,
1183 3366 1211 3404 a
1239 3351 1348 3406 Deo
1369 3360 1676 3416 coronatus,
1703 3349 1949 3416 paciﬁcus

368 3452 680 3518 imperator,
728 3445 1026 3499 Romanum
1073 3443 1375 3512 gubernans
1423 3441 1731 3510 imperium,
1761 3441 1848 3509 qui
1893 3447 1951 3493 et

367 3556 464 3610 per
491 3537 908 3592 misericordiam
945 3534 1038 3588 Dei
1067 3547 1160 3588 rex
1193 3531 1518 3586 Francorum
1543 3539 1594 3584 et
1627 3529 1934 3600 Langobar-

367 3630 575 3685 dorum.
605 3625 796 3681 Notum
836 3625 906 3680 sit
941 3623 1176 3676 omnium
1213 3620 1444 3676 ﬁdelium
1486 3629 1790 3676 nostrorum
1831 3635 1942 3674 ma-

367 3718 647 3788 gnitudini,
691 3712 1029 3784 praisemium
1066 3709 1272 3765 scilicet
1289 3719 1344 3763 et
1369 3709 1688 3775 futurorum,
1717 3707 1948 3778 qualiter
1991 3709 1994 3714 '

367 3825 466 3863 nos
489 3809 596 3862 Deo
619 3807 848 3868 favente,
869 3812 924 3858 et
939 3811 1245 3856 sanctorum
1265 3801 1558 3870 principum
1583 3799 1946 3867 apostolorum

367 3903 558 3954 merita
587 3902 871 3952 inter......
897 3895 1136 3963 Regnum
1185 3891 1651 3961 Langobardorum
1689 3889 1948 3958 adquesi-

367 3995 560 4054 vimus,
590 4001 644 4044 et
680 4003 780 4059 pro
821 3985 1106 4040 credendis
1141 3983 1352 4052 aliquos
1387 3979 1770 4048 Langobardos
1797 3979 1945 4032 l'oras

369 4084 596 4152 patriam
627 4082 678 4134 iu
701 4080 916 4133 Francia
948 4078 1138 4131 ductos
1157 4075 1457 4138 habuimus,
1487 4085 1622 4141 quos
1651 4064 1940 4138 inpostmo-

367 4176 496 4226 dum
524 4172 589 4225 ad
617 4169 1046 4239 deprecationem
1077 4165 1254 4220 dilecti
1285 4164 1376 4218 ﬁlii
1407 4164 1570 4218 nostri
1601 4162 1804 4230 Pippini
1832 4161 1949 4230 glo-

369 4264 496 4317 riosi
517 4263 658 4332 regis
677 4260 742 4312 ad
765 4259 984 4328 patriam
1009 4256 1334 4318 remisimus,
1363 4263 1418 4308 et
1435 4267 1622 4306 eorum
1649 4249 1941 4321 legitimam

374 4353 760 4416 luereditatem,
791 4365 946 4419 quam
986 4349 1286 4410 habuimus,
1319 4349 1370 4400 in
1407 4346 1606 4412 scripto
1634 4353 1938 4399 revocatam

2058 1862 2248 1918 ductus
2270 1871 2376 1924 eat,
2407 1869 2462 1915 et
2511 1874 2608 1914 nos
2653 1859 2702 1914 ei
2757 1860 3152 1930 inpostmodum
3204 1862 3432 1918 reddere
3469 1863 3637 1932 jussi-

2056 1968 2197 2019 mus,
2225 1951 2480 2021 deinceps
2521 1967 2618 2023 per
2647 1953 2784 2008 hanc
2821 1961 3058 2008 nostram
3091 1955 3466 2012 auctoritatem
3505 1955 3631 2026 jure

2057 2043 2364 2102 ﬁrmissimo
2389 2051 2564 2100 teneat
2593 2052 2754 2116 atque
2795 2045 3066 2113 possideat
3095 2063 3108 2098 :
3164 2055 3220 2100 ut
3249 2048 3331 2102 vel
3373 2049 3628 2119 quidquid

2055 2134 2250 2190 exinde
2299 2133 2478 2190 facere
2526 2131 2776 2200 voluerit,
2829 2133 3056 2188 liberum
3121 2135 3173 2188 in
3217 2137 3466 2190 omnibus
3513 2152 3636 2206 per-

2058 2221 2260 2278 l‘ruatur
2299 2222 2604 2278 arbitrium.
2637 2223 2702 2278 Et
2733 2232 2794 2278 ut
2835 2225 2950 2278 haec
2997 2229 3284 2294 praeceptio
3311 2239 3469 2298 atque
3505 2242 3636 2282 cou-

2055 2313 2282 2368 ﬁrmatio
2351 2313 2550 2367 nostris
2616 2311 2918 2381 futurisque
2989 2315 3324 2383 temporibus
3375 2315 3632 2370 inviolata

2051 2411 2390 2472 permaneat,
2419 2415 2582 2456 manu
2611 2403 2824 2472 propria
2849 2403 3037 2458 subtus
3062 2405 3416 2460 corroborare
3443 2404 3632 2460 decre-

2054 2495 2248 2558 vimus,
2279 2492 2424 2547 etde
2447 2493 2644 2565 annulo
2673 2501 2858 2548 nostro
2889 2493 3110 2563 sigillari
3139 2494 3415 2562 iussimus.

2121 2583 2340 2653 Signum
2370 2583 2549 2636 domui
2582 2582 2760 2638 Caroli
2813 2583 3038 2652 piissimi
3069 2598 3130 2638 ac
3154 2581 3488 2640 serenissimi
3527 2584 3630 2642 im-

2049 2673 2341 2744 peratoris.

2121 2763 2272 2818 Hado
2323 2766 2390 2818 ad
2439 2766 2610 2818 vicem
2897 2763 3109 2818 anbaldi
3154 2764 3346 2832 scripsi
3405 2775 3462 2820 et
3509 2765 3632 2820 sub-

2047 2858 2256 2926 scripsi.

2119 2947 2250 3002 Data
2293 2962 2379 3002 xvt
2427 2945 2700 3002 Kalendas
2743 2945 3035 3015 Augustas,
3065 2959 3210 2998 anno
3257 2959 3371 3010 vut,
3415 2943 3633 3002 Christo

2053 3037 2284 3108 propitio
2325 3037 2536 3106 imperii
2567 3034 2762 3100 nostri,
2794 3043 2850 3088 et
2891 3049 2958 3090 si.
2985 3049 3127 3088 anno
3159 3034 3308 3104 regni
3352 3033 3524 3088 nostri
3574 3032 3632 3090 in

1979 3099 2024 3162 θ
2054 3099 2304 3192 Francia,
2333 3099 2627 3181 «δι’χιινιιι
2657 3138 2710 3178 tn
2741 3099 2914 3190 italia,
2942 3099 3248 3178 indictione
3262 3122 3452 3190 prima.

2124 3217 2314 3272 Actum
2343 3215 2659 3286 Aquisgrani
2695 3213 2898 3282 palatio
2941 3221 3148 3278 nostro,
3179 3213 3234 3266 in
3277 3211 3369 3266 Dei
3413 3211 3631 3266 nomine

2051 3311 2296 3368 feliciter.
2337 3310 2506 3366 Amen
2523 3348 2535 3362 .

2743 3375 2933 3432 XXVI.

2053 3473 2383 3544 Privilegium
2423 3471 2590 3527 Caroli
2626 3467 2805 3610 M(agni
2852 3464 3197 3605 )ecrlesia
3253 3461 3628 3518 Mediolanensi

2691 3553 2824 3591 anno
2991 3576 3003 3588 .

2691 3553 2824 3591 anno
2852 3553 3003 3591 δυυ).

2297 3633 2391 3694 (Ex
2416 3629 2630 3692 Ughelli,
2657 3627 2764 3678 Ital.
2789 3641 2936 3687 sacr.,
2961 3633 3077 3674 tom.
3099 3623 3160 3685 V,
3187 3637 3237 3686 p.
3257 3622 3362 3683 70.)

2125 3721 2176 3772 In
2228 3718 2442 3771 nomine
2481 3713 2834 3768 sanctissimae
2887 3722 2940 3766 et
2991 3711 3275 3766 individua:
3321 3707 3628 3763 Trinitatis.

2050 3810 2276 3863 Carolus
2336 3807 2519 3862 divino
2549 3815 2676 3860 nutu
2733 3812 3056 3868 coronatus,
3109 3803 3403 3856 Romanum
3435 3813 3632 3867 regem

2051 3899 2370 3966 imperium,
2421 3908 2484 3948 ac
2525 3909 2620 3960 per
2663 3891 3080 3946 misericordiam
3114 3890 3206 3944 Dei
3255 3903 3350 3944 rex
3395 3887 3625 3941 Franco-

2051 4005 2188 4052 rum,
2235 3993 2290 4040 et
2341 3983 2812 4054 Langobardorum
2863 3981 3256 4044 serenissimus,
3301 3976 3622 4042 catholicus,

2051 4077 2318 4146 paciﬁcus,
2365 4077 2653 4142 Augustus,
2703 4071 2950 4124 omnibus
2975 4069 3281 4132 comitibus,
3327 4065 3630 4132 castaldiis,

2049 4181 2140 4220 seu
2181 4162 2387 4218 cunctis
2429 4162 2733 4230 reipublicae
2761 4173 2854 4226 per
2875 4159 3202 4228 provinciam
3235 4155 3397 4210 Italia:
3437 4161 3622 4208 nostra

2049 4256 2455 4312 mansuetudine
2517 4253 2838 4325 prapositis,
2877 4251 3255 4320 sempiternam
3301 4250 3354 4303 in
3405 4248 3630 4303 Domino

2048 4349 2295 4402 salutem.
2347 4347 2600 4401 Noverint
2658 4357 2864 4408 omnes,
2917 4351 2969 4397 et
3008 4340 3224 4409 singuli,
3274 4337 3624 4407 quemadmo-

377 4443 600 4498 reddere
637 4440 896 4510 aliquibus
925 4439 1203 4508 jussitnns.
1245 4437 1319 4490 Ex
1351 4435 1543 4505 quibus
1577 4449 1714 4488 unus
1743 4449 1808 4490 ex
1841 4433 1942 4486 illis
1973 4441 2024 4502 ι)
2049 4439 2174 4492 dttm
2223 4433 2590 4492 venerabilisb
2622 4435 2810 4490 Petrus
2838 4433 3104 4488 Oldradus
3131 4430 3373 4485 ecclesiae
3403 4428 3610 4482 Medio-

443 4605 468 4632 ι
511 4593 728 4649 Prmie't
757 4606 1072 4660 pergamena
1102 4589 1406 4656 diplomatis
1438 4587 1945 4660 hujusrnotasifere

373 4681 560 4719 omnes
589 4659 824 4734 germani
849 4676 1007 4729 atque
1034 4661 1346 4734 autographi
1375 4659 1653 4734 privilegii,
1688 4659 1936 4734 videlicet

373 4729 711 4789 charactéres
743 4733 814 4785 illi
848 4733 1232 4784 convenientes
1258 4743 1395 4794 mvo,
1439 4738 1493 4781 et
1539 4733 1684 4794 signa
1729 4729 1946 4781 cancel-

373 4807 520 4859 larim
550 4803 859 4868 imperialis,
893 4803 1063 4854 locum
1107 4815 1318 4867 quoque
1367 4798 1522 4866 sigilli
1553 4798 1708 4868 rerei
1753 4799 1945 4868 deper-

375 4877 490 4930 tliti.
522 4867 696 4930 Unum
756 4881 931 4925 tamen
983 4879 1170 4931 restat,
1221 4871 1359 4938 quod
1418 4867 1772 4935 suspicionem
1821 4868 1941 4922 t‘alsi

375 4945 589 5011 ingerit.
628 4943 883 4995 Nimirum
931 4941 1198 4994 censentit
1251 4939 1464 5006 quidem
1514 4953 1684 5011 annus
1731 4948 1946 5011 octavus

373 5007 584 5083 imperii
631 5013 802 5065 Caroli
851 5025 971 5083 cum
1021 5012 1320 5083 indictione
1355 5011 1542 5083 prima.
1594 5007 1850 5083 Congruit
1894 5017 1948 5060 et

371 5078 543 5138 anuus
593 5080 1032 5150 quadragesimus
1080 5083 1224 5150 regni
1285 5078 1520 5131 Francici
1575 5093 1587 5128 :
1627 5079 1736 5150 sed
1779 5091 1947 5150 annus

375 5146 678 5223 trigesimus
705 5146 920 5205 octavus
950 5152 1098 5223 regni
1116 5146 1294 5223 jtalici
1345 5163 1373 5198 a
1397 5157 1540 5202 recta
1593 5146 1938 5223 chronologia

371 5216 662 5278 discordat.
695 5236 814 5275 cum
859 5235 998 5272 anno
1021 5216 1145 5272 ‘808
1174 5217 1480 5272 decurreret
1527 5231 1696 5268 annus
1730 5216 1942 5282 trigesi—

373 5309 492 5348 mus
521 5301 757 5362 quartus,
810 5305 914 5343 non
938 5286 1411 5362 _veru_l_rigesimus
1438 5297 1674 5362 octavus.
1723 5286 1800 5337 Ad
1838 5287 1948 5337 haec

372 5365 509 5417 ultra
539 5356 742 5414 morem
770 5359 982 5414 subtilis
1006 5357 1133 5410 mihi
1158 5361 1264 5409 visa
1287 5365 1372 5410 est
1391 5356 1576 5409 eadem
1607 5367 1944 5420 pergamena.

373 5435 551 5500 Quare
577 5431 769 5485 dubius
816 5431 1020 5484 haerere
1062 5441 1253 5500 cogor,
1311 5435 1474 5500 atque
1523 5423 1752 5500 opinari,
1785 5424 1948 5500 tutius

373 5493 664 5572 petendum
693 5514 816 5572 esse
841 5515 870 5552 a
913 5499 1124 5572 seculis
1144 5493 1560 5572 posterioribus
1589 5493 1942 5572 hiantredutti,

377 5562 510 5634 i’ize,
537 5573 696 5632 Picae,
749 5571 1062 5638 Papazonm,
1093 5562 1373 5633 l’edocbaa,
1403 5565 1736 5632 aliarumque
1783 5562 1942 5618 fami-

377 5643 566 5698 liarum
599 5649 1025 5710 propagatorem.

449 5718 482 5760 ιι
518 5701 715 5767 Petrus"
749 5701 1031 5777 Gldradus,
1077 5706 1209 5762 civis
1259 5703 1689 5769 Mediolanensis,
1727 5701 1945 5758 Adriani

2050 4593 2312 4662 pontiﬁcis
2337 4594 2405 4646 ab
2449 4591 2689 4662 epistolis
2717 4605 2748 4644 e
2800 4588 3050 4662 pri_maria
3104 4586 3220 4662 ejus
3248 4583 3504 4662 civitatis.
3526 4597 3621 4636 no-

2050 4653 2274 4726 bilitate,
2326 4653 2548 4718 Thonize
2574 4659 2767 4714 Crasso
2793 4653 3048 4712 suffectus
3081 4667 3163 4710 est
3196 4653 3630 4726 inarchiepisiro-

2053 4719 2172 4802 pum
2205 4719 2344 4786 circa
2374 4747 2567 4802 annum
2615 4727 3002 4802 783,_cntnque
3045 4727 3221 4780 Leone
3259 4723 3320 4776 Ill
3380 4719 3627 4802 pontiﬁce

2050 4790 2236 4858 iterum
2292 4803 2342 4853 in
2375 4801 2605 4854 Galliam
2641 4790 3016 4866 profectus'est
3043 4838 3056 4853 .
3105 4790 3463 4866 revetsuSQue
3519 4790 3626 4866 Iino

2051 4857 2210 4930 mam.
2260 4872 2454 4924 ibidem
2487 4857 2760 4936 interfuit,
2791 4883 2914 4922 cum
2949 4867 3177 4932 pontifex
3213 4867 3348 4915 idem
3375 4857 3483 4914 Leo
3521 4857 3624 4912 Ca-

2051 4945 2222 4996 rolutn
2273 4943 2514 5010 Magnum
2563 4947 2959 5006 Augustumque
2972 4937 3498 5010 “imperatoremque
3519 4941 3628 5005 .ac-

2049 5028 2078 5067 c
2099 5000 2383 5064 amasset."
2409 5012 2452 5064 Α
2508 5024 2613 5076 quo
2645 5000 2931 5076 'deinceps
2964 5004 3226 5076 Oldradus
3276 5000 3621 5076 amplissima

2051 5066 2230 5137 retulit
2264 5066 2538 5148 privilegia
2560 5066 2935 5131 Mediolanensi
2965 5073 3232 5148 ecclesia:
3273 5066 3584 5148 [avorabilia
3604 5104 3620 5124 .

2051 5135 2102 5204 iu
2131 5135 2321 5218 quibus
2345 5135 2482 5204 illud
2521 5148 2729 5209 enituit,
2787 5143 2998 5218 quonab
3023 5143 3214 5218 eodem
3264 5139 3480 5216 polittco
3511 5135 3621 5218 hle—

2051 5207 2346 5275 dioianensi
2391 5221 2685 5288 principatu
2719 5207 3100 5288 muniﬁcentia
3133 5213 3286 5288 plane
3329 5207 3471 5274 regia
3523 5207 3618 5284 du-

2052 5305 2206 5344 natus
2236 5299 2336 5343 est.
2373 5281 2578 5342 Petrus“
2595 5301 2716 5339 vero
2760 5284 2986 5340 Arianos
3016 5281 3317 5341 haereticos,
3365 5290 3464 5346 qua
3480 5281 3618 5346 scri-

2052 5361 2186 5428 ptis,
2238 5373 2340 5428 qua
2377 5357 2518 5412 l‘erro
2565 5363 2864 5428 tipporll1tt_e
2919 5345 3623 5428 perdomititzquamoliretn

2051 5413 2300 5484 'Mall'eut'n
2356 5413 2722 5481 haereticorum
2752 5439 2780 5475 a
2807 5413 3002 5477 Carolo
3031 5421 3220 5486 Magno
3275 5413 3625 5486 honoriﬁcum

2053 5482 2520 5567 tultt'cognomen-
2577 5495 2826 5567 Ejusdem
2883 5493 3024 5567 Petri
3081 5482 3256 5567 cistat
3305 5485 3528 5565 epistola
3560 5482 3624 5567 ad

2051 5559 2303 5624 Caroluni
2358 5559 2722 5637 Magnum-de
2768 5563 3130 5637 translatione
3159 5559 3403 5637 corporis
3456 5559 3624 5607 sancti

2052 5639 2351 5711 Augustini,
2379 5625 2499 5693 cuin
2529 5653 2558 5690 e
2589 5637 2832 5692 Sardinia
2863 5633 3076 5700 Papiam
3105 5627 3205 5682 fuit
3229 5625 3484 5682 delatum.
