4034 6182
451 307 584 366 1059

1307 302 1369 356 Β.
1409 297 1654 354 CAROLI
1699 291 1910 352 MAGNI
1947 292 2098 346 OPP.
2141 287 2314 343 PARS
2354 288 2393 342 I.
2435 285 2677 344 SECTIO
2719 283 2782 340 ΙΙ.

3560 280 3692 335 ’ὓω

450 421 684 482 lanensls
729 418 1158 490 archiepiscopus
1187 425 1423 471 nostram
1470 412 1604 466 adiit
1642 409 2014 466 celsitudinem
2047 406 2093 463 Α
2125 400 2460 456 invictissimi
2492 396 2832 468 imperatoris
2860 397 3082 463 semper
3113 391 3334 461 Augusti
3370 408 3383 444 :
3416 392 3619 460 rogavi,
3648 404 3701 448 et

449 525 673 585 petens,
703 519 763 565 ut
814 489 918 578 pro
937 521 1118 561 amore
1158 505 1251 560 Dei
1305 512 1360 558 et
1393 500 1566 558 salute
1591 499 1783 554 animat
1831 505 2025 552 nostra:
2127 489 2444 560 subscripsi.

451 605 628 660 omnia
682 609 878 656 sancta:
924 594 1332 655 Mediolanensis
1375 592 1618 648 ecclesiae
1665 593 1718 645 in
1767 591 2025 644 honorem

452 694 622 748 sancti
659 690 824 744 Amsii
855 686 1178 742 confessoris
1214 685 1435 748 Christi,
1466 694 1520 739 et
1559 691 1759 738 sancta:
1788 679 2028 735 ecclesiae

454 786 682 839 dicat-ea
700 779 1180 850 prtedecessoribus
1206 776 1402 830 nostris
1429 771 2028 843 imperatoribus,atque

454 873 716 942 religiosis
739 870 984 924 omnibus
1006 883 1034 922 a
1063 867 1230 922 felicis
1266 865 1598 920 Constantini
1624 863 1876 932 Magni,et
1896 861 2026 915 alio-

456 980 572 1019 rum
599 963 977 1032 imperatorum
1009 957 1381 1014 recordatione
1402 955 1615 1019 collata,
1637 965 1817 1022 postea
1851 967 1878 1005 a
1907 966 2030 1021 per-

457 1058 578 1112 fidia
623 1069 805 1126 regum
875 1050 1340 1121 Langobardorum
1414 1048 1660 1110 turbata,
1714 1055 1768 1100 et
1825 1042 2030 1096 sublata

459 1157 636 1202 nostra
705 1143 964 1214 imperiali
1032 1141 1348 1195 auctoritate
1415 1138 1720 1201 restituere,
1775 1133 2032 1189 redinte-

457 1253 647 1308 grare,
695 1245 749 1291 et
793 1233 1112 1289 confirmare
1151 1230 1432 1285 vellemus.
1472 1226 1638 1295 Cujus
1670 1225 1769 1294 pia:
1799 1223 2034 1292 postula-

461 1327 593 1382 tioni
628 1325 988 1381 assentientes
1013 1322 1253 1390 ejusdem
1285 1316 1576 1373 beatissimi
1631 1313 1892 1369 Ambrosii
1921 1313 2034 1378 epi-

461 1419 646 1488 scopi,
696 1426 750 1472 et
797 1415 992 1472 Chriin
1030 1413 1352 1468 confessoris
1378 1407 1764 1478 implorandam
1821 1419 2036 1472 semper

461 1524 616 1579 opem
647 1515 958 1571 statuentes,
989 1505 1091 1560 hoc
1128 1503 1400 1557 decretum
1429 1543 1444 1566 ,
1475 1509 1530 1552 et
1559 1504 1883 1566 praeceptum
1925 1494 2037 1548 fieri

464 1599 834 1654 mandavimus
880 1595 1044 1651 Petro
1087 1592 1322 1648 Oldrado
1369 1588 1791 1658 archiepiscopo.
1831 1584 1948 1652 Quo
1989 1582 2038 1638 ei

463 1688 812 1745 concedimus
835 1727 850 1750 ,
883 1696 934 1740 et
965 1682 1362 1739 successoribus
1391 1681 1508 1748 ejus
1557 1678 1787 1748 legitime
1821 1677 2040 1730 intran-

2810 574 3022 630 XXVII.

2131 693 2447 762 Pra'ceptum
2490 689 2662 744 Caroli
2696 689 3019 762 imperatoris
3037 702 3154 762 Apro
3192 683 3505 740 monasterio
3527 682 3705 736 Cassio

2595 787 2614 793 α
2647 759 2792 812 neusi
2849 758 3008 826 (anno
3033 755 3185 825 8t0).

2271 869 2363 930 (Ex
2387 868 2542 930 Tosti,
2567 868 2729 918 Storia
2751 866 2881 916 delia
2904 865 3041 914 badia
3064 864 3146 915 del
3171 864 3339 914 Monte
3363 863 3574 923 Casino.)

2205 969 2258 1024 In
2291 971 2505 1023 nomine
2529 967 2739 1022 Domini
2771 966 2939 1020 nostri
2981 966 3106 1020 .lestt
3137 964 3341 1020 Christi
3379 964 3468 1018 Dei
3498 963 3713 1017 materni.

2136 1059 2359 1112 Carolus
2394 1064 2558 1127 gratia
2607 1055 2700 1109 Dei
2747 1069 2841 1109 rex
2893 1054 3220 1108 Francorum
3246 1062 3301 1108 et
3329 1052 3716 1122 Longobardo-

2139 1163 2258 1202 rum
2281 1183 2298 1211 ,
2341 1161 2403 1200 ac
2435 1147 2690 1215 patricius
2737 1143 3122 1209 Romanorum,
3147 1145 3393 1199 omnibus
3430 1144 3718 1211 episcopis,

2136 1237 2435 1300 abbatibus,
2469 1237 2716 1300 ducibus,
2757 1235 3064 1298 comitibus,
3090 1235 3378 1302 indicibus,
3417 1235 3720 1304 gastaldiis,

2139 1328 2444 1383 actionariis
2465 1364 2481 1391 ,
2519 1327 2770 1393 .vicariis,
2800 1328 3156 1388 centenariis,
3183 1325 3266 1379 vel
3294 1325 3512 1393 reliquis
3545 1323 3720 1378 fideli-

2141 1419 2240 1471 hus
2271 1416 2468 1469 nostris
2499 1413 2850 1484 prmsentibus
2877 1412 3082 1468 scilicet
3103 1424 3157 1466 et
3180 1409 3394 1466 futuris.
3425 1409 3719 1465 Maximum

2142 1507 2290 1576 regni
2325 1505 2494 1559 nostri
2547 1504 2601 1559 in
2643 1503 2746 1558 hoc
2785 1517 2981 1572 augere
3016 1502 3285 1556 credimus
3306 1500 3723 1562 munimentum,

2143 1598 2187 1650 si
2234 1594 2584 1666 petitionibus
2613 1592 2952 1648 sacerdotum
2990 1601 3150 1660 atque
3194 1603 3470 1644 servorum
3501 1587 3639 1656 Dei,
3677 1588 3724 1642 in

2146 1703 2249 1757 quo
2275 1689 2474 1743 nostris
2513 1686 2733 1741 auribus
2762 1682 2964 1738 fuerint
3005 1681 3222 1756 prolatae
3245 1723 3262 1747 ,
3293 1681 3480 1736 libenti
3521 1679 3726 1743 animo,

465 1782 629 1843 tibus,
665 1777 918 1848 quid-[uid
950 1775 1016 1830 ad
1051 1783 1283 1828 nostram
1319 1771 1745 1840 jurisdictionem
1779 1766 2045 1836 pertinere
2079 1773 2125 1832 Β
2152 1780 2586 1849 obtemperatum
2608 1817 2624 1844 ,
2656 1787 2816 1846 atque
2857 1775 2922 1830 ad
2956 1774 3205 1848 affectum
3232 1773 3602 1843 perducimus,
3639 1788 3729 1828 τε-

466 1871 520 1925 in
549 1869 680 1923 urbe
719 1865 1003 1921 Mediolani
1033 1863 1264 1929 videtur,
1300 1870 1469 1914 terras
1514 1858 1718 1912 scilicet
1746 1864 1903 1925 atque
1925 1869 2044 1908 om-

468 1976 588 2014 nem
621 1956 920 2014 districtum
945 1995 961 2020 ,
1009 1954 1202 2008 domos
1251 1951 1487 2020 publicas
1517 1960 1833 2016 murumque
1883 1945 2046 2014 ipsius

472 2052 618 2104 urbis
646 2063 764 2103 cum
796 2047 944 2111 fisco,
974 2054 1028 2100 et
1057 2045 1267 2098 teloneo
1290 2042 1495 2109 integro
1535 2051 1734 2094 etcum
1761 2037 1906 2092 omni
1923 2035 2048 2107 jure

473 2139 642 2206 civili,
676 2141 838 2202 intus,
857 2145 914 2192 et
933 2136 1128 2190 forisin
1156 2133 1378 2188 circuitu
1397 2145 1566 2202 usque
1594 2128 1660 2183 ad
1689 2129 1841 2183 lines.
1861 2127 2050 2182 Cortes

471 2236 636 2291 etiam
662 2235 829 2306 ipsius
860 2232 1112 2296 civitatis,
1137 2243 1198 2283 ac
1218 2228 1483 2282 civitatem
1504 2227 1795 2296 propriam,
1810 2223 2047 2287 castella,

471 2326 658 2390 villas,
709 2335 956 2387 manses,
1007 2333 1222 2383 servos,
1275 2327 1329 2371 et
1375 2316 1627 2384 ancillas,
1659 2315 1945 2381 crimittos,
1996 2321 2053 2368 et

472 2415 748 2481 criminas,
779 2409 1399 2482 domos,possessiones,
1432 2409 1775 2478 piscationes,
1801 2418 2045 2473 campos,

473 2516 722 2572 montes,
765 2505 962 2569 silvas,
1012 2515 1207 2572 aquas,
1248 2511 1609 2569 aquarumque
1654 2497 1949 2561 decursus,
1997 2501 2054 2550 et

475 2596 693 2666 paludes
750 2596 994 2658 habitas,
1048 2604 1101 2649 et
1151 2607 1426 2663 possessas
1485 2605 1514 2644 a
1569 2583 2053 2658 praedecessoribus

471 2689 586 2757 ejus
630 2685 1017 2754 archiepiscopi
1070 2692 1196 2739 ante
1252 2681 1529 2750 perfidiam
1605 2687 1660 2733 et
1715 2674 2051 2747 tyrannidem

474 2793 656 2850 regum
715 2775 1225 2846 LongobardOt-um;
1276 2782 1433 2842 atque
1479 2769 1657 2824 omnia
1698 2771 1815 2835 jura
1877 2765 2056 2834 aliquo

474 2868 838 2938 inscriptionis
870 2866 1046 2932 titulo,
1097 2878 1192 2920 seu
1245 2864 1578 2918 investitura:
1627 2859 1802 2913 adhuc
1830 2857 2049 2922 donata,

477 2971 535 3016 et
563 2960 756 3015 tradita
783 2999 798 3026 ,
845 2957 1022 3013 oblata
1049 2998 1063 3024 ,
1115 2969 1210 3010 seu
1242 2962 1560 3025 prtesentata
1607 2959 1808 3006 sanctive
1848 2947 2052 3004 Medio-

475 3049 676 3106 lanensi
708 3046 952 3104 ecclesia
979 3059 1010 3098 a
1051 3044 1453 3113 quibuscunqne
1484 3039 1893 3110 imperatoribus
1912 3077 1930 3104 ,
1959 3051 2052 3092 seu

477 3141 584 3212 piis
624 3138 949 3204 hominibus,
1001 3110 1264 3190 donamus
1290 3173 1306 3200 ,
1357 3130 1718 3196 concedimus,
1769 3128 2056 3183 contirma-
2083 3110 2130 3172 Ο

479 3246 620 3285 mus.
667 3229 796 3284 Item
825 3229 1089 3282 donamus
1128 3223 1417 3279 venerabili
1446 3221 1848 3289 archiepiscopo
1881 3217 2058 3283 Petro,

479 3331 535 3377 et
568 3318 968 3376 successoribus
994 3315 1111 3387 ejus
1140 3313 1374 3385 legitime
1402 3311 1725 3368 intrantibus
1747 3309 1924 3362 omnia
1941 3322 2061 3376 qua:

484 3421 675 3468 vocata
722 3420 879 3479 sunt,
933 3408 1132 3464 fiscalia
1181 3407 1476 3469 comitilia,
1527 3411 1620 3458 aut
1671 3402 2057 3469 vicecomitilia,

481 3519 600 3573 qua:
623 3503 795 3572 posita
822 3511 944 3556 sunt
965 3539 981 3566 ,
1010 3508 1101 3554 aut
1149 3504 1454 3553 constructa
1496 3496 1549 3550 itt
1581 3495 1836 3549 comitatu
1861 3491 2059 3547 Medio-

483 3595 616 3660 lani,
651 3602 757 3647 tam
811 3592 956 3646 intus
1018 3603 1176 3658 quam
1221 3588 1350 3642 foris
1399 3588 1450 3640 itt
1489 3585 1742 3650 circuitu,
1803 3597 1968 3652 usque
1995 3581 2061 3636 ad

483 3685 617 3740 fines
667 3682 950 3751 praedictos
993 3694 1141 3746 suos,
1194 3679 1264 3734 ita
1296 3685 1354 3732 ut
1392 3675 1715 3731 venerabilis
1759 3674 1944 3729 Petrus
1966 3675 2060 3727 υΙ-

484 3773 682 3830 dradus
711 3771 1142 3842 archiepiscopus
1163 3807 1180 3835 ,
1228 3777 1283 3824 et
1312 3779 1651 3822 successores
1680 3763 1796 3832 ejus
1830 3762 2063 3832 legitime

485 3867 746 3922 intrantes
789 3870 1102 3934 potestatem
1151 3860 1259 3915 illic
1285 3860 1515 3915 habeant
1554 3873 1650 3929 per
1700 3871 1796 3921 se,
1827 3863 1919 3910 aut
1970 3869 2064 3923 per

487 3957 681 4012 missos
700 3968 825 4010 suos
850 3950 1140 4024 judicandi,
1164 3949 1537 4020 distringendi,
1568 3946 1816 4019 placitum
1845 3945 2060 4001 tenendi

2147 1872 2285 1940 giam
2336 1867 2776 1923 consuetudinem
2819 1874 3168 1928 exercentes;
3222 1873 3278 1918 et
3325 1863 3427 1917 hoc
3470 1863 3630 1916 nobis
3664 1865 3728 1915 ad

2149 1963 2412 2018 mercedis
2443 1969 2818 2031 augmentum,
2867 1957 2948 2013 vel
2977 1958 3320 2011 stabilitatem
3361 1955 3507 2024 regni
3554 1957 3727 2008 nostri

2152 2055 2208 2109 in
2233 2053 2328 2107 Dei
2359 2053 2575 2106 nomine
2615 2051 2883 2119 pertinere
2918 2048 3256 2102 confidimus.
3295 2045 3460 2114 Igitur
3488 2057 3728 2100 cuncto-

2151 2158 2268 2199 rutn
2305 2141 2540 2196 fidelium
2568 2148 2768 2194 sancite
2795 2137 2888 2192 Dei
2913 2137 3168 2191 Ecclesia:
3197 2145 3600 2201 nostrorumque
3631 2150 3726 2187 co-

2155 2240 2378 2302 guoscat
2419 2229 2636 2284 solertia
2665 2269 2681 2294 ,
2729 2227 2851 2298 quia
2900 2225 3224 2280 venerabilis
3265 2225 3348 2278 vir
3385 2224 3733 2278 'l‘beodentar

2154 2323 2319 2378 abbas
2361 2323 2529 2376 sancti
2581 2318 2855 2375 Benedicti
2895 2318 2965 2374 de
3009 2329 3189 2372 castro
3231 2315 3462 2383 Casino,
3496 2316 3585 2371 ubi
3616 2318 3735 2385 ipse

2155 2416 2396 2480 corporis
2421 2413 2711 2484 sepulturae
2752 2413 2926 2468 locum
2954 2411 3300 2482 veneratione
3329 2411 3527 2466 dicavit
3549 2451 3568 2477 ,
3606 2425 3731 2465 cum

2154 2512 2346 2559 cuncta
2371 2503 2782 2573 congregatione
2804 2517 2921 2572 qua:
2951 2503 3003 2556 in
3034 2502 3222 2557 eodem
3265 2501 3384 2555 loco
3410 2500 3512 2555 sub
3547 2499 3732 2570 regula

2154 2594 2368 2649 altnifici
2398 2593 2723 2649 confessoris
2765 2592 3146 2662 omnipotentis
3187 2590 3290 2646 Dei-
3329 2590 3601 2646 Benedicti
3638 2606 3728 2645 ve-

2156 2686 2352 2738 raciter
2397 2685 2628 2740 militare
2666 2683 3049 2753 cognovimus,
3096 2680 3358 2735 miserunt
3396 2680 3465 2733 ad
3493 2689 3730 2734 nostrat-

2159 2776 2490 2848 prtesentiatn
2531 2772 2806 2843 Benjatnin
2859 2770 3176 2826 monachum
3201 2809 3219 2836 ,
3263 2769 3599 2839 postulantes
3642 2787 3733 2823 no-

2159 2878 2326 2924 stram
2369 2863 2733 2919 celsitudinem
2756 2903 2771 2928 ,
2823 2873 2877 2915 ιιι
2914 2861 2984 2915 ob
3011 2860 3134 2916 Jesu
3162 2860 3358 2916 Christi
3393 2860 3610 2914 Domini
3640 2879 3730 2914 tto-

2157 2959 2278 3020 stri,
2305 2958 2582 3024 sanctique
2607 2953 2876 3008 Benedicti
2899 2951 3196 3008 reverentia
3226 2959 3281 3005 et
3307 2950 3501 3004 anima:
3530 2964 3727 3005 nostra:

2160 3045 2432 3111 mercede,
2459 3044 2524 3098 ad
2555 3051 2899 3113 augmentum
2930 3041 3280 3111 suprascripti
3307 3041 3657 3108 monasterii,
3685 3052 3737 3096 et

2159 3137 2590 3209 supplementum
2638 3135 2881 3207 ejusdem
2931 3133 3034 3191 loci
3075 3132 3520 3189 confirmaremus
3553 3135 3612 3189 in
3645 3147 3737 3188 eo-

2158 3228 2278 3284 dem
2310 3238 2498 3283 sancto
2539 3227 2791 3283 ctenobio
2829 3226 3212 3280 monasterium
3248 3233 3449 3278 sanctae
3476 3223 3661 3279 Maria:
3689 3225 3739 3278 in

2159 3318 2416 3372 Maurinis
2437 3357 2453 3385 ,
2482 3317 2621 3372 sicut
2647 3316 2995 3372 lldebrandus
3023 3315 3142 3370 dua:
3183 3315 3237 3370 in
3265 3315 3453 3370 eodem
3487 3315 3740 3370 ccenobio

2160 3409 2434 3466 Casinensi
2462 3409 2697 3465 otl'erint.
2753 3410 2989 3477 Quorum
3017 3408 3300 3478 petitiones
3329 3421 3428 3462 nos
3451 3407 3523 3462 ob
3545 3407 3737 3462 anitnte

2162 3513 2356 3558 nostra:
2385 3501 2709 3568 mercedem,
2757 3501 2824 3556 ad
2869 3510 3210 3572 augmentum
3259 3501 3389 3554 tanti
3437 3500 3543 3555 loci
3578 3501 3736 3569 proﬁ-

2160 3609 2315 3649 cuum
2341 3608 2462 3649 esse
2483 3594 2798 3661 recolentes,
2833 3593 3058 3648 libenter
3090 3592 3332 3647 audimus
3353 3633 3368 3657 ,
3401 3601 3455 3646 et
3477 3600 3742 3660 pra-taxa-

2163 3691 2273 3736 tutn
2291 3684 2672 3738 monasterium
2695 3695 2892 3736 sancta:
2915 3682 3092 3737 Marias
3112 3681 3168 3736 in
3193 3681 3447 3736 Maurinis
3468 3682 3526 3735 in
3550 3680 3742 3736 eodem

2163 3774 2300 3828 beati
2328 3774 2602 3828 Benedicti
2637 3773 2882 3830 cmttobio
2911 3773 3216 3842 perenniter
3246 3787 3560 3827 mansurum
3588 3773 3743 3826 volu-

2163 3879 2281 3920 mus
2303 3879 2420 3920 cum
2440 3865 2706 3931 ecclesiis,
2723 3865 2892 3929 cellis,
2915 3864 3076 3933 villis,
3099 3864 3318 3934 capellis
3333 3904 3349 3928 ,
3373 3863 3568 3929 titulis,
3584 3865 3747 3929 casis,

2161 3953 2332 4010 servis
2359 3965 2414 4010 et
2440 3955 2680 4023 ancillis,
2727 3955 3022 4022 cartulatis,
3055 3953 3502 4025 pmferendariis,
3536 3954 3748 4010 colonis

483 4049 600 4120 jura
657 4045 889 4118 ligandi,
941 4045 1060 4114 jura
1107 4041 1386 4108 solvendi,
1456 4049 1512 4096 et
1563 4037 1819 4109 quidquid
1875 4051 2059 4111 eorum
2157 4054 2219 4101 et
2255 4045 2916 4111 colonabus,aldionibus
2939 4057 2995 4101 et
3020 4045 3298 4112 aldiabus,
3344 4047 3503 4101 terris
3562 4046 3747 4110 cultis,

487 4139 729 4204 utilitas,
777 4143 835 4192 et
889 4132 1228 4190 commodum
1275 4132 1494 4198 tulerit,
1533 4130 1758 4186 faciendi
1789 4128 1856 4183 ad
1885 4129 2062 4184 incre-

486 4235 751 4292 mentum,
775 4234 829 4280 et
857 4224 1112 4278 honorem
1143 4221 1308 4292 ipsius
1328 4230 1527 4275 sancta:
1543 4217 1785 4274 ecclesiae
1801 4215 2059 4271 mediola-

487 4316 670 4374 nensis
718 4317 770 4371 in
803 4325 1116 4386 perpetuum
1150 4313 1439 4367 duratura'.
1471 4311 1850 4380 Praecipientes
1908 4308 2066 4378 igitur

483 4407 767 4480 iubemus,
815 4413 874 4460 ιιι
914 4405 1094 4460 nullus
1136 4413 1316 4459 noster
1341 4403 1483 4469 dux,
1526 4400 1802 4467 marchio,
1855 4413 2057 4464 comes,

425 4494 428 4496 ’
487 4499 808 4564 vicecomes,
857 4497 1127 4553 sculdasio
1152 4538 1166 4562 ,
1196 4495 1504 4566 gastaldius,
1563 4501 1942 4565 procuratorve
1979 4492 2060 4546 ul-

458 4621 461 4626 ν
492 4587 594 4653 lus,
622 4590 757 4642 hanc
775 4599 1010 4644 sanctam
1042 4589 1136 4644 Dei
1167 4588 1446 4643 ecclesiam
1477 4585 1768 4654 inquietet,
1797 4593 1887 4638 aut
1915 4597 2065 4636 man-

452 4655 811 4782 isionaticum
866 4677 1064 4744 faciat,
1119 4678 1384 4732 teloneum
1433 4677 1735 4730 districtum
1792 4674 2061 4743 placitum,

452 4765 584 4830 iant
637 4770 792 4826 aliam
841 4769 1134 4838 quamlibet
1172 4769 1435 4837 publicam
1485 4767 1812 4822 functionem
1858 4765 2058 4834 exigat.

491 4865 584 4920 Sin
616 4865 790 4918 minus
815 4908 828 4932 ,
862 4864 995 4916 sciat
1025 4876 1084 4916 se
1108 4862 1402 4916 soluturum
1427 4859 1541 4913 auri
1572 4859 1756 4926 optimi
1785 4857 1946 4912 libras
1966 4857 2064 4911 du-

492 4965 706 5024 centum
733 4972 745 5007 :
775 4963 990 5009 centum
1016 4952 1143 5008 fisco
1176 4960 1380 5014 nostro,
1407 4959 1458 5004 et
1494 4959 1705 5003 centum
1731 4949 1829 5016 ipsi
1860 4948 2067 5003 archie-

494 5047 732 5117 piscopo.
778 5045 928 5114 Quod
978 5055 1032 5100 ut
1064 5045 1242 5100 verius
1269 5043 1509 5107 credant,
1556 5051 1612 5097 et
1649 5041 1954 5112 diligentius
1974 5041 2069 5097 ob-

494 5151 765 5202 servetur,
799 5154 955 5194 manu
1008 5139 1222 5207 propria
1272 5139 1626 5201 roborantes,
1669 5135 1847 5189 annuli
1899 5133 2067 5188 nostri

497 5231 845 5300 impressione
867 5229 1121 5298 jossimus
1148 5228 1405 5300 insigniri,
1431 5236 1484 5282 et
1512 5224 1857 5282 convalidari.

567 5321 688 5374 Dat.
737 5320 984 5375 Dertonte
1025 5318 1142 5374 Kal.
1175 5320 1294 5373 Maii
1347 5320 1470 5375 anui
1526 5319 1789 5374 incarnat.
1859 5314 2068 5370 Domini

499 5411 664 5465 nostri
713 5407 838 5464 Jesu
867 5407 1064 5463 Christi
1093 5407 1217 5474 809,
1253 5410 1437 5464 indict.
1489 5425 1582 5474 ιιι,
1634 5408 1842 5477 imperii
1889 5414 2068 5460 autem

502 5503 666 5557 nostri
696 5517 836 5557 anno
863 5505 935 5568 ‘J,
977 5517 1262 5574 regnorum
1291 5519 1418 5558 vero
1452 5513 1758 5558 nostrorum
1788 5501 1878 5554 42.

575 5591 858 5661 Longinus,
882 5595 1228 5650 caucellarius
1269 5596 1334 5650 ad
1369 5597 1534 5651 vicem
1583 5594 1784 5650 Odonis
1813 5593 2072 5664 episcopi,

508 5691 560 5735 et
611 5683 1057 5742 archicancellarii
1107 5685 1308 5742 domini
1361 5689 1527 5742 nostri
1567 5686 1742 5744 Caroli
1789 5686 1989 5758 Magni,
2022 5692 2077 5740 et

2164 4138 2401 4206 incultis,
2429 4139 2590 4208 agris,
2614 4138 2840 4208 campis,
2872 4136 3059 4207 pratis,
3091 4136 3322 4204 pascuis,
3352 4136 3524 4202 silvis,
3553 4136 3748 4198 vineis.

2163 4228 2749 4297 salicetis,'cannetis,
2787 4228 2942 4298 aquis
2991 4241 3357 4298 aquarumque
3403 4225 3748 4291 decursibus,

2165 4316 2586 4384 piscationibos,
2657 4315 3018 4382 molendinis,
3089 4316 3519 4386 molendinisque
3575 4316 3746 4378 locis,

2168 4407 2472 4475 tuotttibus,
2518 4409 2860 4478 planitiebus,
2894 4408 3152 4474 vallibus,
3186 4409 3470 4479 paludibus
3504 4410 3746 4479 qna-sitis

2170 4498 2251 4550 vel
2300 4497 2672 4567 inquirendis,
2742 4497 3030 4553 mobilibus
3075 4507 3132 4553 et
3175 4498 3581 4567 immobilibus,
3627 4511 3749 4568 qua

2168 4587 2386 4656 adipisci
2419 4588 2633 4656 poterit,
2667 4597 2980 4657 prtetaxata:
3002 4587 3244 4643 ecclesia:
3269 4589 3410 4643 beati
3445 4587 3749 4653 Benedicti,

2169 4681 2622 4738 etheodentario
2650 4681 2825 4736 abbati
2850 4681 3072 4752 ejusque
3099 4680 3522 4746 successoribus,
3538 4681 3634 4749 qui
3656 4694 3756 4751 pro

2171 4782 2413 4844 tempore
2459 4774 2662 4828 fuerint
2709 4780 2980 4841 pastores,
3023 4783 3184 4843 atque
3227 4781 3465 4829 rectores
3503 4771 3756 4841 ejusdem

2170 4865 2484 4920 monasterii
2523 4879 2590 4920 ex
2618 4865 2823 4934 integro
2860 4866 3246 4921 confirmamus
3288 4880 3353 4921 ac
3398 4865 3756 4930 roboratnns,

2172 4967 2225 5013 et
2254 4973 2348 5028 per
2381 4965 2577 5013 nostra:
2605 4957 2934 5013 auctoritatis
2973 4939 3295 5028 praeceptum
3334 4957 3682 5013 stabilietnns
3705 4965 3762 5009 ut

2167 5050 2287 5120 jure
2316 5049 2678 5105 ecclesiastico
2705 5050 2956 5117 habeant,
2991 5060 3227 5117 teneant,
3262 5050 3600 5120 firmiterqne
3636 5065 3758 5118 pos-

2174 5140 2385 5194 sideant
2411 5180 2425 5205 ,
2473 5140 2710 5194 omnium
2741 5140 3016 5195 hominum
3057 5139 3479 5196 contradictione
3518 5151 3758 5194 remota.

2176 5229 2468 5285 Statnimus
2498 5229 2768 5296 videlicet,
2799 5239 2859 5284 ut
2889 5231 3065 5285 nullus
3083 5231 3212 5299 dux,
3251 5229 3514 5297 marchio,
3543 5244 3758 5294 contos,

2173 5321 2494 5388 vicecomes,
2526 5335 2620 5376 seu
2643 5320 2868 5391 quilibet
2894 5321 3200 5390 reipublicte
3231 5331 3470 5384 exactor,
3503 5321 3762 5374 homines

2173 5411 2411 5484 ejusdem
2453 5412 2695 5467 ecclesiae
2750 5412 2944 5480 injuste
2988 5416 3267 5484 angariare
3317 5413 3396 5466 vel
3444 5411 3762 5479 flagellate;

2174 5518 2270 5559 seu
2297 5517 2383 5557 res
2406 5502 2646 5572 ejusdem
2675 5503 2917 5556 ecclesias
2942 5501 3148 5568 tollere,
3182 5512 3275 5556 aut
3297 5501 3440 5556 illam
3468 5500 3763 5554 disvestire

2177 5595 2391 5650 audeat.
2435 5594 2499 5649 Et
2527 5595 2572 5650 si
2600 5594 2793 5663 aliquis
2825 5610 2916 5663 per
2944 5593 3105 5650 falsas
3133 5595 3365 5649 curtulas
3392 5608 3476 5648 res
3503 5591 3765 5645 ecclesiae

2179 5686 2412 5740 alienare
2458 5683 2753 5752 desiderat,
2803 5685 2886 5739 vel
2931 5684 3200 5753 alienavit,
3259 5684 3414 5742 liceat
3449 5682 3765 5738 rectoribus
