4034 6182
304 373 433 433 1041

607 373 834 430 CODEX
872 366 1389 429 DIPLOMATICUS.
1429 397 1499 409 --
1537 360 1945 420 PBIVlLl-lGIA.
1986 389 2053 399 —
2084 359 2148 414 ll.
2190 358 2434 413 PlllVlL.
2479 359 2608 414 PER
2650 359 2914 417 PARTES
2953 361 3225 420 ΙτΑωιΕ.

3393 360 3532 420 1042

299 493 407 563 iam
435 493 592 547 dicta:
619 488 858 544 ecclesiae
889 500 983 555 per
1007 491 1394 538 sacramentum
1424 487 1477 534 et
1499 476 1860 533 testimonium
1892 471 1941 529 A
1972 486 2076 563 uno
2105 471 2268 526 latere
2295 481 2481 540 crvpta
2527 473 2770 539 latronis,
2822 490 2939 542 quae
2985 487 3065 531 cst
3101 479 3199 532 sub
3229 483 3535 536 monticellu

304 589 561 640 bonorum
597 581 874 635 hominum
917 574 1445 632 circnmmanentium
1492 586 1550 626 se
1579 569 1868 624 defendere

1968 562 2377 628 Sarracenisco,
2417 573 2472 619 et
2509 566 2634 620 inde
2681 569 2922 621 ascendit
2963 568 3013 622 in
3047 572 3276 626 stalilum
3315 575 3382 629 de
3430 576 3537 628 Ma-

296 678 441 747 juste
486 682 539 729 et
590 673 850 740 legaliter,
882 669 1024 722 illam
1055 681 1140 722 res
1164 665 1442 720 ecclesiam
1483 662 1782 730 pertinere,
1813 667 1868 712 et
1963 653 2086 720 jella
2115 671 2127 704 :
2159 654 2226 708 de
2270 653 2375 708 alio
2422 655 2586 710 latere
2631 659 2899 725 quomodo
2941 660 3218 716 descendit
3264 664 3316 716 in
3347 680 3534 732 aquam

298 768 377 822 sic
425 764 638 819 easdem
680 776 764 816 res
807 759 871 814 ad
899 758 990 828 jus
1011 767 1067 812 et
1105 755 1398 811 dominium
1442 752 1688 808 ecclesia:
1741 749 1867 804 red-

300 858 415 912 dat.
455 856 509 911 Si
535 855 652 924 quis
677 860 851 906 autem
879 849 1039 920 hujus
1071 857 1270 902 nostra:
1292 846 1706 902 confirmationis
1731 858 1868 912 prae-

298 958 511 1018 ceptum
534 948 851 1012 infringere,
897 945 979 998 vel
1016 942 1215 996 violare
1254 937 1617 1007 temptaverit,
1651 946 1703 990 et
1733 951 1870 1004 prae-

298 1041 458 1094 dictae
482 1036 718 1091 ecclesiae
749 1034 886 1089 beati
918 1030 1189 1086 Benedicti
1221 1037 1457 1084 rectores
1485 1027 1568 1081 vel
1602 1033 1863 1093 pastores,

301 1130 383 1183 vel
411 1140 595 1183 eorum
624 1123 844 1189 missos,
884 1135 979 1177 seu
1014 1120 1222 1189 aliquos
1264 1116 1506 1172 homines
1537 1114 1665 1183 ipsis
1693 1114 1867 1179 perti-

301 1230 487 1276 nentes
529 1213 856 1285 distringerit
880 1254 896 1279 ,
947 1218 1040 1265 aut
1060 1211 1288 1277 aliquam
1317 1205 1617 1262 violentiam
1651 1201 1863 1267 fecerit,

299 1314 432 1368 sciat
466 1324 526 1365 se
568 1305 986 1376 compositurum
1033 1300 1147 1354 auri
1193 1297 1383 1369 Optimi
1427 1297 1589 1350 libras
1618 1305 1860 1358 centum,

299 1402 636 1456 medietatem
665 1409 891 1451 camera
923 1399 1151 1455 nostrae,
1185 1398 1238 1443 et
1268 1386 1609 1442 medietatem
1641 1383 1861 1454 praefato

301 1489 592 1546 venerabili
622 1485 840 1550 abbati,
891 1492 946 1536 et
993 1480 1107 1535 suis
1153 1477 1548 1534 successoribus
1576 1516 1592 1541 ,
1633 1476 1721 1545 qui
1765 1489 1863 1543 pro

299 1593 538 1650 tempore
565 1576 760 1631 fuerint
785 1581 1021 1629 rectores
1045 1568 1282 1638 ejusdem
1313 1567 1568 1622 ecclesiae.
1611 1564 1764 1631 Quod
1805 1572 1862 1617 ut

299 1671 478 1726 verius
507 1668 784 1730 credatur,
815 1672 870 1718 et
897 1662 1196 1731 diligentius
1236 1659 1302 1713 ab
1327 1657 1574 1711 omnibus
1600 1656 1866 1710 observe-

299 1771 402 1825 tur,
427 1758 687 1828 jussimus
712 1755 832 1809 inde
860 1752 961 1807 hoc
1001 1765 1232 1818 praasens
1271 1758 1590 1818 praeceptum
1634 1747 1866 1801 conscri-

296 1851 373 1915 bi,
403 1848 706 1915 annuloque
739 1853 919 1898 nostro
947 1840 1166 1911 sigillari
1191 1878 1208 1906 ,
1242 1853 1402 1892 manu
1440 1836 1648 1906 pr0pria
1678 1837 1866 1892 subter

297 1941 645 1996 firmavimus.

367 2031 584 2099 Signum
610 2025 784 2081 Caroli
811 2020 1179 2094 gloriosissitni
1207 2019 1371 2087 regis.

365 2129 528 2184 Jacob
553 2127 618 2181 ad
649 2125 817 2179 vicem
854 2121 1105 2176 HadOnis.

370 2230 497 2282 Data
549 2235 742 2280 octavo
770 2219 1036 2286 Kalendas
1091 2219 1295 2287 Maias,
1346 2231 1488 2272 anno
1519 2216 1756 2280 decimo,
1811 2214 1866 2269 el-

299 2330 484 2388 quarto
511 2318 716 2372 decimo
742 2313 886 2382 regni
919 2313 1114 2378 nostri,
1149 2312 1438 2366 indictione
1468 2309 1767 2364 undecima.

369 2423 557 2474 Actum
602 2416 816 2471 civitate
855 2414 1032 2480 Capua
1063 2452 1078 2472 .
1127 2411 1177 2464 in
1222 2410 1316 2465 Dei
1373 2410 1588 2463 nomine
1627 2407 1868 2470 feliciter,

303 2512 487 2564 (tmen.
511 2536 581 2550 -—
606 2507 826 2560 Carolus
853 2503 1018 2573 gratia
1055 2502 1145 2555 Dei
1177 2502 1466 2570 imperator
1492 2501 1777 2568 Augustus.

963 2630 1196 2685 XXVIII.

303 2748 621 2818 Prwcepmm
642 2746 812 2800 Caroli
845 2742 1024 2818 Magni
1059 2758 1150 2809 pro
1177 2743 1350 2818 eodem
1378 2741 1666 2795 Cassinenst'
1691 2758 1872 2796 utona-

828 2815 978 2868 εἰει-ἑο
1001 2814 1158 2883 (anno
1188 2811 1332 2881 8Itl).

869 2926 962 2989 (Ex
989 2925 1139 2986 Tosti,
1165 2925 1304 2986 ibid.)

371 3035 427 3089 In
458 3035 670 3088 nomine
682 3032 888 3086 Domini
910 3031 1073 3085 nostri
1094 3029 1216 3084 .lcsu
1236 3028 1429 3083 Christi
1447 3028 1535 3084 Dei
1555 3029 1758 3082 :etcrni.
1777 3029 1876 3082 Ca-

1969 747 2387 816 Frassiningam,
2415 757 2469 801 et
2500 747 2622 800 inde
2653 749 2814 800 mittit
2859 748 2912 801 in
2945 749 3114 802 rivum
3141 749 3450 814 Bacir.num,
3484 763 3540 807 et

1968 835 2114 889 vadit
2159 837 2210 889 in
2253 845 2466 903 puteum
2497 835 2565 889 de
2595 833 2896 902 Capetano;
2927 837 3048 891 inde
3078 837 3328 891 fossatum
3359 840 3416 893 S.
3448 839 3540 893 Ja-

1969 925 2158 988 nuarii,
2189 933 2242 979 et
2288 926 2340 979 in
2389 935 2679 980 resentem.
2742 925 2816 979 De
2855 927 2960 980 alio
2993 929 3158 983 latere
3191 929 3312 983 linis
3344 931 3526 984 Bisara

1971 1015 2025 1068 in
2052 1015 2191 1069 viam
2239 1029 2358 1082 quae
2407 1014 2550 1069 vadit
2596 1015 2647 1068 in
2697 1017 2879 1070 lacuna
2931 1031 3089 1085 supra
3130 1019 3186 1072 8.
3231 1018 3536 1073 Donatum:

1970 1105 2094 1161 hinc
2113 1105 2165 1160 in
2193 1105 2456 1160 Ficarium
2483 1145 2501 1172 ,
2544 1107 2668 1161 inde
2700 1107 2750 1159 in
2781 1107 3036 1160 fossatum
3079 1107 3148 1163 de
3175 1108 3234 1163 8.
3264 1109 3421 1163 Lucia
3442 1156 3455 1176 ,
3488 1118 3542 1164 et

1967 1196 2206 1251 ascendit
2248 1210 2343 1264 per
2403 1210 2592 1265 aquam
2642 1195 2883 1264 frigidam
2937 1197 2986 1250 in
3035 1196 3201 1252 limite
3249 1199 3316 1252 de
3362 1211 3542 1255 monte

1969 1287 2131 1356 plano
2154 1326 2170 1350 ,
2221 1295 2274 1341 et
2303 1285 2440 1341 sicut
2468 1286 2616 1340 vadit
2655 1287 2756 1340 sub
2781 1283 2945 1354 ipsius
2976 1286 3230 1340 limitibus
3259 1289 3308 1341 in
3341 1288 3543 1343 fossatu
3593 1271 3601 1276 ’

1969 1377 2216 1445 Carifuli,
2238 1386 2292 1432 et
2321 1377 2392 1431 ita
2427 1377 2575 1432 vadit
2599 1377 2650 1432 in
2674 1378 2892 1433 Aleuto.
2926 1377 3068 1433 Inter
3093 1394 3227 1448 quos
3254 1381 3384 1434 lines
3414 1381 3542 1434 nulli

1971 1471 2167 1526 homini
2192 1470 2388 1540 aliquid
2417 1470 2676 1538 dedimus,
2707 1470 2801 1525 sed
2834 1469 3000 1525 fischo
3019 1471 3181 1540 regali
3209 1471 3500 1539 pertinebat
3527 1489 3542 1537 ;

1969 1562 2144 1617 omnia
2177 1563 2229 1616 in
2259 1560 2446 1615 eodem
2488 1561 2736 1616 coenobio
2781 1560 3099 1625 obtulimus,
3147 1560 3340 1614 dehinc
3367 1562 3542 1617 eccle-

1969 1656 2064 1708 sia:
2088 1653 2146 1710 8.
2175 1653 2356 1707 Mariae
2379 1653 2430 1706 in
2460 1652 2731 1716 Bacinno;
2782 1653 2841 1708 S.
2875 1653 3071 1708 Felicis
3116 1654 3168 1708 in
3207 1653 3542 1718 Pastoricin;

1970 1743 2030 1798 S.
2090 1744 2358 1798 Benedicti
2401 1743 2454 1797 in
2502 1743 2691 1807 Turri;
2740 1745 2798 1800 8.
2833 1743 2934 1798 Viti
2983 1759 3143 1814 supra
3198 1746 3394 1800 flumen
3444 1746 3543 1800 La-

1975 1833 2212 1899 vinium;
2249 1833 2310 1889 8.
2355 1834 2518 1890 lleliae
2570 1835 2621 1888 in
2659 1835 3002 1904 Sclangario;
3053 1836 3110 1891 8.
3157 1837 3370 1892 Comitii
3400 1838 3546 1905 juxta

1973 1925 2144 1978 rivum
2179 1924 2433 1991 Arulum;
2474 1926 2530 1979 8.
2569 1925 2732 1980 Felici
2777 1926 2827 1980 in
2872 1927 3143 1996 pulverio;
3188 1926 3247 1982 S.
3279 1927 3462 1982 Culisti
3496 1931 3546 1984 in

1973 2015 2157 2081 Iliano,
2214 2017 2274 2072 S.
2304 2016 2620 2071 Manumetis
2651 2017 2879 2081 ibidem;
2923 2016 2976 2072 8.
3005 2017 3182 2072 Mariae
3212 2018 3264 2072 in
3295 2019 3547 2087 Patiano;

1973 2107 2029 2160 S.
2065 2107 2223 2161 Marci
2266 2106 2478 2160 ibidem.
2523 2105 2580 2161 S.
2633 2105 2923 2160 Eleutherii
2973 2107 3025 2160 in
3075 2106 3244 2176 Rupi;
3296 2109 3354 2164 8.
3401 2110 3549 2166 Pauli

1973 2196 2193 2258 ibidem,
2228 2212 2329 2250 una
2357 2212 2475 2250 cum
2506 2205 2682 2251 castro
2703 2195 2976 2262 Calcaria;
3015 2196 3074 2251 8.
3107 2198 3316 2253 Erasmi
3345 2201 3399 2254 in
3432 2215 3549 2255 cer-

1972 2286 2080 2341 ritu
2107 2287 2302 2356 planu;
2335 2287 2394 2341 S.
2424 2286 2739 2352 Salvatoris,
2771 2297 2826 2344 et
2853 2291 2909 2346 S.
2951 2288 3159 2344 Martini
3190 2289 3382 2345 ibidem
3420 2310 3432 2344 :
3485 2291 3546 2347 S.

1983 2375 2290 2440 Benedicti;
2322 2375 2382 2430 8.
2415 2378 2588 2431 Mariae
2612 2419 2627 2443 ,
2663 2390 2716 2433 et
2743 2381 2794 2436 8.
2831 2379 3039 2436 Comitii
3076 2382 3128 2436 in
3158 2382 3339 2449 Orno;
3365 2382 3421 2435 S.
3449 2381 3552 2435 Ca-

1974 2469 2111 2535 listi;
2149 2469 2206 2525 S.
2239 2471 2380 2525 Petri
2413 2473 2464 2525 in
2497 2471 2830 2539 Albianellu;
2864 2474 2920 2528 8.
2956 2473 3146 2538 Mauri,
3177 2484 3230 2527 et
3259 2473 3316 2528 S.
3353 2472 3546 2526 Benati

1973 2559 2026 2613 in
2070 2559 2414 2624 Taratolano,
2467 2570 2520 2613 et
2575 2561 2724 2628 piezu
2779 2562 3117 2626 Corvarium;
3173 2561 3232 2617 8.
3285 2561 3466 2614 Calisti
3499 2562 3549 2615 in

1975 2653 2114 2707 valle
2142 2667 2299 2720 supra
2332 2653 2610 2717 Lmntum;
2640 2652 2702 2707 8.
2734 2653 2912 2706 Mariae
2941 2667 3099 2720 supra
3126 2652 3235 2706 fara
3275 2653 3342 2707 de
3383 2652 3551 2707 Lren-

1979 2749 2125 2807 tum;
2155 2743 2212 2796 S.
2239 2743 2420 2798 Sabini
2445 2745 2494 2794 in
2536 2742 2863 2808 Trevanico;
2895 2743 2953 2797 8.
2983 2742 3244 2797 Clementi
3279 2744 3330 2796 in
3363 2741 3544 2795 Plum-

1877 2883 1880 2886 .
1977 2834 2132 2898 bata;
2161 2835 2217 2888 8.
2254 2834 2431 2887 Mariae
2480 2834 2530 2887 in
2578 2834 2738 2886 ﬂuvio
2781 2835 2928 2898 foro;
2961 2832 3131 2887 sancti
3169 2833 3308 2886 Petri
3342 2834 3392 2885 in
3423 2832 3548 2886 Lol-

1979 2925 2148 2990 liano;
2176 2925 2558 2978 monasterium
2587 2923 2645 2979 8.
2677 2924 2952 2986 Severini;
2984 2926 3041 2979 8.
3076 2925 3268 2979 Menne
3297 2924 3349 2977 in
3378 2924 3508 2991 Bipe
3533 2940 3550 2990 ;

1978 3016 2034 3070 S.
2071 3016 2295 3070 Andreas
2322 3015 2373 3068 in
2404 3015 2540 3070 colle
2567 3015 2633 3068 de
2663 3015 2822 3078 Alba;
2848 3014 2906 3070 8.
2951 3015 3089 3069 Petri
3119 3014 3172 3068 in
3196 3017 3317 3079 Art;
3350 3013 3406 3068 8.
3439 3016 3560 3066 Αη-’

299 3127 448 3181 rolus
468 3128 630 3197 gratia
653 3125 742 3176 Dei
782 3140 874 3177 rex
904 3123 1258 3184 Francorum,
1305 3131 1462 3188 atque
1497 3120 1870 3189 Longobardo—

1977 3105 2080 3174 geli
2124 3114 2249 3158 ante
2293 3106 2558 3160 civitatem
2591 3107 2883 3172 Ortonam;
2935 3105 3211 3160 castellum
3255 3105 3322 3159 de
3358 3104 3553 3173 Ungo;

298 3233 440 3283 rum,
468 3231 530 3271 ac
553 3216 800 3284 patricius
819 3214 1193 3278 Romanorum,
1209 3213 1452 3266 omnibus
1480 3211 1763 3280 episcopis,
1787 3213 1877 3269 ab-

301 3311 384 3364 bat
397 3311 531 3374 ibus,
549 3305 1101 3373 ducibus,comitibus,
1115 3304 1403 3370 jndicibus,
1417 3306 1882 3366 castaldeis,actin-

302 3403 491 3464 uariis,
515 3398 745 3459 vicariis,
789 3395 1135 3458 centenariis,
1165 3393 1245 3446 vel
1277 3394 1492 3460 reliquis
1521 3394 1762 3448 fidelibus
1795 3413 1882 3448 no-

301 3492 432 3545 stris
446 3488 795 3558 prazsentihus
817 3497 974 3554 atque
997 3485 1203 3539 futuris.
1236 3485 1518 3539 Maximum
1543 3487 1686 3554 regni
1713 3489 1878 3541 nostri

303 3583 356 3634 in
400 3581 499 3633 hoc
523 3592 716 3648 angere
742 3575 1008 3631 credimus
1029 3576 1436 3638 munimentum,
1459 3575 1501 3628 si
1536 3576 1880 3643 petitionibus

305 3669 640 3724 sacerdotum
685 3680 841 3735 atque
887 3680 1159 3720 servorum
1194 3665 1310 3730 Dei,
1347 3665 1398 3719 in
1423 3681 1527 3732 quo
1558 3667 1757 3720 nostris
1789 3683 1882 3718 au-

304 3764 455 3814 ribus
482 3758 676 3813 fuerint
711 3759 925 3826 prolata:
949 3797 964 3821 ,
1012 3756 1194 3809 libenti
1224 3756 1402 3810 animo
1429 3757 1876 3824 obtemperantus,

303 3860 463 3916 atque
502 3847 565 3900 ad
611 3845 856 3900 effectum
907 3846 1272 3913 perducimus,
1297 3847 1492 3914 regiam
1536 3847 1881 3900 consuetudi-

307 3955 429 3993 nem
465 3951 815 3992 exercemus:
845 3945 898 3990 et
923 3936 1024 3989 hoc
1050 3936 1203 3990 nobis
1228 3936 1294 3989 ad
1323 3937 1584 3989 mercedis
1628 3952 1882 4003 augmen-

306 4041 418 4082 tum
447 4028 530 4083 vel
554 4029 896 4083 stabilitatem
928 4027 1076 4096 regni
1107 4028 1270 4080 nostri
1297 4027 1348 4081 in
1380 4027 1474 4081 Dei
1501 4029 1713 4082 nomine
1747 4044 1875 4096 per-

307 4123 481 4174 tinere
514 4119 856 4174 confidimus.
898 4117 1232 4186 Quapropter
1282 4118 1490 4172 noverit
1530 4118 1742 4172 solertia
1792 4136 1881 4174 ve-

305 4219 420 4264 stra
483 4208 710 4278 qualiter
775 4207 845 4261 ob
916 4208 1268 4262 reverentiam
1327 4207 1496 4263 sancti
1558 4207 1882 4263 confessoris

301 4299 506 4354 Christi
540 4299 806 4353 Benedicti
839 4297 905 4351 ad
934 4297 1246 4367 petitionem
1271 4299 1500 4367 religiosi
1525 4299 1877 4355 Theodemari

303 4393 516 4448 abbatis
557 4407 622 4446 ex
658 4390 981 4444 monasterio
1017 4387 1295 4444 Casinensi
1334 4390 1437 4444 tale
1479 4390 1795 4445 beneficium
1827 4393 1879 4446 in

1981 3196 2261 3252 castellum
2291 3196 2358 3251 de
2385 3196 2538 3250 Prata
2563 3215 2578 3263 ;
2609 3198 2664 3252 S.
2693 3196 2881 3252 Crucis
2907 3197 2959 3252 in
2982 3205 3162 3252 castro
3188 3197 3409 3258 Casale;
3437 3213 3548 3251 mo«

1983 3291 2275 3344 nasterium
2315 3289 2372 3345 8.
2405 3289 2703 3355 Pancratii;
2729 3290 2786 3344 8.
2820 3290 2958 3346 Petri
2988 3293 3038 3345 in
3066 3290 3282 3346 civitate
3327 3290 3550 3346 Textina

1982 3389 2192 3445 vetere;
2224 3380 2280 3434 S.
2313 3378 2456 3432 Pauli
2491 3379 2719 3446 ibidem;
2766 3380 2822 3436 8.
2855 3379 3016 3435 Tecle
3065 3383 3117 3435 in
3159 3381 3372 3437 civitate
3417 3383 3554 3436 Tea-

1984 3477 2088 3529 tina
2122 3488 2289 3538 nova;
2336 3472 2394 3526 S.
2425 3469 2714 3537 Theodori,
2762 3483 2818 3526 et
2865 3473 2921 3528 S.
2955 3473 3246 3529 Salvatoris
3276 3477 3326 3529 in
3353 3477 3556 3530 Aternu

1982 3580 2101 3620 cum
2136 3575 2288 3636 portu
2319 3575 2452 3626 suo;
2481 3559 2533 3614 in
2565 3568 2820 3622 comitatu
2865 3566 3126 3622 Pennensi
3164 3566 3453 3621 ecclesiam
3495 3565 3557 3619 8.

1983 3660 2176 3721 Felicis
2222 3663 2272 3717 in
2318 3664 2575 3731 Stabulo;
2619 3665 2680 3720 8.
2735 3663 3006 3717 Benedicti
3058 3663 3108 3714 in
3160 3660 3445 3724 Lauriano,
3493 3660 3553 3715 S.

1981 3751 2320 3809 Scholasticae
2347 3755 2497 3822 juxta
2525 3754 2737 3809 fluvium
2765 3754 2945 3817 Tabe;
2975 3752 3031 3806 8.
3067 3752 3255 3819 Angeli
3281 3753 3330 3805 in
3361 3750 3556 3806 Galba-

1983 3845 2139 3905 nico;
2192 3846 2253 3899 S.
2303 3845 2498 3900 Felicis
2547 3847 2598 3898 in
2652 3845 2923 3909 liosicole;
2967 3843 3024 3898 8.
3067 3842 3246 3897 Maria:
3281 3845 3344 3896 ad
3379 3843 3558 3898 Pater-

1982 3949 2144 4001 num;
2177 3934 2232 3990 S.
2264 3937 2474 3990 Martini
2507 3936 2557 3990 in
2591 3935 2940 4000 Ceoestrula;
2974 3935 3030 3990 S.
3065 3935 3242 4000 Petri,
3269 3944 3322 3988 et
3344 3935 3554 3988 Ceciliae

1982 4027 2034 4082 in
2067 4026 2446 4094 Castroulano;
2477 4027 2534 4082 8.
2563 4028 2746 4081 Petrus
2771 4029 2823 4080 itt
2852 4027 3139 4090 Termule;
3169 4025 3228 4080 S.
3261 4026 3552 4090 Benedicti,

1981 4127 2034 4172 et
2062 4115 2120 4170 8.
2150 4116 2326 4170 Mariae
2355 4117 2404 4170 in
2437 4117 2679 4170 Maurinu
2724 4131 2845 4170 cum
2888 4125 3042 4184 portu
3073 4131 3200 4182 suo;
3240 4116 3299 4170 8.
3327 4115 3554 4170 Victoris

1985 4210 2038 4264 in
2066 4210 2196 4264 silva
2225 4212 2412 4279 plana;
2437 4207 2494 4264 S.
2529 4207 2820 4270 Benedicti.
2849 4218 2904 4262 et
2922 4207 2980 4264 S.
3012 4208 3316 4263 Scolasticae
3343 4208 3395 4261 in
3429 4209 3554 4262 Piu-

1981 4315 2086 4366 ne;
2115 4300 2175 4356 S.
2225 4299 2430 4361 Mariae,
2474 4308 2528 4351 et
2575 4298 2631 4353 8.
2681 4297 2988 4364 Benedicti,
3037 4308 3092 4354 et
3127 4299 3182 4353 8.
3206 4299 3478 4353 Columbae
3506 4299 3556 4352 in

1983 4389 2228 4454 Alarino;
2261 4389 2318 4444 S.
2368 4387 2543 4441 Marire
2587 4386 2638 4440 in
2683 4387 2961 4453 Coseotia,
3009 4396 3064 4442 et
3115 4387 3174 4443 S.
3204 4387 3471 4443 Benedicti
3505 4391 3554 4443 in

305 4487 424 4550 ipso
451 4491 782 4536 monastero
825 4481 922 4534 visi
969 4480 1161 4534 fuimus
1193 4482 1554 4545 concessisse;
1587 4487 1726 4536 unde
1763 4498 1881 4536 mo~
1912 4480 2134 4550 DBari;
2186 4480 2243 4536 S.
2295 4477 2485 4534 Severi
2534 4479 2586 4532 in
2626 4477 2918 4544 Sorrentu;
2964 4477 3026 4534 S.
3071 4479 3370 4544 Benedicti,
3420 4491 3473 4535 et
3495 4483 3553 4536 8.

305 4575 466 4628 nachi
499 4573 607 4626 Deo
630 4573 928 4625 servientes
958 4585 1054 4639 pro
1085 4571 1238 4625 nobis
1264 4579 1320 4623 et
1350 4585 1445 4639 pro
1467 4581 1661 4626 cuncto
1688 4574 1882 4640 popqu

303 4665 616 4720 Christiano
638 4673 922 4718 exorautes
950 4663 1132 4718 vivere
1161 4664 1389 4724 valeant,
1424 4664 1474 4717 id
1498 4672 1602 4730 est,
1620 4679 1707 4719 res
1751 4679 1884 4733 per-

305 4761 540 4810 tinentes
571 4770 725 4809 sacro
762 4767 947 4808 nostro
985 4754 1181 4822 palatio
1213 4770 1304 4821 per
1329 4753 1540 4808 diversa
1571 4755 1684 4808 loca
1716 4795 1731 4819 ,
1762 4770 1882 4824 quae.

301 4845 515 4916 genitor
536 4853 718 4898 noster
741 4843 958 4912 Pipinus
985 4859 1085 4897 una
1117 4859 1236 4897 cum
1265 4843 1428 4897 fratre
1470 4859 1566 4900 suo
1602 4845 1798 4901 Carulo
1829 4846 1879 4898 in

304 4938 499 4990 eodem
545 4944 731 4990 sancto
778 4935 1024 4990 emnobio
1059 4935 1384 4990 obtulerunt.
1447 4935 1608 5002 Igitur
1647 4937 1785 4990 sicut
1814 4937 1882 4991 ab

307 5030 419 5082 illis
445 5027 634 5081 eodem
669 5028 787 5081 loco
815 5025 991 5080 oblata
1021 5038 1076 5080 et
1099 5027 1406 5081 confirmata
1430 5036 1590 5092 sunt,
1621 5037 1676 5082 et
1703 5043 1796 5082 nos
1827 5030 1879 5082 in

305 5131 620 5185 perpetuum
654 5116 959 5171 habendum
1005 5117 1332 5181 tenendum,
1396 5129 1449 5171 et
1502 5119 1880 5173 dominandum

302 5206 648 5260 concedimus
677 5215 730 5260 et
757 5205 1160 5258 confirmamus.
1205 5205 1498 5260 Ecclesiam
1523 5207 1583 5261 8.
1615 5206 1802 5261 Jacobi
1828 5211 1880 5262 in

302 5297 570 5361 'I‘renmi;
603 5299 659 5353 8.
693 5296 911 5352 Joannis
939 5299 989 5352 in
1023 5298 1252 5364 Veneri,
1285 5314 1402 5366 qua:
1429 5314 1457 5352 a
1503 5301 1729 5354 Mar-tino
1762 5316 1878 5356 mo-

305 5392 482 5442 nacho
528 5389 766 5456 ejusdem
807 5388 1048 5444 ecclesiae
1091 5400 1464 5444 constructure
1505 5392 1658 5444 beato
1709 5392 1882 5448 Bene-

307 5481 455 5533 dicto
484 5479 658 5534 oblata
707 5489 809 5535 est.
871 5479 1076 5534 Dehinc
1119 5479 1402 5535 ecclesiam
1455 5483 1510 5538 8.
1559 5483 1884 5540 Liberatoris

309 5586 469 5641 supra
496 5571 712 5626 fluvium
743 5574 1030 5638 Laentum;
1073 5573 1129 5628 8.
1160 5573 1342 5642 Angeli
1384 5574 1435 5628 in
1480 5583 1656 5627 monte
1689 5574 1880 5643 Glano,

307 5661 590 5714 castellum
645 5660 702 5716 8.
749 5660 970 5732 Angeli;
996 5663 1272 5717 castellum
1304 5662 1364 5718 8.
1400 5662 1568 5728 Petri,
1592 5673 1793 5719 curtem
1819 5665 1878 5721 S.

309 5750 549 5808 Januarii
599 5768 719 5808 cum
769 5754 1104 5823 pertinentiis
1149 5754 1260 5810 suis
1301 5753 1436 5810 inter
1488 5755 1582 5810 has
1614 5755 1781 5812 fines:
1817 5759 1882 5813 ab

1985 4573 2211 4627 Andreae
2241 4573 2290 4626 in
2321 4572 2525 4627 Caudi:
2571 4573 2627 4628 8.
2670 4571 2885 4640 Sophia:
2913 4573 2964 4625 in
3004 4573 3334 4639 Benevento;
3365 4574 3422 4631 S.
3454 4574 3556 4630 Ce-

1983 4663 2126 4718 cilize
2151 4663 2202 4717 in
2236 4663 2549 4732 Neapolim;
2595 4663 2653 4719 S.
2692 4662 2959 4718 Benedicti
3002 4667 3050 4718 in
3079 4666 3332 4731 Salerno;
3368 4666 3426 4722 8.
3462 4666 3560 4720 Be-

1984 4755 2178 4809 nedicti
2211 4755 2262 4809 in
2298 4753 2518 4823 Cajeta;
2553 4755 2611 4811 8.
2644 4755 2939 4811 Salvatoris
2967 4757 3160 4811 ibidem
3188 4775 3202 4822 ;
3229 4757 3286 4812 S.
3318 4756 3555 4812 Lauren-

1961 4847 2040 4902 tii
2073 4846 2123 4900 iu
2151 4845 2422 4915 Majolilii;
2479 4845 2536 4901 8.
2569 4847 2736 4901 Mauri
2787 4848 2838 4902 in
2889 4848 3165 4913 Maranisi;
3202 4850 3259 4904 S.
3294 4849 3471 4902 Maria:
3503 4849 3553 4902 in

1983 4939 2368 4997 Maritendulo:
2419 4936 2483 4993 S.
2533 4938 2777 5008 Agapiti;
2825 4939 2881 4992 S.
2910 4939 3216 4992 Scolastica:
3255 4938 3306 4992 in
3337 4940 3553 5006 Teano;

1983 5032 2040 5084 8.
2065 5029 2285 5084 Joannis
2336 5031 2389 5082 in
2434 5029 2673 5098 Irpinisi;
2716 5030 2773 5083 S.
2809 5030 3119 5096 Reparatze;
3164 5030 3222 5085 8.
3257 5030 3465 5084 Maximi
3499 5033 3550 5086 in

1983 5122 2097 5175 rivo
2126 5121 2325 5174 Bulanu
2349 5119 2764 5185 Campufriddu;
2815 5119 2873 5173 S.
2929 5119 3136 5173 Martini
3189 5120 3240 5173 in
3293 5119 3552 5177 Vulturnu

1983 5227 2101 5264 cum
2130 5221 2287 5278 portu
2309 5224 2439 5274 suo;
2491 5207 2547 5261 S.
2599 5207 2776 5261 Mariae
2807 5209 2858 5262 in
2884 5209 3146 5277 'l‘urcinu;
3190 5211 3247 5264 S.
3282 5210 3556 5266 Benedicti

1983 5301 2034 5354 in
2071 5302 2408 5365 Benevento;
2454 5298 2512 5352 8.
2555 5300 2739 5366 Angcli
2783 5298 2832 5352 in
2879 5300 3112 5366 Alet'rid;
3163 5302 3212 5354 in
3247 5302 3468 5356 Cominu
3493 5303 3553 5357 8.

1985 5392 2282 5457 Victorini,
2328 5391 2385 5444 S.
2427 5390 2663 5456 Erasmi;
2715 5389 2773 5446 S.
2802 5391 3000 5459 Marbe,
3054 5401 3110 5447 et
3153 5393 3212 5447 8.
3259 5395 3455 5460 Quirici
3499 5398 3556 5451 in

1983 5486 2138 5550 Arci;
2173 5486 2232 5542 8.
2263 5485 2476 5540 Comitii
2503 5487 2554 5539 in
2603 5485 2870 5553 Piscaria;
2913 5489 2970 5544 8.
3015 5489 3154 5545 Petri
3188 5491 3238 5546 in
3267 5491 3554 5560 Ceceauu;

1984 5577 2043 5634 S.
2073 5577 2399 5632 Liheratoris
2443 5579 2494 5631 in
2526 5576 2801 5642 Puscalle;
2838 5577 2896 5634 S.
2934 5581 3194 5649 Leopardi
3231 5595 3285 5638 et
3325 5585 3382 5641 8.
3415 5585 3552 5645 Petri

1985 5667 2352 5732 in'l‘eczania;
2386 5667 2443 5723 8.
2483 5667 2666 5736 Angeli
2710 5669 2760 5722 in
2804 5669 3037 5736 Lalana;
3075 5672 3135 5728 8.
3184 5673 3448 5730 Benedicti
3500 5679 3551 5733 in

1984 5758 2384 5827 Casigenzana;
2434 5758 2491 5814 S.
2546 5757 2814 5816 Benedicti
2865 5762 2917 5817 in
2967 5763 3259 5830 Lauriano;
3301 5766 3356 5824 8.
3390 5767 3560 5825 Bene~
