4034 6182
494 325 633 380 1045

1415 321 1473 376 B.
1512 321 1763 378 CAROLI
1801 324 2018 380 MAGNI
2056 325 2206 378 OPP.
2253 323 2428 379 PARS
2465 325 2504 378 Ι.
2545 322 2786 378 SECTIO
2826 323 2890 377 Il.

3601 288 3786 389 παιδ’

493 437 620 492 dicti
645 437 696 490 in
723 433 937 489 Cicilia:
983 433 1040 488 8.
1086 433 1226 488 Petri
1270 434 1321 487 in
1352 433 1563 499 Conca;
1617 435 1677 490 S.
1722 437 1987 492 Benedicti
2010 438 2060 490 in
2091 442 2133 494 Α
2167 436 2374 503 beatnr,
2402 450 2464 491 ac
2510 437 2616 490 Deo
2639 446 2854 490 auctore
2882 437 3130 492 inviolata
3167 453 3531 512 conservetur,
3576 465 3740 507 manu

493 527 760 586 l’antenu;
793 524 852 580 8.
886 523 1056 593 Vigilii
1091 526 1142 576 in
1174 534 1353 579 monte
1376 524 1436 581 8.
1463 528 1681 595 Angeli;
1720 528 1778 582 8.
1805 523 2059 582 Μπίωὶη

491 614 688 681 Calvo;
735 616 792 670 S.
822 616 986 670 Mauri
1015 617 1064 668 in
1097 615 1302 670 Gualdo
1347 617 1612 681 Liburize;
1658 618 1718 674 S.
1759 619 2061 674 Scolastica:

492 707 544 759 in
595 705 818 769 Padule;
867 705 924 760 S.
975 704 1183 758 Martini
1229 707 1278 758 in
1321 707 1539 775 Cupali:
1585 710 1642 762 8.
1694 708 1964 764 Benedicti
2009 709 2059 762 in

492 794 670 847 Atine.
713 794 765 846 ln
786 794 1038 847 comitatu
1069 795 1370 849 Mutinense
1403 799 1776 850 monasterium
1811 799 1864 853 S.
1891 798 2054 854 Bene-

485 883 608 937 dicti
643 885 693 936 in
723 883 895 948 Adili;
925 887 1305 938 monasterium
1345 885 1401 939 8.
1437 888 1650 940 Martini
1685 888 1891 956 justam
1917 899 2057 944 stra-

485 983 590 1024 tam
633 985 938 1041 petrosam;
1010 975 1396 1027 monasterium
1447 976 1504 1030 S.
1551 976 1772 1031 Joannis
1815 979 1864 1030 in
1913 989 2060 1033 curte

484 1063 891 1127 Trassenetula;
946 1067 1328 1119 monasterium
1391 1065 1451 1122 S.
1503 1067 1752 1121 Domnini
1807 1070 1857 1122 in
1910 1082 2061 1125 curte

485 1157 706 1224 Argele;
739 1156 796 1209 8.
832 1155 1019 1208 Vitalis
1050 1157 1101 1209 in
1127 1167 1278 1211 cnrte
1317 1156 1652 1222 Calderaria;
1699 1158 1758 1212 8.
1799 1159 1974 1213 Maria:
2005 1162 2056 1214 in

490 1244 884 1300 Laurentiatico
923 1260 1043 1298 cum
1100 1247 1346 1300 omnibus
1397 1247 1726 1315 pertinentiis
1771 1265 1953 1304 eorum
2005 1252 2056 1306 in

485 1338 912 1410 quibuscumque
939 1337 1069 1391 locis
1101 1340 1284 1404 positis
1314 1352 1407 1392 seu
1444 1339 1706 1394 casalibus
1744 1341 2058 1396 autfundo-

489 1432 565 1484 ris
589 1438 694 1484 tam
722 1429 1080 1505 domnicatum
1132 1429 1274 1484 villis
1326 1445 1446 1484 cum
1498 1431 1709 1485 rusticis
1749 1442 1805 1486 et
1827 1434 2056 1500 colonis,

485 1531 545 1579 et
569 1537 688 1575 cum
721 1520 932 1575 famulis
959 1522 1234 1588 utriusque
1257 1537 1408 1587 sexu,
1459 1537 1552 1590 per
1579 1524 1816 1593 singulas
1855 1539 2050 1593 cnrtes,

484 1626 538 1669 et
569 1630 663 1683 per
683 1614 888 1683 singula
915 1614 1236 1667 monasteria
1266 1627 1382 1680 quas
1405 1614 1648 1678 superius
1672 1616 1918 1682 leguntur
1943 1633 2044 1670 una

485 1721 606 1760 eum
633 1705 812 1769 tersis,
838 1705 1032 1767 vineis,
1067 1703 1249 1771 pratis.
1282 1704 1512 1770 pascuis,
1546 1704 1714 1768 silvis,
1747 1691 2056 1772 piscationio

2166 527 2375 594 propria
2396 526 2579 580 subter
2595 526 2848 580 roborare
2868 525 3223 593 decrevimus,
3249 541 3304 586 et
3329 536 3531 590 annulo
3551 548 3742 596 nostro

2163 615 2390 681 sigillare
2415 615 2691 685 jussimus.

2232 706 2450 773 Signum
2479 706 2649 759 Caroli
2679 707 3050 772 gloriosissimi
3078 712 3237 779 regis.

2231 794 2453 848 Carolus
2473 795 2656 863 gratia:
2696 796 2788 848 Dei
2838 797 3127 864 imperator
3175 811 3452 870 angustus.
3475 804 3644 862 Jacob
3670 811 3742 863 ad

2163 884 2327 941 vicem
2361 883 2615 940 Badonis.

2233 975 2360 1027 Data
2390 984 2580 1030 octavo
2606 975 2816 1030 decimo
2850 976 3115 1033 Kalendas
3146 981 3357 1036 Martias
3395 998 3538 1040 anno
3568 987 3738 1044 trice-

2160 1067 2296 1121 simo
2322 1069 2468 1137 regni
2504 1070 2693 1123 nostri.
2725 1069 3018 1125 Indictione
3047 1073 3295 1140 septima.

2231 1160 2417 1212 Actntn
2469 1159 2682 1213 civitate
2741 1159 2918 1228 Papia,
2973 1161 3024 1213 in
3079 1161 3169 1216 Dei
3224 1165 3437 1218 nomine
3485 1165 3738 1222 feliciter.

2160 1251 2351 1305 Amen.

2837 1321 3026 1375 XXIX.

2249 1410 2565 1480 Prwceptum
2593 1411 2762 1466 Caroli
2782 1393 3107 1551 ’Μαριηέ
3135 1419 3307 1469 eodem
3333 1423 3640 1473 monasterio

2781 1499 2936 1549 tanno
3098 1524 3111 1536 .

2781 1499 2936 1549 (anno
2965 1499 3111 1549 διυ).

2734 1569 2824 1632 (Ex
2842 1569 3000 1628 Tosti,
3025 1574 3172 1635 ibid.)

2231 1677 2282 1731 ln
2313 1679 2524 1731 nomine
2555 1676 2761 1730 Domini
2802 1675 2968 1730 nostri
3005 1676 3131 1730 Jesn
3159 1675 3355 1732 Christi
3389 1679 3482 1735 Dei
3512 1682 3737 1736 azterni.

486 1795 617 1858 bus,
654 1767 1124 1860 aucupationibus,
1170 1767 1404 1853 cultum,
1435 1801 1489 1844 et
1511 1767 1763 1846 incultum
1787 1833 1802 1858 ,
1828 1794 2052 1849 divisum
2088 1792 2129 1850 Β
2157 1768 2379 1823 candus
2419 1767 2736 1860 “manet
2756 1783 2845 1821 "3"
2880 1767 3202 1822 Francorum
3252 1779 3312 1860 ei,
3355 1769 3737 1860 Lamobﬂdo’

485 1895 540 1942 et
567 1885 872 1949 indivisum,
912 1884 1190 1938 arboribus
1220 1883 1502 1937 frnctiferis
1533 1893 1585 1938 et
1612 1883 1978 1951 infructiferis,
2006 1895 2061 1940 et

481 1979 756 2048 pomiferis
796 1993 863 2032 ex
893 1960 1122 2031 diversis
1150 1978 1391 2044 generis,
1440 1986 1496 2030 et
1539 1990 1658 2030 cum
1696 1976 1944 2030 omnibus
1965 1992 2053 2030 su-

483 2083 579 2138 per
600 2082 660 2123 se
685 2077 740 2123 et
773 2067 911 2122 infra
957 2079 1016 2119 se
1043 2065 1356 2119 habentibus
1399 2065 1448 2118 in
1494 2065 1754 2134 integrum
1781 2066 1832 2118 in
1867 2066 2057 2120 eodem

485 2157 817 2213 monasterio
865 2155 1140 2210 Casinensi
1205 2155 1564 2209 Concessitnus
1631 2155 1684 2208 in
1747 2163 2056 2224 perpetuum

481 2264 697 2318 semper
746 2249 1070 2304 habendum.
1150 2248 1355 2303 Pariter
1399 2249 1557 2304 etiam
1609 2249 1661 2303 in
1723 2251 1909 2305 eodem
1941 2253 2058 2306 loco

484 2344 830 2400 concedimus
875 2352 1094 2396 cunctas
1141 2343 1223 2396 vel
1264 2358 1380 2412 quze
1431 2346 1484 2397 in
1526 2343 1712 2398 eodem
1756 2345 1872 2399 loco
1909 2346 2057 2398 obla-

481 2441 550 2489 ιω
577 2441 704 2488 sunt
741 2447 836 2502 per
861 2446 1046 2488 omnes
1077 2433 1224 2500 regni
1277 2435 1442 2485 nostri
1489 2433 1652 2497 fines,
1709 2447 1802 2487 seu
1846 2445 1900 2488 et
1940 2450 2058 2503 qua

489 2523 686 2578 amodo
714 2523 767 2577 in
798 2533 956 2577 antea
993 2523 1394 2590 qualiscumque
1432 2523 1592 2576 homo
1635 2524 1834 2578 duriore
1869 2525 1952 2578 vel
1978 2525 2060 2578 of-

485 2613 629 2670 ferre
646 2627 713 2667 ex
743 2611 904 2666 rebus
931 2611 1074 2676 suis;
1106 2610 1157 2664 id
1188 2619 1292 2674 est,
1327 2613 1501 2676 terris,
1534 2611 1724 2679 vineis,
1756 2612 1913 2678 casis,
1948 2629 2055 2668 mo-

486 2705 740 2769 lenti-istis,
768 2704 821 2758 in
845 2702 1102 2773 praedicto
1125 2704 1450 2756 monasterio
1475 2710 1662 2756 sancto
1689 2712 1742 2758 et
1769 2703 2054 2758 venerabili

480 2790 603 2848 loco
628 2789 913 2852 voluerint,
946 2786 1216 2842 licentiam
1247 2795 1302 2840 et
1342 2795 1654 2855 potestatem
1695 2788 1921 2842 habeant
1963 2788 2056 2841 do-

480 2897 614 2940 nare
653 2889 708 2938 et
745 2878 939 2936 offerre
968 2893 1088 2933 cum
1119 2877 1260 2946 quali
1306 2877 1512 2932 ratione
1543 2879 1806 2932 voluerint
1836 2894 2052 2933 suorum

478 2974 588 3030 sint
628 2972 896 3027 licentiam
958 2968 1073 3024 sine
1119 2968 1494 3023 contrarietate
1549 2969 1835 3038 principis,
1884 2973 2054 3024 archi-

480 3061 768 3134 episcopis,
802 3059 1109 3123 comitibus,
1137 3057 1398 3127 episcOpis
1429 3059 1712 3126 gastaldeis
1731 3099 1745 3122 ,
1769 3059 2052 3127 jndicibus,

2160 1873 2293 1923 rum,
2325 1872 2388 1911 ac
2423 1855 2673 1925 patricius
2703 1855 3062 1908 Romanorum
3104 1873 3116 1907 :
3148 1857 3396 1911 omnibus
3439 1859 3738 1926 episcopis,

2160 1947 2429 2012 abatibus,
2466 1946 2715 2012 ducibus,
2749 1946 3065 2012 comitibus,
3087 1947 3385 2013 judicibus,
3422 1951 3734 2016 castaldeis,

2156 2037 2462 2092 actionariis
2483 2079 2498 2102 ,
2545 2035 2897 2103 omnibusque
2930 2034 3182 2104 subjectis
3229 2041 3417 2092 nostris
3447 2042 3738 2107 praesenti-

2156 2130 2256 2184 bus
2292 2130 2493 2183 scilicet
2520 2139 2574 2182 et
2604 2125 2811 2180 futuris.
2834 2126 3118 2180 Maximum
3151 2129 3297 2193 regni
3327 2131 3505 2193 nostri,
3537 2131 3592 2183 in
3625 2130 3740 2184 hoc

2157 2235 2350 2287 augere
2379 2228 2484 2272 tam
2519 2217 2863 2285 petitionibus
2896 2218 3235 2270 sacerdotum
3265 2227 3419 2285 atque
3445 2236 3743 2275 servorum

2160 2312 2272 2377 Dei,
2309 2312 2358 2364 in
2385 2325 2490 2378 quo
2533 2309 2732 2363 nostris
2777 2309 2995 2363 auribus
3025 2309 3217 2363 fuerint
3258 2311 3512 2376 profane,
3543 2313 3734 2366 libenti

2157 2403 2336 2452 animo
2361 2414 2458 2451 nos
2485 2399 2857 2465 obtemperare
2885 2411 3156 2460 curamus,
3197 2409 3354 2466 atque
3384 2401 3450 2454 ad
3478 2401 3736 2456 eﬂ'et-tum

2159 2492 2496 2559 perducimus
2522 2529 2536 2552 ,
2588 2489 2787 2556 regiam
2823 2489 3262 2544 consuetudinem
3291 2507 3635 2557 exercemus,
3675 2504 3738 2548 et

2161 2581 2262 2633 hoc
2294 2581 2452 2632 nobis
2472 2579 2536 2631 ad
2572 2579 2834 2632 mercedis
2866 2589 3200 2647 augmentum
3222 2620 3236 2644 ,
3277 2582 3360 2634 vel
3387 2582 3733 2638 stabilitatem

2158 2672 2305 2740 regni
2355 2670 2523 2723 nostri
2569 2671 2618 2722 in
2667 2669 2756 2721 Dei
2815 2670 3029 2722 nomine
3078 2669 3346 2737 pertinere
3390 2670 3735 2726 Confidimus.

2157 2761 2490 2828 Quapropter
2533 2761 2739 2814 noverit
2783 2759 3019 2813 sollertia
3066 2769 3238 2814 vestra
3288 2762 3513 2828 qualiter
3540 2763 3607 2814 ad
3642 2779 3735 2830 pe-

2157 2853 2342 2905 titione
2379 2867 2474 2904 nos
2521 2852 2770 2917 religioso
2814 2851 2928 2905 viro
2963 2852 3323 2906 Tlteutltmaro
3351 2855 3494 2908 abati
3521 2872 3590 2910 ex
3620 2874 3735 2910 mo-

2159 2941 2389 2994 naslerio
2433 2939 2603 2993 sancti
2655 2941 2978 2994 confessoris
3020 2939 3216 2994 Christi
3251 2942 3557 3009 Benedicti,
3591 2946 3734 3010 quod

2156 3039 2240 3083 est
2267 3037 2626 3082 constructum
2673 3027 2724 3081 in
2774 3027 2891 3082 loco
2931 3031 3018 3097 qui
3063 3029 3254 3084 dicitur
3298 3042 3537 3086 castrum
3569 3033 3739 3088 Casi-

477 3122 535 3208 οἱ
578 3122 1027 3220 quemadmodum
1081 3122 1146 3201 ad
1172 3122 1455 3202 eumdem—
1471 3122 1832 3202 venerabile-tn
1871 3122 2054 3203 mons;
2082 3122 2128 3184 ο
2159 3140 2301 3220 ¹¹¹ξ¹¹¹δ
2337 3122 2875 3220 "biﬂsﬁcmliliSimtlm
2910 3136 3102 3190 corpus
3148 3122 3278 3220 ejus
3311 3126 3734 3220 nuntiatumest,

473 3243 701 3299 sterium
735 3242 795 3296 B.
843 3239 1114 3295 Benedicti
1165 3254 1429 3308 possessa:
1471 3239 1618 3293 fuere
1649 3255 1742 3307 per
1775 3240 1911 3294 hanc
1954 3259 2049 3294 tto-

475 3343 602 3390 straa
623 3331 1045 3389 confirmationis
1077 3331 1445 3384 auctoritatem
1475 3331 1669 3384 nostris
1691 3371 1704 3395 ,
1757 3330 2053 3399 futurisque

475 3426 809 3494 temporibus
860 3424 1028 3477 abbas
1054 3423 1216 3491 ipsius
1249 3421 1347 3476 loci
1398 3422 1453 3478 S.
1495 3422 1764 3477 Benedicti
1798 3424 2052 3480 firmiter-

479 3529 610 3587 que,
637 3513 1085 3579 inviolabiterque
1117 3521 1331 3572 teneat,
1381 3520 1436 3565 et
1460 3513 1757 3580 possideat,
1795 3525 1942 3578 prout
1978 3517 2052 3568 fa-

474 3604 648 3660 cultas
697 3604 777 3658 vel
831 3603 1032 3656 utilitas
1084 3601 1247 3670 ipsins
1292 3602 1608 3658 venerabilis
1657 3603 1756 3656 loci
1804 3605 2048 3672 exigerit.

477 3697 553 3752 Ita
582 3706 638 3749 ut
672 3697 848 3749 nullus
892 3693 1053 3763 judex
1102 3693 1344 3761 publicus
1386 3693 1636 3761 quislibet
1687 3694 2049 3764 exjudicialia

475 3795 742 3858 potestate
773 3786 826 3840 in
855 3784 1022 3840 cellas
1043 3794 1097 3840 et
1127 3784 1306 3849 villas,
1347 3792 1440 3837 aut
1467 3800 1622 3855 agros
1652 3799 1747 3839 seu
1775 3787 1910 3848 loca,
1938 3788 2050 3842 sive

471 3881 704 3949 reliquas
746 3878 1114 3950 possessiones
1153 3879 1317 3932 nostri
1369 3878 1600 3934 emnobii
1649 3880 1708 3933 8.
1745 3878 2043 3945 Benedicti,

475 3989 608 4043 quas
634 3972 888 4026 moderno
915 3979 1157 4038 tempore
1179 3971 1230 4023 in
1259 3971 1678 4039 quibuscumque
1709 3973 1914 4040 paginis
1933 4014 1950 4039 ,
1993 3983 2050 4028 et

479 4062 748 4116 territorio
779 4062 910 4115 infra
939 4061 1104 4114 nostri
1138 4061 1283 4129 regni
1333 4061 1536 4115 ditione
1571 4063 1712 4128 juste
1735 4071 1789 4119 et
1812 4065 2047 4134 legaliter

477 4154 735 4222 possidet,
762 4152 843 4205 vel
888 4151 1141 4221 quidquid
1185 4152 1344 4206 etiam
1387 4152 1641 4223 deinceps
1670 4153 1846 4209 divina
1878 4157 2048 4226 pietas

471 4248 590 4316 ipso
622 4245 738 4298 loco
769 4245 995 4299 voluerit
1027 4259 1258 4312 augete;
1307 4243 1372 4298 ad
1417 4259 1606 4300 causas
1646 4246 1937 4302 audiendas
1964 4249 2046 4304 vel

473 4333 636 4401 fredi,
661 4346 753 4388 aut
785 4335 980 4388 tributa
1014 4334 1304 4403 exigenda,
1335 4333 1416 4389 vel
1448 4333 1752 4390 mansiones
1784 4348 1871 4390 aut
1897 4353 2048 4407 para-

474 4438 556 4481 tas
586 4425 885 4490 faciendas,
933 4425 1014 4480 vel
1064 4425 1440 4493 fidejussores,
1492 4425 1733 4494 jussores
1764 4427 2044 4495 tollendos,

474 4521 569 4568 aut
610 4513 854 4569 homines
899 4515 1073 4581 ipsius
1118 4515 1427 4569 monasterii
1477 4525 1581 4570 tam
1629 4516 1855 4583 liberos,
1887 4534 2043 4586 quam

469 4617 676 4667 servos,
707 4617 801 4657 seu
829 4605 1120 4658 cartnlatos
1166 4605 1246 4658 vel
1277 4605 1519 4667 aﬂertos,
1551 4616 1604 4660 et
1630 4607 1717 4675 qui
1743 4621 1912 4676 super
1939 4619 2044 4663 ter-

466 4710 582 4750 ram
628 4693 935 4749 earumdem
986 4695 1339 4749 ecclesiarum
1390 4695 1666 4761 resident,
1713 4697 1843 4751 nulli
1887 4699 2044 4754 liceat

470 4784 716 4854 distringi
767 4784 1160 4850 redibitiones,
1231 4786 1313 4839 vel
1367 4785 1576 4840 illicitas
1627 4788 1938 4842 occasiones
1988 4789 2040 4845 in

470 4886 783 4946 perpetuum
815 4877 1108 4943 requirere.
1147 4874 1200 4930 Si
1229 4876 1346 4943 quis
1368 4885 1541 4930 autem
1570 4876 1670 4930 hoc
1701 4876 2042 4934 contradixe-

467 4968 559 5032 rlt,
593 4976 648 5022 et
680 4967 817 5021 hanc
853 4979 1087 5022 nostram
1130 4966 1453 5021 oblationem
1485 4966 1773 5037 infringere
1815 4984 2042 5025 cenave-

465 5059 560 5126 rit,
584 5058 719 5114 sciat
760 5071 820 5112 se
857 5073 1066 5126 poenam
1121 5057 1535 5127 persolviturum
1585 5058 1829 5112 abatibus
1879 5059 2044 5126 ipsius

471 5157 802 5215 monasterii.
848 5158 910 5210 Et
934 5167 990 5210 ut
1019 5159 1129 5210 haec
1160 5167 1337 5211 nostra
1385 5156 1669 5210 auctoritas
1715 5156 1914 5210 firmior
1945 5156 2043 5209 ha-

543 5377 569 5402 “
611 5374 848 5442 Diploma
879 5371 1054 5428 Catuli
1087 5382 1268 5426 datum
1294 5388 1378 5426 est
1404 5390 1547 5426 anno
1573 5370 1698 5436 8H,
1731 5385 1788 5427 ut
1814 5387 1877 5427 ex
1907 5375 2047 5426 notis

472 5443 864 5510 cltronotogicis
901 5445 1186 5511 colligitur,
1215 5459 1321 5510 quo
1365 5443 1613 5496 Paulinus
1652 5444 1761 5510 jam
1803 5444 2044 5508 obierat;

474 5513 699 5581 ideoque
745 5515 951 5566 videtur
999 5515 1214 5568 obstare
1250 5513 1553 5566 auctoritati
1601 5515 1917 5580 scriptorum
1965 5528 2048 5565 as-

467 5585 761 5637 serentium
813 5584 1249 5642 disceptationem
1301 5583 1436 5637 hanc
1483 5583 1708 5648 sopitant
1759 5583 1923 5636 fuisse
1965 5584 2041 5634 vi-

470 5659 632 5707 vente
661 5653 879 5706 Paulino
902 5669 1041 5706 anno
1067 5650 1192 5706 798.
1228 5651 1420 5705 Verum
1451 5654 1568 5720 plus
1598 5652 1718 5705 fidei
1750 5651 2043 5705 attribuen-

470 5721 598 5776 dum
627 5722 925 5786 diptomati,
969 5739 1125 5794 (piam
1158 5721 1437 5792 Megisero,
1471 5732 1523 5776 ct
1551 5721 1686 5776 aliis.
1740 5721 1934 5778 Deiudc
1978 5722 2041 5776 lis

2157 3216 2259 3268 tale
2285 3215 2598 3270 beneficium
2624 3215 2763 3268 circa
2791 3215 2962 3282 ipsum
2991 3215 3373 3270 monasterium
3403 3215 3506 3270 visi
3539 3217 3740 3272 fuimus

2155 3307 2529 3371 concessisse,
2593 3314 2651 3358 ut
2701 3305 3021 3374 ubicumque
3063 3303 3220 3359 fuerit
3265 3320 3400 3374 aqua
3447 3308 3738 3374 conjuncta

2157 3413 2276 3452 cum
2309 3397 2468 3451 terris
2497 3396 2663 3465 ipsius
2696 3399 3030 3463 monasterii,
3056 3397 3243 3452 eadem
3276 3413 3411 3468 aqua
3440 3415 3560 3455 cum
3583 3401 3738 3456 alveo

2153 3504 2289 3553 suo,
2339 3497 2544 3544 etcum
2593 3489 2720 3555 ripis
2767 3502 2833 3542 ex
2885 3488 3120 3558 utrisque
3167 3489 3406 3554 partibus
3457 3489 3508 3542 in
3539 3489 3738 3545 eodem

2155 3576 2481 3631 monasterio
2505 3579 2871 3631 concessimus
2892 3618 2906 3641 ,
2933 3586 3091 3645 atque
3123 3577 3303 3631 libenti
3334 3579 3510 3630 animo
3532 3580 3740 3632 confir-

2155 3683 2398 3722 tnamns:
2447 3675 2504 3722 ut
2547 3683 2643 3735 pro
2671 3668 2859 3730 nobis,
2907 3682 3177 3736 uxoreque
3205 3679 3385 3722 nostra
3421 3683 3482 3721 ac
3523 3667 3736 3735 liberis,

2151 3773 2245 3811 seu
2277 3766 2470 3811 cuncto
2501 3757 2697 3826 p0pulo
2727 3767 2935 3817 nostro,
2955 3754 3166 3810 Domini
3199 3756 3620 3810 misericordiam
3651 3768 3736 3810 at-

2155 3851 2389 3903 tenctius
2438 3847 2737 3915 deprecari,
2792 3853 2847 3901 et
2895 3847 2963 3900 de
3005 3847 3332 3899 auctoritatis
3363 3846 3617 3899 firmitate
3646 3847 3742 3898 ha-

2150 3937 2368 4003 beatur;
2398 3952 2461 3991 ac
2490 3937 2760 3990 diuturnis
2786 3935 3116 4004 temporibus
3151 3935 3258 3990 Deo
3285 3935 3534 4002 adjutore
3558 3935 3740 3989 invio-

2151 4029 2261 4082 lata
2327 4035 2706 4089 conservetur,
2759 4041 2915 4078 manu
2982 4025 3193 4093 propria
3247 4025 3431 4077 subter
3483 4025 3745 4078 roborare

2154 4118 2512 4180 decrevimus,
2543 4127 2594 4169 et
2623 4115 2819 4168 annulo
2849 4125 3030 4168 nostro
3055 4114 3292 4182 sigillare
3319 4113 3606 4182 iussimus.

2222 4210 2443 4279 Signum
2475 4207 2651 4263 Caroli
2679 4205 3050 4277 gloriosissimi
3084 4206 3242 4274 regis.

2859 4320 3032 4376 XXX.

2153 4395 2397 4463 Diploma
2438 4397 2462 4424 ⁸
2501 4392 2676 4448 Caroli
2725 4393 2924 4463 Magni,
2977 4408 3082 4463 pro,
3130 4389 3363 4444 Ecclesia
3399 4390 3738 4458 Aquileia-si.

2784 4460 2940 4532 (anno
2967 4460 3113 4530 sit).

2580 4553 2674 4613 (Ex
2698 4553 2914 4616 Ugbelli,
2945 4551 3080 4601 Italia
3103 4551 3292 4614 Sacra.)

2221 4639 2277 4692 ln
2327 4638 2546 4692 nomine
2595 4637 2788 4702 Patris,
2840 4645 2896 4689 et
2946 4633 3102 4700 Filii,
3146 4643 3201 4688 et
3249 4632 3483 4702 Spiritus
3531 4631 3733 4686 sancti.

2148 4731 2368 4785 Carolus
2415 4728 3122 4792 serenissimus,'augustus,
3177 4737 3208 4776 a
3260 4723 3371 4776 Deo
3416 4730 3735 4786 coronatus,

2157 4834 2385 4891 magnus
2410 4819 2665 4890 pacificus
2709 4817 3014 4884 imperator,
3046 4814 3403 4868 Bonnanorum
3432 4811 3746 4881 gubernans

2152 4911 2433 4979 imperium
2479 4911 2568 4978 qui
2608 4921 2700 4976 per
2757 4902 3174 4960 misericordiam
3225 4901 3317 4956 Dei
3365 4915 3456 4954 rex
3501 4899 3744 4954 Franco-

2152 5016 2270 5056 rum
2321 5009 2375 5054 et
2402 4997 2896 5068 Langobardorum.
2931 4995 3124 5049 Notum
3147 4993 3218 5047 sit
3237 4993 3475 5046 omnium
3500 4991 3740 5046 ﬁdelium

2153 5100 2459 5146 nostrorum
2514 5084 2864 5156 magnitudini
2915 5082 3282 5152 praesentium,
3313 5090 3367 5134 et
3409 5080 3744 5140 futurorum,

2151 5181 2378 5252 qualiter
2399 5178 2496 5232 viri
2520 5175 2854 5231 venerabiles
2883 5174 3048 5228 Ursus
3076 5183 3274 5225 sanctae
3295 5168 3544 5223 ecclesia:
3571 5168 3740 5236 Aqui-

2154 5375 2268 5429 lnnc
2321 5373 2490 5442 potuit
2536 5369 2780 5442 suscitari
2836 5369 3048 5423 vivente
3081 5366 3340 5442 Paulino,
3377 5365 3591 5442 agitari
3641 5362 3744 5416 sub

2150 5446 2267 5512 ejus
2310 5435 2622 5498 successore
2671 5440 2825 5504 Urso,
2857 5455 2928 5512 ac
2967 5440 3178 5512 tantilem
3227 5435 3442 5512 definiri
3496 5446 3740 5512 tempore

2150 5503 2421 5579 Biaxentii,
2477 5513 2612 5566 Urso
2661 5503 2955 5580 subreguli.
2985 5507 3082 5580 Vel
3114 5507 3177 5580 lis
3225 5503 3406 5557 forsan
3437 5503 3741 5580 composita

2147 5584 2246 5638 fuit
2272 5575 2438 5639 semel
2471 5584 2680 5636 vivente
2724 5575 2966 5647 Paulino,
2994 5579 3087 5632 scd
3120 5577 3312 5631 iterum
3355 5585 3503 5628 mota
3531 5575 3602 5627 ab
3624 5575 3744 5642 ejus

2145 5669 2455 5709 successore
2484 5652 2636 5709 Urso.
