4034 6182
282 282 428 340 10-ιὸ

575 280 804 339 CODEX
845 281 1364 340 DlPLOMATICUS.
1406 265 1477 323 λ-
1514 279 1933 338 PRIVILEGIA.
1973 266 2138 336 --ὲ11.
2179 278 2424 334 PRIVIL.
2467 278 2596 334 PER
2641 277 2910 334 PARTES
2947 277 3212 334 lTALl.-E.

3399 281 3424 334 1
3435 279 3540 336 θω

283 400 498 456 leiensis
531 399 851 470 patriarcha,
880 408 936 454 et
983 401 1128 454 Arno
1151 396 1464 454 Juvavensis
1502 398 1746 454 ecclesiae
1773 412 1862 468 ar-
1895 400 1940 458 Α
1971 391 2340 462 pitio,imperii
2365 389 2837 460 nostri,xsttregni
2861 389 3027 446 nostri
3045 391 3098 446 in
3119 389 3541 464 Francia,atque

282 489 660 558 ehiepiscOpus
709 490 772 542 ad
807 499 1042 544 nostram
1077 489 1348 544 venientes
1379 489 1712 558 praesentiam
1758 503 1864 542 non

283 581 556 634 minimam
602 579 737 634 inter
767 593 826 634 se
865 578 1256 634 contentionem
1303 579 1602 632 habuerunt
1648 577 1716 632 de
1748 577 1860 630 Ca-

281 679 504 724 vautana
536 669 828 737 provincia,
880 669 1018 737 quod
1067 669 1130 722 ad
1175 669 1446 737 utriusque
1489 669 1699 722 illorum
1729 667 1858 722 dite

277 762 445 816 cesitn
479 761 746 829 pertinere
770 759 1008 814 deberet.
1049 759 1176 812 Nam
1211 759 1374 814 Ursus
1403 757 1694 824 patriarcha
1725 757 1864 812 anti-

280 866 440 920 quam
488 865 548 906 se
593 851 959 904 auctoritatem
1015 851 1210 904 habere
1264 851 1558 910 asserebat,
1616 860 1668 904 et
1722 848 1861 917 quod

281 951 544 1010 tempore,
576 951 859 1010 antequam
901 941 1044 994 Italia
1076 956 1104 994 a
1153 941 1518 1010 Longobardis
1553 921 1754 994 .fuisset
1783 939 1862 993 in-

280 1046 428 1094 vasa,
477 1045 570 1099 per
617 1031 890 1101 synodalia
943 1042 1114 1100 gesta,
1159 1046 1276 1100 quae
1325 1040 1448 1084 tunc
1496 1032 1749 1098 temporis
1795 1030 1862 1084 ab

277 1120 708 1175 antecessoribus
736 1123 847 1176 suis
895 1121 1250 1189 Aquileiensis
1299 1120 1540 1174 ecclesiae
1569 1122 1860 1174 rectoribus

275 1209 588 1280 agebantur,
622 1211 832 1266 ostendi
877 1224 1032 1282 posse
1071 1212 1334 1278 prae'ictze
1379 1209 1690 1264 Carantaua:
1733 1227 1856 1278 pro-

278 1301 464 1358 vinciae
491 1303 735 1359 civitates
765 1304 830 1357 ad
883 1304 1180 1370 Aquileiam
1209 1319 1326 1358 esse
1375 1303 1660 1372 subjectae.
1719 1306 1860 1360 Arno

277 1409 406 1448 vero
448 1395 732 1464 episc0pus
791 1395 1065 1448 asserebat
1123 1409 1182 1448 se
1237 1395 1438 1448 habere
1488 1393 1856 1446 auctoritatem

275 1484 584 1553 pontificum
613 1494 810 1540 sanctae
841 1484 1096 1540 Romana:
1129 1485 1378 1539 Ecclesiae
1412 1486 1706 1549 Zachariae,
1733 1486 1855 1541 Ste-

274 1575 458 1642 phani,
487 1586 646 1643 atque
677 1576 846 1642 Pauli,
893 1592 1116 1644 quorum
1147 1578 1450 1646 praeceptis,
1487 1587 1538 1630 et
1569 1577 1852 1631 confirma-

273 1664 510 1719 tionibus
560 1665 806 1734 praedicta
859 1668 1130 1734 prmiitcia
1171 1677 1408 1734 tempore
1452 1678 1852 1723 antecessorum

269 1769 494 1808 sitorum
549 1757 614 1808 ad
675 1755 996 1812 Juvavensis
1043 1757 1288 1812 ecclesia:
1339 1758 1614 1812 dioecesim
1669 1757 1856 1813 fuisset
1888 1742 1932 1799 Β

275 1845 546 1914 adjuncta.
579 1848 684 1910 Nos
715 1860 891 1900 autem
939 1849 1138 1912 audita,
1188 1856 1347 1914 atque
1391 1847 1629 1902 discussa
1669 1863 1854 1904 eorum

273 1940 636 2003 contentione,
671 1947 728 1990 ut
757 1938 808 1991 in
842 1952 996 1990 unam
1041 1951 1134 1992 eos
1160 1936 1494 2003 charitatem,
1539 1949 1594 1992 et
1634 1953 1858 1994 concor-

269 2028 415 2081 diam
445 2043 836 2090 revocaremus,
870 2039 922 2082 et
956 2039 1011 2082 ut
1038 2029 1090 2082 in
1123 2030 1352 2082 futurum
1385 2041 1492 2084 tam
1523 2031 1663 2085 inter
1693 2032 1855 2098 ipsos,

269 2132 432 2185 quam
510 2127 566 2172 et
625 2133 964 2174 successores
1025 2135 1209 2173 eorum
1263 2124 1434 2173 ornuis
1496 2123 1856 2175 controversia

267 2218 436 2278 atque
475 2209 791 2278 disceptatio
831 2209 1016 2265 fuisset
1063 2213 1274 2279 penitus
1320 2212 1512 2277 ablata,
1551 2213 1856 2281 praedictam

271 2300 598 2367 provinciam
647 2299 998 2355 Carantanarn
1035 2303 1104 2354 ita
1153 2304 1292 2356 iu‘ter
1317 2315 1411 2358 eos
1451 2304 1688 2357 dividere
1734 2303 1858 2372 jus-

265 2389 460 2456 aimus,
491 2399 547 2444 ut
599 2390 810 2446 Dravus
841 2391 1055 2458 fluvius,
1087 2393 1174 2462 qui
1223 2408 1318 2461 per
1341 2393 1512 2447 media
1563 2393 1705 2448 illam
1736 2408 1856 2464 pro-

269 2479 498 2536 vinciam
539 2482 723 2546 currit,
759 2483 1022 2536 terminus
1063 2483 1338 2537 ambarum
1370 2483 1658 2538 dicecesum
1689 2493 1854 2553 esset,

270 2577 330 2624 et
353 2585 386 2624 a
410 2571 524 2640 ripa
559 2572 804 2638 australi,
835 2572 904 2626 ad
930 2571 1286 2642 Aquileiensis
1307 2573 1546 2629 ecclesiae
1567 2583 1853 2641 rectorem,

267 2659 340 2713 ab
366 2661 660 2730 aquilonari
695 2677 822 2716 vero
847 2661 985 2732 ripa,
1013 2663 1077 2715 ad
1105 2661 1418 2716 .luvavensis
1447 2663 1687 2718 ecclesia
1717 2677 1856 2733 pra:-

266 2748 440 2802 suvlern
484 2763 606 2819 pars
661 2751 824 2817 ipsius
879 2751 1162 2818 provincia:
1223 2752 1537 2818 pertineret.
1591 2751 1848 2806 Ecclesia:

269 2853 420 2908 vero,
447 2855 566 2908 qua:
607 2839 660 2892 iu
692 2849 913 2909 utraque
945 2843 1058 2910 ripa
1099 2841 1320 2894 fuissent
1370 2849 1710 2904 constructa,
1743 2840 1856 2894 ubi-

267 2946 498 2998 cumque
529 2931 900 3000 possessiones
928 2932 1228 3000 suas,juste
1257 2932 1358 2986 sibi
1385 2931 1626 2998 collatas,
1660 2932 1857 2988 habere

271 3031 627 3075 noscerentur
669 3023 871 3090 absque
916 3025 1359 3088 contradictione,
1411 3032 1466 3076 et
1514 3024 1855 3077 contentione

1969 498 2174 548 xxxvii,
2209 483 2260 538 in
2293 483 2458 538 Italia.
2495 481 2784 536 lndictione
2813 491 3026 552 quarta.

2039 576 2226 630 Actum
2252 573 2570 644 Aquisgrani
2594 573 2800 642 palatii,
2830 573 2880 626 in
2911 573 3002 654 Dei
3029 574 3466 630 nomine.Anieu.

2673 681 2862 739 XXXI.

1962 795 2260 852 Iudicatum
2285 796 2530 848 Adalordi
2569 804 2594 832 ει
2633 795 2826 848 abbatis
2853 794 2994 847 missi
3018 794 3298 858 imperialia
3333 803 3378 844 et
3399 795 3538 846 alie-

2033 885 2170 932 rum,
2203 867 2254 919 in
2283 882 2384 932 quo
2422 866 2576 918 abbas
2619 865 2912 918 monasterii
2955 865 3117 916 sancti
3169 861 3536 916 Bartholomari

2037 936 2364 991 Piatoriensis
2389 953 2421 988 a
2459 935 2674 1004 publicis
2697 937 2928 990 oneribus
2957 933 3197 988 immunis
3221 935 3528 1000 decernitur,

2032 1008 2221 1076 factum
2257 1009 2416 1076 (anno
2455 1005 2610 1074 8l2),

2120 1117 2210 1180 (Ex
2240 1116 2514 1174 Muratorio,
2539 1114 2870 1176 Autiquitates
2895 1111 2916 1160 Ι
2941 1111 3047 1161 alite
3073 1111 3221 1160 medii
3246 1112 3390 1174 reti),

2033 1215 2165 1269 Dum
2199 1217 2250 1269 in
2283 1213 2376 1268 Dei
2423 1212 2638 1268 nomine
2677 1227 2775 1280 ego
2805 1210 3102 1266 Adalardus
3124 1210 3317 1276 abbas,
3351 1225 3536 1264 VdSa‘US

1960 1306 2140 1360 domui
2162 1305 2338 1360 Caroli
2362 1304 2718 1372 imperatoris,
2735 1301 3038 1356 residisscm
3066 1303 3116 1354 in
3139 1301 3353 1354 civitate
3372 1301 3542 1354 Pisto-

1961 1400 2062 1462 ria,
2121 1399 2452 1467 singulorum
2511 1398 2782 1452 hominum
2841 1411 3030 1450 causas
3081 1397 3400 1450 audiendum
3453 1397 3533 1448 vel

1961 1489 2386 1552 deliberandum,
2413 1488 2662 1540 sedentes
2695 1487 2779 1539 ilic
2811 1485 3023 1538 insimul
3069 1483 3391 1538 Willeradus
3423 1485 3533 1550 epi-

1959 1593 2170 1644 SCOjlllS,
2213 1577 2500 1632 Bonifatius
2527 1577 2659 1629 ducx
2696 1578 2834 1642 (sic),
2867 1576 2996 1630 Poto
3025 1584 3076 1630 et
3105 1575 3451 1644 Leojudices,
3483 1591 3536 1628 et

1963 1667 2272 1724 Bouifredus
2301 1669 2534 1722 notarius
2561 1668 2743 1720 domui
2783 1667 2942 1734 regis,
2981 1665 3274 1734 Adapraut,
3307 1675 3357 1718 et
3387 1665 3540 1720 Citri-

1959 1761 2164 1812 sdanus
2185 1757 2452 1818 ahatibus,
2481 1756 2672 1820 Fredo,
2697 1757 2898 1820 Mauro,
2917 1766 2972 1808 et
2993 1757 3180 1810 Petrus
3211 1757 3366 1822 duca,
3393 1756 3542 1808 missi

1961 1849 2141 1902 domui
2191 1847 2352 1902 Leoni
2403 1862 2558 1914 pape,
2611 1845 2978 1900 Ermenfridus
3007 1855 3062 1899 et
3111 1847 3264 1900 Audo
3292 1846 3540 1900 scahinus

1959 1938 2026 1992 de
2057 1937 2363 2002 Camarino,
2408 1937 2489 1990 vel
2523 1936 2708 2004 reliqui
2739 1937 2916 2004 plures
2946 1937 3032 1990 ilic
3057 1935 3408 1990 adstantibus.
3445 1937 3546 1988 Ve-

1967 2033 2122 2084 niens
2173 2030 2242 2082 ibi
2299 2029 2595 2096 lldepertus
2649 2027 2812 2082 abbas
2867 2043 2934 2083 ex
2992 2029 3316 2082 monasterio
3372 2027 3540 2080 sancti

1965 2125 2350 2192 Bartholomei,
2395 2123 2610 2178 fundato
2639 2139 2669 2175 a
2711 2121 2940 2190 quodam
2994 2118 3291 2172 Gaidualdo
3339 2118 3543 2172 medico

1961 2231 2128 2284 prope
2173 2230 2328 2268 muro
2372 2215 2538 2280 ipsius
2568 2211 2800 2268 civitatis
2845 2207 3197 2264 Pistoriensi:
3252 2216 3306 2263 et
3351 2208 3546 2262 detulit

1961 2305 2115 2359 nobis
2147 2306 2211 2358 ad
2263 2305 2610 2370 relegendutn
2657 2301 2929 2356 monimen
2970 2309 3022 2354 ct
3063 2301 3283 2354 missum
3330 2301 3397 2354 ab
3425 2299 3542 2369 ipso

1958 2396 2223 2464 quondam
2275 2393 2570 2448 Gaidualdo
2601 2392 2826 2453 medico,
2869 2391 2958 2460 qui
2989 2391 3382 2454 continebatur,
3413 2405 3545 2459 qua-

1958 2485 2076 2540 liter
2107 2484 2536 2539 manifestaverat
2583 2482 2946 2552 suprascripto
2985 2481 3308 2536 monaSterio
3355 2483 3406 2534 in
3441 2495 3540 2536 suo

1957 2577 2172 2644 propria
2205 2573 2512 2639 edificasse,
2538 2583 2592 2627 et
2624 2587 2712 2626 res
2743 2571 3071 2624 nominative
3109 2570 3178 2624 ibi
3207 2570 3542 2624 contulisset.

1960 2666 2024 2720 Et
2051 2669 2237 2720 statuit
2289 2680 2430 2731 eant,
2483 2675 2538 2719 ut
2586 2665 2686 2719 sub
2725 2665 2920 2718 nullius
2973 2663 3202 2718 hominis
3233 2674 3546 2734 potestatem

1959 2755 2041 2810 vel
2073 2755 2494 2820 ordinationem,
2523 2771 2622 2808 nec
2655 2753 2840 2806 matris
2867 2753 3127 2818 Ecclesia,
3161 2755 3331 2822 ipsum
3361 2769 3546 2808 mona-

1959 2846 2180 2900 sterium
2214 2835 2536 2913 subjaceret,
2588 2845 2688 2896 nisi
2737 2858 2950 2910 semper
2994 2843 3060 2896 de
3103 2843 3216 2911 ipsa
3259 2859 3546 2914 congrega-

1959 2938 2101 2990 tione
2127 2935 2194 2989 ibi
2245 2936 2382 2988 inter
2427 2949 2486 2988 se
2532 2935 2777 2990 abbatem
2827 2934 3142 3002 elegerent;
3191 2949 3311 2988 nam
3345 2952 3448 2989 non
3478 2937 3544 2992 de

1958 3026 2217 3090 extranei,
2271 3039 2443 3093 neque
2491 3024 2558 3078 de
2613 3025 2716 3077 alia
2769 3021 3132 3089 monasteria;
3185 3036 3237 3080 et
3289 3026 3397 3078 tilio
3447 3035 3540 3081 aut

267 3113 550 3168 ambarum
599 3113 830 3182 partium
880 3113 1158 3176 haberent,
1209 3113 1330 3180 quia
1378 3125 1704 3181 compertum
1755 3115 1850 3166 ha-
1879 3081 1925 3142 C
1959 3115 2186 3170 heredes
2214 3115 2330 3182 ejus
2362 3115 2560 3167 nullam
2603 3114 2671 3166 ibi
2702 3130 2730 3166 τι
2775 3129 2834 3168 se
2861 3115 3227 3168 dominatione
3257 3131 3356 3169 nec
3389 3131 3554 3184 putem

265 3201 480 3268 bemus,
511 3205 652 3271 quod
679 3203 920 3272 quaedam
953 3202 1192 3258 ecclesiae
1235 3203 1286 3256 iu
1333 3217 1437 3256 una
1479 3207 1587 3272 ripa
1620 3203 1851 3261 ﬂuminis

269 3293 510 3362 praedicti
537 3303 662 3347 sunt
695 3303 1036 3348 constructae.

343 3381 452 3437 Hac
485 3383 644 3452 igitur
687 3383 998 3440 deﬁnitione
1042 3383 1396 3453 promulgata,
1425 3399 1456 3438 a
1483 3385 1636 3438 nobis
1667 3385 1852 3456 praeci-

271 3488 466 3542 pnnus,
515 3485 670 3544 atque
699 3474 967 3543 jubernus,
1019 3485 1075 3529 ut
1104 3483 1208 3529 tam
1251 3488 1541 3542 praesentes
1567 3477 1666 3531 viri
1695 3493 1854 3534 vene-

269 3563 469 3620 rabiles
501 3561 799 3619 Maxentius
831 3565 1100 3632 videlicet,
1131 3567 1220 3637 qui
1253 3567 1305 3620 in
1339 3568 1512 3621 locum
1557 3585 1727 3637 nuper
1754 3570 1852 3624 viri

271 3655 593 3712 venerabilis
617 3657 736 3711 Ursi
761 3658 1071 3726 patriarcha:
1107 3657 1424 3729 subrogatus
1445 3666 1550 3726 est,
1594 3669 1649 3714 et
1681 3661 1854 3714 Arno-

267 3763 394 3802 netn
417 3749 582 3802 virum
609 3747 963 3803 venerabilem
992 3747 1292 3820 [legendum
1316 3761 1396 3803 est
1421 3751 1589 3803 :Arno
1611 3753 1686 3802 vir
1709 3765 1854 3803 uene-

267 3837 471 3902 rabilis,
513 3837 642 3909 etc.]
673 3837 987 3893 Juvavensis
1016 3839 1254 3893 ecclesia:
1285 3839 1738 3909 archiepiscOpuiu
1768 3841 1856 3894 de-

269 3943 494 3984 cernere
527 3930 579 3983 in
611 3928 846 3983 futurum
896 3931 1040 3982 nulla
1087 3933 1470 3996 controversia,
1517 3931 1856 4000 autquatstio

271 4033 576 4084 moveatur,
603 4020 696 4074 sed
744 4021 980 4074 contenti
1010 4021 1116 4074 sint
1145 4035 1212 4075 ex
1243 4031 1467 4091 utraque
1499 4031 1646 4089 parte
1672 4031 1855 4074 nostro

267 4109 499 4180 judicio,
529 4110 672 4180 quod
719 4112 857 4166 inter
903 4125 998 4165 eos
1043 4111 1333 4166 secundum
1373 4110 1705 4166 rectitudinis
1734 4126 1857 4164 uor-

269 4217 438 4266 mam,
472 4212 686 4271 propter
716 4201 1055 4270 charitatem,
1087 4211 1141 4256 et
1173 4215 1377 4268 pacem,
1409 4217 1526 4272 quae
1558 4201 1694 4255 inter
1724 4201 1857 4254 tales

273 4297 419 4349 siros
441 4295 620 4362 decet,
644 4295 1068 4350 conservandam
1092 4293 1444 4363 judicavimus
1470 4309 1485 4358 ;
1519 4307 1690 4362 neque
1713 4293 1854 4346 enim

270 4387 463 4459 justior
493 4386 646 4441 nobis
675 4401 836 4454 super
867 4383 1166 4454 hujusmodi
1197 4385 1586 4452 disceptatione
1629 4394 1847 4440 senten-

273 4479 346 4530 tia
379 4475 698 4548 proferenda
745 4476 1038 4538 videbatur,
1069 4488 1224 4543 quam
1267 4483 1323 4528 ut
1351 4473 1543 4527 divisio
1587 4471 1724 4528 inter
1753 4487 1848 4528 eos

273 4571 418 4623 illius
446 4567 732 4638 provinciae
777 4569 948 4630 fieret,
994 4567 1145 4634 cujus
1183 4567 1340 4618 ambo
1372 4579 1431 4620 se
1478 4567 1846 4618 auctoritatem

275 4661 473 4715 trahere
515 4659 869 4724 asserebant;
910 4657 1030 4726 quia
1079 4669 1176 4711 nos
1221 4655 1516 4711 eorundem
1565 4655 1852 4709 auctorita-

275 4761 385 4806 tem
417 4751 723 4821 neutiquam
769 4750 978 4814 falsam,
1006 4747 1311 4818 neutiquam
1361 4747 1626 4801 inﬁrmam
1677 4746 1852 4800 facere

271 4843 542 4906 volumus,
574 4839 696 4909 quia
730 4853 830 4892 una
855 4838 1191 4907 antiquitate,
1219 4837 1388 4890 altera
1413 4845 1612 4891 sanctae
1653 4833 1848 4889 Roma-

273 4949 361 4990 na:
385 4934 629 4989 ecclesia:
673 4931 1019 4996 sublimitate,
1071 4927 1431 4998 prtecellebat.
1461 4925 1606 4978 llauc
1655 4933 1853 4978 nostra:

275 5026 608 5082 auctoritatis
650 5023 971 5094 iussionem,
1019 5033 1074 5077 ut
1105 5021 1306 5091 majora
1355 5036 1448 5092 per
1499 5029 1734 5088 tempora
1781 5017 1856 5071 vi-

275 5131 462 5187 gorem
505 5115 810 5180 sortiretur,
855 5113 1164 5184 firmiorque
1211 5113 1280 5168 ab
1324 5112 1409 5177 iis,
1459 5111 1550 5181 qui
1593 5118 1712 5180 post
1757 5122 1856 5163 nos

281 5208 446 5262 futuri
495 5218 620 5262 sunt
651 5207 958 5262 hominibus
987 5205 1290 5269 haberetur,
1323 5217 1474 5259 more
1517 5210 1701 5256 nostro
1738 5215 1859 5256 eam

279 5299 638 5363 subscribere,
670 5309 725 5354 et
753 5299 822 5355 de
853 5297 992 5352 bulla
1024 5305 1202 5352 nostra
1239 5295 1494 5366 jussimus
1531 5293 1788 5364 sigillare.

355 5391 542 5448 Datum
573 5406 700 5446 avni
751 5389 976 5446 Kalend.
1007 5387 1172 5456 Junii,
1222 5401 1363 5442 anno
1393 5402 1466 5452 tu,
1496 5385 1710 5440 Christo
1738 5397 1861 5454 pro-

354 5547 382 5576 ⁸
423 5541 770 5606 Adallrardua,
824 5543 912 5611 qui
955 5539 1156 5611 judicio
1183 5539 1308 5594 huic
1351 5535 1581 5611 praefuit,
1621 5533 1861 5611 celeber-

287 5629 454 5668 rimus
497 5613 586 5668 ille
629 5623 714 5668 est
759 5605 1000 5670 Corbeiae
1043 5612 1232 5676 abbas,
1271 5605 1552 5662 sanctitate
1593 5605 1854 5676 vitante-

287 5699 508 5754 ruiuque
539 5695 806 5756 gestarum
840 5682 978 5738 fama
1021 5690 1180 5738 notus
1218 5675 1282 5734 in
1313 5677 1604 5734 Annalibus
1653 5675 1856 5734 ordinis

1955 3213 2171 3270 statern,
2205 3206 2304 3261 nisi
2339 3219 2398 3260 se
2445 3215 2719 3274 Oporteret
2769 3219 2890 3260 esse
2929 3219 3114 3260 causas
3162 3204 3542 3264 defensandas.

1958 3295 2026 3348 Et
2069 3297 2193 3350 dum
2246 3297 2500 3352 relectum
2540 3295 2729 3350 fuisset
2778 3296 3051 3350 munimen
3099 3294 3296 3364 ipsum,
3345 3295 3534 3350 aﬂatus

1955 3398 2038 3444 est
2064 3391 2178 3458 ipse
2207 3387 2389 3454 abbas,
2439 3387 2577 3458 quod
2633 3395 2871 3456 tempore
2917 3387 3119 3441 domini
3169 3387 3338 3455 Pipini
3373 3389 3532 3458 regis,

1953 3481 2081 3536 dum
2113 3479 2288 3535 adhuc
2338 3479 2638 3536 Rotcheldo
2687 3479 2910 3544 viveret,
2962 3479 3330 3548 pervasionem
3369 3479 3540 3536 malo-

1957 3585 2073 3625 rum
2105 3568 2382 3622 hominum
2427 3569 2495 3621 ab
2537 3565 2725 3623 eodem
2775 3566 3057 3621 Rotchildo
3100 3565 3169 3620 de
3199 3567 3314 3636 ipso
3347 3579 3534 3620 mona-

1955 3661 2120 3714 sterio
2149 3657 2355 3727 ejectus
2405 3657 2614 3724 fuisset,
2647 3666 2703 3712 et
2753 3659 2804 3711 in
2839 3656 3000 3712 exilio
3051 3656 3244 3712 missus
3291 3657 3407 3711 sine
3439 3657 3543 3710 ulla

1955 3753 2134 3820 culpa,
2165 3760 2220 3804 et
2265 3751 2467 3819 absque
2511 3750 2730 3818 judicio,
2777 3759 2831 3804 et
2881 3751 2998 3818 ipso
3048 3749 3371 3803 monasterio
3423 3756 3546 3801 tunc

1958 3842 2114 3895 datus
2145 3841 2334 3894 luisset
2361 3841 2412 3892 in
2442 3840 2704 3894 beneticio
2732 3835 3047 3892 Nebulunko
3072 3853 3267 3906 genere
3297 3837 3542 3891 Bavario.

1958 3933 2021 3986 Et
2046 3933 2170 3986 dum
2202 3946 2296 3998 per
2343 3929 2618 3983 monachis
2663 3929 2828 3997 ipsius
2872 3929 3184 3981 monasterii
3235 3927 3544 3980 reclamatio

1955 4023 2150 4081 exinde
2197 4024 2335 4077 facta
2381 4022 2568 4077 fuisset
2598 4022 2662 4074 ad
2711 4021 2988 4075 Paulinum
3030 4019 3404 4087 patriarcharn,
3437 4019 3542 4072 Ar-

1957 4133 2096 4174 none
2120 4115 2546 4184 arclttepiscopo,
2597 4110 2850 4166 Fardulfo
2890 4110 3104 4176 abbate,
3140 4119 3193 4164 et
3245 4107 3540 4178 Ecberigus

1957 4221 2141 4262 comes
2175 4205 2374 4274 palatii,
2410 4205 2490 4257 vel
2544 4201 2731 4270 reliqui
2779 4201 2898 4254 locu
2930 4213 3138 4266 eorum,
3169 4198 3256 4268 qui
3299 4208 3425 4252 tunc
3457 4197 3542 4251 hic

1959 4299 2012 4352 in
2066 4297 2208 4351 Italia
2259 4294 2406 4349 missi
2457 4293 2693 4356 fuerunt,
2744 4289 3026 4344 duodecim
3073 4287 3284 4342 insimul
3327 4288 3402 4340 sic
3441 4285 3543 4354 ipsi

1961 4405 2120 4446 causa
2155 4389 2527 4458 iuquisierant,
2559 4383 2700 4454 quod
2733 4381 3150 4450 suprascriptum
3186 4379 3454 4433 munimen
3487 4379 3540 4431 in

1957 4485 2070 4538 suis
2097 4483 2262 4552 relegi
2295 4480 2538 4534 fecerunt
2583 4475 2873 4547 presentia,
2905 4473 3044 4542 quod
3086 4473 3206 4526 illos
3246 4483 3542 4539 cognosce-

1969 4573 2096 4637 riut,
2123 4571 2264 4640 quod
2293 4570 2485 4636 injuste
2512 4567 2640 4621 mihi
2679 4566 2850 4635 ipsum
2897 4563 3272 4618 monasterium
3303 4561 3542 4616 ablatum

1953 4663 2159 4728 fuisset,
2191 4669 2378 4716 etnon
2427 4658 2498 4712 ibi
2543 4656 2760 4714 aliunde
2811 4655 2970 4710 debet
3006 4654 3122 4706 ﬁeri
3167 4651 3526 4718 ordinatione,

1955 4755 2056 4808 nisi
2087 4754 2155 4808 de
2201 4755 2343 4822 ipssa
2373 4749 2810 4820 congregatione,
2863 4735 3006 4802 sicui
3056 4747 3200 4816 ipsse
3245 4746 3540 4800 Gaidualdo

1957 4843 2164 4898 medico
2192 4852 2452 4896 statuere.
2503 4841 2654 4895 Tunc
2702 4838 2944 4894 fecerunt
2997 4853 3082 4891 me
3123 4838 3188 4891 de
3214 4837 3356 4904 ipsse
3381 4833 3540 4889 exilio

1957 4948 2236 4998 revocare,
2269 4941 2322 4988 et
2368 4931 2572 5002 prefato
2620 4930 2933 5000 Nebulungo
2979 4929 3046 4982 de
3095 4927 3316 4980 heodem
3348 4939 3537 4978 mona-

1957 5028 2124 5083 sterio
2157 5025 2286 5079 foris
2317 5025 2615 5094 ejecerunt,
2648 5033 2703 5078 et
2742 5039 2827 5076 me
2869 5021 2996 5074 inihi
3029 5021 3079 5071 in
3109 5027 3260 5072 antea
3299 5017 3540 5071 intromi-

1961 5125 2163 5171 seruut.
2221 5116 2406 5169 Postea
2453 5129 2544 5180 per
2575 5113 2665 5166 illa
2697 5111 2834 5164 mala
2881 5107 3282 5172 consuetudine,
3316 5121 3418 5175 que
3443 5121 3540 5176 per

1961 5209 2151 5263 eodem
2181 5205 2495 5273 Nebulongo
2546 5204 2684 5256 facto
2733 5209 2835 5266 est,
2881 5201 3068 5254 abillo
3096 5199 3184 5252 die
3229 5197 3426 5251 faciunt
3454 5211 3539 5252 me

1967 5300 2045 5354 ire
2073 5303 2124 5354 in
2157 5299 2334 5362 hoste,
2365 5304 2420 5350 et
2445 5310 2632 5348 omnes
2658 5301 2866 5362 paratas
2891 5301 2946 5344 et
2972 5289 3244 5358 conjectos
3273 5287 3446 5342 facere
3470 5287 3538 5342 ad

1963 5391 2177 5456 missos,
2208 5403 2270 5443 ac
2299 5387 2594 5443 donatione
2643 5385 2707 5438 ad
2745 5383 2960 5452 palatio,
3012 5397 3114 5448 que
3161 5393 3280 5434 cum
3323 5379 3436 5448 lege
3459 5377 3535 5434 fa~

1960 5542 2132 5626 sancti
2161 5539 2454 5607 Benedicti,
2503 5548 2558 5594 et
2605 5551 2712 5592 non
2753 5531 2926 5590 semel
2971 5531 3136 5588 Italici
3185 5529 3330 5602 regni
3363 5526 3531 5586 adrui:

1959 5625 2142 5670 mster.
