4034 6182
555 309 686 362 tot7

1406 305 1464 359 Β.
1507 305 1751 359 CAROLI
1793 303 2001 359 MAGNI
2043 302 2192 358 OPI‘.
2238 302 2410 359 PARS
2452 303 2489 356 Ι.
2529 301 2766 360 SECTIO
2805 303 2869 358 ll.

3637 309 3760 366 10l8

549 433 672 471 cere
704 430 807 470 non
837 413 1024 478 debeo,
1075 412 1194 480 quia
1245 411 1384 480 quod
1433 412 1744 477 Gaidualdo,
1774 413 1861 481 qui
1895 413 1948 466 in
1995 413 2110 476 ipso
2138 413 2184 472 Α
2211 411 2475 478 conjecta,
2521 421 2610 466 aut
2638 412 2878 466 dationes
2930 425 3022 480 per
3058 411 3532 469 contradictionem
3561 429 3591 468 a
3621 417 3754 485 pata.

555 505 877 560 nionasterio
939 505 1272 566 construxit,
1321 503 1545 558 heredes
1590 503 1835 571 reliquid,
1890 503 1978 571 qui
2019 504 2113 556 ho-

549 607 686 650 stem
718 596 936 650 faciunt.
970 595 1076 648 Hec
1103 607 1200 648 nos
1233 594 1508 649 audientes
1529 604 1686 663 atque
1713 603 2110 663 cognoscentes,

550 685 816 754 quumodo
843 685 957 753 ipse
987 683 1151 737 abbas
1176 683 1351 738 inuste
1391 683 1459 738 de
1502 682 1618 752 ipso
1645 684 1969 738 monasterio
1997 683 2117 736 fue-

550 783 629 826 rat
657 772 880 841 eiectus,
917 780 970 824 et
1018 786 1110 839 per
1151 771 1406 839 judicium
1458 773 1523 825 de
1570 771 1916 838 suprascripti
1969 771 2113 824 missi

553 863 682 915 inibi
730 861 903 914 fuerat
947 869 1183 923 vocatus,
1219 860 1392 926 paruit
1438 859 1590 912 nobis
1629 868 1686 912 ut
1727 859 1867 926 justa
1920 867 2113 913 statuta

548 958 734 1025 ipsius,
785 955 923 1025 quod
966 955 1260 1009 Gaidualdo
1307 955 1534 1018 medico,
1581 953 1704 1008 dum
1737 954 1849 1018 ipse
1895 953 2116 1007 heredes

547 1048 793 1116 reliquid,
826 1049 914 1116 qui
950 1048 1154 1100 hostem
1182 1046 1440 1108 facerent,
1466 1055 1522 1098 ut
1543 1047 1706 1100 abbas
1736 1045 1901 1114 ipsius
1928 1058 2116 1098 mona-

546 1141 691 1196 sterii
736 1141 913 1195 hostes
945 1140 1145 1194 faceret
1188 1139 1422 1194 nondum
1455 1138 1612 1202 bene,
1666 1150 1764 1192 nec
1794 1137 1933 1190 nulla
1963 1151 2114 1205 para-

547 1245 651 1286 tam
684 1232 747 1286 ad
780 1232 976 1286 missos
1023 1231 1307 1295 dominico,
1345 1243 1442 1284 nec
1485 1227 1751 1297 conjecto,
1798 1242 1896 1281 nec
1941 1227 2114 1294 aliqua

549 1324 818 1377 dationem
863 1337 958 1390 per
1004 1321 1312 1374 conditione
1357 1319 1421 1372 ad
1466 1319 1678 1387 palatio.
1730 1317 1958 1385 ideoque
1993 1331 2114 1384 ego,

545 1415 629 1468 cui
659 1428 817 1480 supra
861 1411 1154 1466 Adalardus
1186 1411 1380 1464 missus
1421 1408 1602 1463 domni
1648 1407 1982 1476 imperatoris
2027 1420 2118 1458 co-

545 1504 812 1565 mendavi,
841 1511 894 1557 et
941 1502 1107 1570 ipsius
1154 1501 1343 1554 Domni
1376 1499 1543 1554 nostri
1586 1498 1918 1557 auctoritate,
1951 1503 2006 1549 et
2049 1495 2116 1548 de

543 1609 640 1647 sua
665 1593 926 1661 jussione,
969 1601 1026 1643 ut
1074 1591 1301 1644 admodo
1332 1590 1488 1643 liceat
1535 1591 1648 1656 ipso
1685 1586 1875 1640 abbate
1906 1585 1987 1639 vel
2019 1599 2112 1652 po-

542 1687 704 1741 steris
733 1685 852 1754 ejus
881 1685 945 1738 ad
976 1683 1150 1751 ipsum
1183 1681 1568 1736 monasterium
1599 1694 1717 1732 cum
1741 1692 1898 1744 supra
1920 1677 2114 1746 scripta

2216 501 2291 555 tio
2318 504 2520 557 solutos
2565 514 2856 569 manerent,
2905 511 3029 557 ante
3073 503 3268 571 posito,
3317 505 3361 558 si
3409 505 3560 560 aliter
3593 505 3788 577 fuerit,-

2211 595 2381 662 jussio
2419 592 2633 663 regalis.
2665 591 2814 648 Unde
2852 591 3008 661 quale
3051 603 3228 647 actum
3257 603 3339 648 est
3387 609 3482 663 pro
3513 600 3765 652 securita-

2218 695 2322 740 tem
2351 685 2514 750 ipsius
2564 684 2799 753 lldiperti
2838 685 3038 751 abbati,
3084 693 3138 740 et
3181 684 3247 740 ad
3285 683 3402 754 ejus
3444 701 3769 745 successores

2218 777 2329 832 fieri
2353 774 2626 845 iussimus.

2289 865 2513 932 Quidem
2542 873 2598 919 et
2623 879 2721 933 ego
2767 865 2961 920 Paulus
3006 868 3244 920 notarius
3273 880 3338 923 ex
3377 868 3576 923 dictato
3625 869 3770 924 Boui-

2216 955 2335 1011 fridi
2365 957 2574 1024 scripsi,
2600 969 2740 1009 anno
2772 956 2917 1023 regni
2945 955 3125 1009 dumni
3164 956 3338 1011 Caroli
3371 960 3422 1011 in
3448 958 3595 1013 Italia
3627 960 3774 1014 trice-

2217 1049 2352 1102 simo
2377 1059 2585 1112 octavo,
2621 1060 2804 1102 mense
2831 1046 3039 1112 Martio,
3071 1047 3288 1102 indictio
3316 1050 3523 1117 quinta.

2292 1140 2401 1207 Ego
2433 1137 2749 1192 Adalardus.

2287 1228 2504 1296 Signum
2552 1229 2592 1298 ιι-
2632 1242 2846 1282 manum
2894 1231 3262 1300 suprascripto
3311 1231 3607 1287 Bonifatius
3650 1233 3774 1290 ducx

2219 1321 2270 1374 iu
2303 1321 2344 1372 is
2381 1321 2512 1372 actis
2538 1319 2772 1373 interfui.
3617 1343 3622 1346 έ

2289 1411 2400 1479 Ego
2428 1409 2718 1464 Willerado
2745 1412 2998 1480 episcopo
3028 1414 3081 1466 in
3113 1414 3158 1467 is
3184 1414 3316 1468 actis
3345 1415 3584 1469 interfui.

2289 1499 2328 1569 -ι-
2355 1499 2463 1553 Leo
2492 1513 2647 1552 vasso
2677 1499 2860 1567 domui
2889 1501 2995 1569 regi
3019 1502 3353 1556 concordans
3384 1503 3702 1571 subscripsi.

2291 1591 2331 1659 -ι-
2371 1590 2481 1658 Ego
2504 1589 2635 1643 Poto
2665 1592 2925 1645 causindo
2956 1593 3064 1660 regi
3095 1593 3146 1645 in
3177 1594 3221 1646 is
3253 1593 3384 1646 actis
3413 1594 3633 1649 interfui

2292 1680 2332 1749 -Ξ-
2373 1679 2675 1735 Bonifridus
2703 1683 2939 1736 notarius
2974 1681 3025 1736 in
3054 1683 3100 1737 is
3131 1685 3261 1738 actis
3286 1684 3525 1738 interfui.

545 1753 964 1844 congregatione
995 1788 1272 1828 servorum
1305 1772 1395 1826 Dei
1429 1771 1498 1825 ibi
1526 1769 1861 1839 degentibus,
1893 1768 2116 1821 Domino
2153 1753 2195 1812 Β
2295 1773 2519 1837 Quidam
2545 1787 2642 1842 ego
2667 1773 2856 1828 Petrus
2900 1776 3140 1829 notarius
3169 1777 3496 1832 auteuticum
3524 1777 3659 1831 illud
3688 1779 3784 1833 vidi

547 1869 814 1930 famulari,
841 1873 897 1921 et
929 1881 1023 1934 pro
1069 1865 1240 1918 salute
1286 1863 1499 1917 domuis
1544 1863 1737 1914 nostris
1785 1859 1989 1914 Domini
2017 1860 2114 1912 mi-

545 1958 883 2014 scricordiam
932 1971 1178 2020 exorare,
1229 1963 1285 2009 et
1329 1955 1396 2008 ab
1446 1954 1620 2019 hoste,
1673 1960 1728 2007 et
1778 1959 1980 2020 parata,
2022 1965 2114 2003 seu

2222 1873 2272 1915 et
2319 1863 2418 1931 legi
2467 1875 2520 1919 et
2568 1866 2667 1918 hoc
2715 1866 2986 1934 exemplar
3030 1868 3347 1936 exemplavi,
3379 1878 3431 1923 et
3478 1884 3642 1922 manu
3683 1884 3787 1922 mea

2222 1953 2425 2020 scripsi.

547 2077 3788 2103 Μ

663 2185 772 2244 ΠΙ.
809 2218 870 2228 -~
918 2181 1377 2243 PRIVILEGIA
1420 2180 1604 2253 QUAE
1648 2180 1757 2238 AD
1800 2175 2579 2335 PARTESCGERMANUE
2620 2182 3079 2247 SUPERIORIS
3112 2187 3216 2246 ET
3244 2185 3701 2251 INFEBIORIS

1957 2277 2094 2335 SPE
2148 2278 2383 2335 TANT.

1957 2277 2383 2338 SPECTANT.

1317 2458 1355 2510 Ι.

544 2573 880 2639 Conﬁrmatt’o
916 2571 1088 2625 Caroli
1122 2571 1298 2639 Magni
1337 2570 1668 2622 danationum
1713 2587 1744 2624 a
1779 2572 2120 2639 prmdecesvo-

616 2645 752 2695 ribus
781 2643 1034 2710 [actarum
1063 2640 1398 2709 Ultrajectt'no
1419 2641 1722 2692 monasterio
1754 2644 1867 2709 (an.
1899 2643 2051 2703 770).

753 2771 845 2835 (Ex
867 2771 1030 2832 Heda,
1049 2769 1263 2820 llistoria
1283 2771 1587 2832 episcopatus
1608 2769 1906 2834 Uitrajeeti.)

620 2895 842 2949 Karolus
883 2893 974 2949 Dei
1027 2893 1194 2962 gratia
1243 2909 1333 2946 rex
1388 2893 1735 2958 Francorum,
1769 2896 1854 2950 vir
1883 2895 2108 2952 illuster.

547 2987 602 3041 Si
638 2985 978 3054 petitinnibus
1028 2985 1362 3038 sacerdotum
1416 2985 1465 3038 in
1513 2987 1760 3038 omnibus
1808 3002 1912 3040 non
1953 3003 2111 3055 nega-

525 3093 687 3154 ‘mus,
736 3077 1013 3130 Dominunt
1061 3074 1253 3128 exinde
1307 3075 1680 3129 retributorem
1737 3075 1933 3132 habere
1987 3092 2114 3133 con-
2143 3066 2189 3129 C

547 3171 780 3225 fidimus.
839 3166 1067 3235 ideoque
1112 3166 1428 3221 venerabilis
1463 3167 1543 3219 vir
1593 3165 1883 3236 Gregorius
1911 3169 2122 3238 episco-

552 3275 651 3327 pus
694 3256 1155 3313 confirmationem
1203 3255 1358 3310 bonas
1405 3256 1678 3310 memoria:
1725 3257 1925 3312 domini
1966 3260 2119 3329 geni-

547 3349 677 3404 toris
707 3347 872 3402 nostri
919 3346 1147 3416 Pippini,
1192 3346 1458 3415 quondam
1507 3348 1668 3416 regis,
1699 3347 1766 3403 de
1812 3349 1969 3404 rebus
2017 3351 2118 3404 Ec-

547 3437 726 3492 clesia:
762 3451 873 3491 sua:
911 3436 968 3492 S.
1019 3435 1255 3500 Martini,
1283 3451 1402 3501 quae
1448 3443 1532 3488 est
1574 3446 1876 3491 constructa
1922 3438 1973 3492 in
2003 3439 2118 3493 vico

545 3525 816 3596 Trajecto,
846 3541 1005 3594 super
1046 3523 1261 3578 ﬂuvium
1288 3524 1483 3590 Rheni,
1533 3525 1685 3580 nobis
1736 3527 1953 3596 protulit
1983 3530 2118 3584 rele.

551 3618 774 3684 gendam
805 3615 872 3668 de
904 3603 1062 3668 rebus
1092 3628 1226 3682 quas
1272 3623 1638 3669 antecessores
1677 3617 1842 3670 uestri
1869 3617 2121 3686 Pippinus

546 3707 804 3770 anterior,
835 3719 928 3758 seu
953 3703 1178 3756 Karolus
1209 3704 1288 3756 vel
1318 3703 1766 3770 Karolomaunus,
1797 3705 2030 3776 itemque
2066 3716 2122 3762 et

552 3795 801 3863 praefatus
831 3797 1038 3864 genitor
1064 3804 1243 3849 noster
1272 3796 1337 3848 ad
1370 3797 1536 3864 ipsam
1571 3811 1749 3850 casam
1778 3797 1870 3851 Dei
1901 3813 2122 3854 conces-

547 3897 750 3953 serunt,
787 3889 865 3944 vel
905 3887 968 3941 ad
1001 3887 1147 3941 illum
1191 3888 1577 3957 episcopatum,
1616 3899 1670 3941 ut
1718 3905 1930 3945 omnem
1977 3891 2120 3945 deci-

547 3997 688 4034 mam
714 3983 779 4036 de
831 3981 1004 4048 terris,
1055 3995 1147 4035 seu
1191 3981 1260 4035 de
1290 3982 1587 4048 mancipiis,
1637 3991 1729 4035 aut
1757 3982 1824 4036 de
1873 3985 2119 4048 teloneis,

545 4073 630 4127 vel
661 4071 726 4124 de
753 4071 1010 4141 negociis,
1041 4080 1132 4124 aut
1163 4071 1511 4140 undecunque
1538 4069 1601 4123 ad
1636 4080 1810 4138 partes
1844 4070 1955 4125 fisci
1999 4087 2123 4126 cen-

546 4178 638 4216 sus
667 4173 910 4232 spectare
936 4161 1238 4226 videbatur,
1289 4162 1424 4215 sicut
1467 4162 1699 4215 diximus
1739 4177 1948 4214 omnem
1979 4162 2122 4216 deci-

547 4269 686 4306 mam
716 4264 916 4320 partem
947 4252 1011 4304 ad
1053 4253 1218 4320 ipsam
1251 4266 1428 4304 casam
1459 4251 1552 4305 Dei
1596 4251 1652 4306 S.
1689 4250 1893 4304 Martini
1921 4251 2120 4304 condo-

547 4354 829 4411 naveruut,
871 4345 955 4397 vel
985 4343 1458 4408 confirmaverunt,
1511 4351 1570 4396 ut
1599 4343 1651 4394 in
1703 4343 2000 4397 luminariis
2028 4357 2119 4396 seu

2225 2465 2500 2531 habeatur,
2531 2467 2614 2522 vel
2644 2481 2738 2537 per
2765 2478 3001 2538 tempora
3029 2471 3221 2527 melius
3261 2483 3633 2537 conservetur,
3675 2490 3782 2529 ina-

2224 2567 2321 2607 nus
2366 2566 2561 2610 nostra
2607 2556 2894 2624 signaculis
2937 2558 3122 2614 subtus
3159 2573 3278 2615 eam
3321 2560 3665 2619 decrevimus
3705 2579 3788 2617 ro-

2221 2648 2349 2698 bora
2359 2659 2434 2699 re.

2292 2733 2512 2806 Signum
2553 2737 2727 2794 Karoli
2757 2740 3123 2809 gloriosissimi
3161 2743 3321 2813 regis.

2294 2827 2420 2881 Data
2476 2828 2703 2900 Kalend.
2757 2833 2948 2888 Martii.
3004 2832 3194 2890 Actum
3244 2835 3430 2905 Aquis.
3459 2835 3660 2905 palatio
3695 2849 3782 2906 pu-

2221 2917 2375 2971 blico.

2224 3116 2544 3191 Prwceptunt
2567 3121 2981 3175 evindicatorium
3008 3122 3179 3177 Caroli
3205 3121 3383 3191 Magni
3417 3125 3599 3177 datum
3625 3139 3787 3176 mona—

2291 3189 2444 3241 sterio
2491 3187 2914 3245 Laureahamensi
2959 3208 3115 3258 super
3155 3187 3471 3257 impetitione
3525 3193 3788 3248 Heimeria'

2292 3258 2388 3324 ﬁlii
2410 3258 2686 3313 Cancronis
2709 3261 2906 3314 comitis
2927 3261 3082 3332 (anno
3109 3263 3258 3332 77f).

2398 3391 2417 3456 (
2432 3392 2500 3442 Ex
2524 3393 2749 3456 Helvich,
2775 3395 3102 3458 Autiquitates
3129 3395 3624 3459 Lauresbameoses.)

2292 3515 2516 3570 Karolus
2561 3517 2729 3586 gratia
2779 3518 2870 3572 Dei
2917 3532 3008 3572 rex
3057 3516 3411 3584 Francorum,
3443 3519 3523 3573 vir
3552 3521 3790 3574 illustris.

2223 3606 2453 3662 Veniens
2507 3608 2572 3661 ad
2602 3621 2701 3662 nos
2757 3607 3059 3662 llaristellio
3115 3607 3310 3676 palatio
3347 3610 3427 3663 vir
3479 3610 3789 3663 venerabilis

2225 3698 2611 3754 Gundelaudus
2651 3699 2787 3755 abba
2837 3699 2904 3754 de
2952 3700 3278 3755 monasterio
3327 3700 3673 3764 Lauresham,
3701 3701 3787 3754 ubi

2222 3799 2439 3846 sanctus
2465 3790 2724 3846 Nazarius
2752 3800 2953 3861 martyr
2980 3790 3032 3844 in
3065 3806 3291 3860 corpore
3315 3793 3626 3860 requiescit,
3646 3793 3789 3845 nobis

2222 3881 2470 3948 innotuit,
2501 3895 2567 3937 eo
2595 3881 2738 3952 quod
2778 3881 2944 3936 homo
2988 3881 3180 3952 aliquis
3226 3883 3444 3937 nomine
3496 3883 3787 3938 Heimricus

2224 3969 2292 4023 de
2340 3969 2460 4039 ipso
2513 3971 2838 4029 monasterio
2880 3970 3173 4025 calumnias
3220 3985 3479 4039 generare
3523 3972 3787 4038 voluisset,

2224 4059 2349 4112 dum
2405 4060 2609 4114 diceret
2651 4059 2793 4128 quod
2837 4074 2968 4113 suus
3015 4069 3166 4128 pater
3194 4059 3396 4115 Cancor
3420 4077 3547 4116 eum
3595 4063 3664 4117 de
3687 4063 3793 4130 ipso

2226 4148 2550 4203 monasterio
2581 4148 2830 4202 vestitum
2858 4147 3168 4203 dimisisset.
3195 4149 3261 4202 Et
3283 4149 3397 4217 ipse
3421 4148 3791 4206 Gundelaudus

2226 4253 2460 4308 przesens
2488 4239 2717 4304 astabat,
2750 4246 2804 4291 et
2845 4251 3058 4292 causam
3107 4240 3158 4291 in
3199 4241 3449 4294 omnibus
3476 4241 3788 4311 denegabat,

2225 4329 2348 4382 dum
2394 4329 2616 4394 diceret,
2665 4328 2806 4398 quod
2863 4329 2979 4382 avia
3032 4328 3197 4395 ipsius
3250 4327 3531 4382 Heimerici
3584 4330 3787 4383 nomine

546 4436 825 4502 stipendiis
882 4435 1265 4489 monachorum
1322 4446 1478 4504 atque
1530 4436 1910 4488 canonieorum
1944 4473 1960 4497 ,
2025 4435 2111 4502 qui

2222 4418 2595 4486 Williswinda,
2623 4420 2706 4473 vel
2754 4419 2961 4490 genitor
3000 4433 3127 4473 suus
3159 4419 3366 4473 Cancer
3401 4434 3662 4488 germano
3686 4419 3781 4472 do-

549 4523 745 4578 ibidem
773 4527 997 4593 gentiles
1041 4528 1106 4580 ad
1155 4527 1603 4580 Christianitatem
1658 4533 2017 4580 convertunt:
2066 4534 2119 4577 et

551 4615 760 4668 Domini
807 4616 1167 4669 misericordia
1221 4617 1367 4683 ipsos
1394 4630 1706 4679 conversos,
1737 4629 1869 4684 quos
1900 4615 2117 4680 habent,

547 4707 960 4773 doceant,justa
990 4707 1130 4774 quod
1181 4707 1470 4760 Christiani
1515 4720 1699 4759 eorum
1750 4703 2120 4758 Christianita-

548 4811 655 4852 tem
684 4807 1022 4852 conservant.
1075 4797 1226 4852 Unde
1269 4805 1325 4851 et
1371 4797 1615 4864 praefatus
1655 4797 1940 4865 Gregorius
1968 4797 2121 4849 nobis

550 4889 777 4958 expetiit
805 4897 862 4941 ut
910 4887 1075 4957 ipsam
1124 4887 1586 4942 confirmationem
1637 4900 1896 4941 renovare
1945 4885 2122 4939 debe-

549 4994 751 5043 remus,
779 4979 916 5046 quod
961 4989 1013 5032 et
1053 4977 1236 5032 libenti
1286 4977 1467 5030 animo
1509 4962 1608 5030 visi
1659 4975 1856 5029 fuimus
1904 4974 2116 5038 fecisse,

500 5071 505 5076 '
546 5069 832 5136 Propterea
883 5084 978 5135 per
1020 5068 1157 5123 banc
1209 5067 1616 5137 praeceptionem
1655 5074 1890 5118 nostram
1939 5064 2122 5119 decer-

549 5164 723 5212 nimus
779 5170 936 5229 atque
987 5160 1281 5228 iubemus,
1339 5165 1397 5212 ut
1454 5156 1702 5226 quicquid
1754 5165 2122 5210 antecessores

549 5255 714 5308 nostri
743 5267 884 5321 stepe
913 5251 1040 5305 dicti
1088 5251 1152 5302 ad
1201 5251 1368 5318 ipsam
1413 5262 1593 5302 casam
1649 5247 1740 5300 Dei
1791 5262 1888 5314 per
1935 5259 2120 5300 eorum

550 5355 865 5402 testamenta
919 5343 1353 5400 condonaveruut
1403 5341 1546 5408 juste
1599 5349 1654 5393 et
1708 5337 2118 5402 rationabiliter,

548 5454 644 5505 per
673 5448 906 5491 nostram
955 5435 1128 5488 denuo
1160 5431 1615 5487 confirmationem
1657 5431 1860 5496 absque
1889 5426 2121 5494 alicujus

551 5527 1058 5583 contradictionibus
1087 5534 1413 5580 memoratus
1457 5523 1688 5587 pontifex
1736 5519 2026 5587 Gregorius
2055 5519 2120 5571 ad

554 5619 717 5683 ipsam
748 5632 922 5672 casam
954 5617 1043 5670 Dei
1092 5616 1283 5669 habeat
1309 5613 1567 5667 indultum
1598 5599 1757 5680 atque
1785 5622 2119 5663 concessum.

558 5706 624 5760 Et
651 5709 750 5760 huc
781 5713 892 5763 lucc
919 5708 1212 5763 authoritas
1237 5703 1661 5761 confirmationis
1693 5710 1886 5757 nostrae
1919 5699 2120 5755 firmior

2224 4510 2367 4562 mino
2393 4523 2490 4561 suo
2519 4507 2842 4578 [{uodgango
2869 4509 3143 4576 episcopo,
3189 4508 3596 4577 archiepiscopo
3627 4506 3789 4560 tradi-

2222 4599 2388 4653 disset
2446 4600 2526 4651 vel
2581 4599 2975 4663 confirmasset,
3031 4607 3087 4652 et
3138 4599 3296 4652 talem
3354 4601 3593 4652 chartam
3647 4596 3790 4651 nobis

2220 4687 2413 4742 exinde
2442 4687 2660 4752 protulit
2697 4687 2762 4740 ad
2812 4686 3176 4754 relegandum.
3209 4687 3358 4741 Tunc
3408 4687 3520 4756 ipse
3569 4686 3794 4742 iieimri-

2221 4791 2314 4831 cus
2372 4786 2495 4830 ante
2540 4791 2636 4830 nos
2687 4777 2861 4831 taliter
2910 4777 3005 4830 fuit
3060 4777 3350 4846 professus,
3401 4777 3540 4847 quod
3591 4778 3660 4832 de
3705 4777 3796 4831 hac

2221 4883 2401 4933 causa,
2433 4870 2515 4924 vel
2549 4868 2614 4921 de
2645 4868 2763 4935 ipso
2805 4868 3131 4922 monasterio
3159 4869 3404 4935 superius
3447 4869 3724 4922 nominato
3747 4868 3795 4921 ia

2223 4969 2376 5013 antea
2413 4972 2702 5026 numquam
2753 4965 2992 5023 tempore
3041 4957 3238 5011 debeat
3279 4957 3603 5010 calumniam
3643 4971 3792 5024 gene-

2223 5065 2360 5114 rare,
2395 5049 2487 5104 sed
2517 5065 2610 5118 per
2635 5049 2888 5102 festucam
2918 5056 3042 5100 ante
3071 5061 3167 5100 nos
3195 5047 3388 5101 exinde
3414 5047 3553 5101 dixit
3579 5050 3792 5102 exitum.

2223 5143 2372 5194 Tunc
2402 5155 2498 5195 nos
2528 5155 2628 5193 una
2656 5153 2775 5192 cum
2811 5137 3057 5191 fidelibus
3087 5137 3306 5200 nostris,
3355 5137 3407 5190 id
3436 5145 3544 5200 est,
3578 5137 3796 5205 Hagino,

2223 5232 2542 5296 Rothlaudo,
2593 5230 2899 5298 Wicliingo,
2951 5227 3276 5296 Frodegario
3319 5227 3660 5281 comitibus:
3707 5239 3798 5280 nec

2225 5339 2328 5378 non
2360 5336 2412 5378 et
2439 5321 2611 5376 vassis
2654 5323 2850 5375 nostris
2893 5318 3247 5383 Theodorico,
3298 5315 3611 5382 Bertbaldo,
3643 5318 3800 5372 Albu-

2223 5418 2362 5479 rino,
2404 5415 2720 5478 Froilberto,
2768 5412 3099 5468 Guntbmaro
3143 5409 3316 5463 taliter
3351 5408 3448 5462 visi
3493 5407 3693 5462 fuimus
3725 5407 3798 5460 in-

2223 5507 2503 5567 dicavisse,
2539 5515 2596 5559 ut
2623 5507 2692 5560 de
2715 5506 2814 5558 hac
2845 5517 3004 5557 causa
3033 5499 3177 5554 omni
3209 5507 3451 5566 tempore
3496 5500 3614 5566 ipse
3640 5498 3798 5550 abbas

2226 5603 2420 5658 habeat
2448 5600 2804 5654 evindicatum
2847 5604 3006 5662 atque
3036 5591 3353 5658 elitigatum,
3397 5598 3452 5643 et
3491 5589 3563 5642 sit
3615 5587 3721 5641 illis
3749 5585 3799 5639 in

2225 5692 2558 5764 postmodum
2583 5705 2646 5745 ex
2678 5687 2778 5742 hac
2811 5702 2867 5742 re
2895 5685 3096 5740 sublata
3123 5680 3381 5738 causatio.
