4034 6182
299 285 435 342 Ιθίξ)

293 510 507 566 Carolus
536 509 755 580 ﬂagitas
783 511 1060 577 imperator
1084 512 1423 580 possessiones
1460 521 1512 567 et
1533 513 1666 566 bona
1694 529 1876 567 mona-

429 582 571 635 sterii
607 569 1056 634 [aureahomenst's
1084 569 1355 648 conﬁrmat
1408 582 1564 653 (anno
1588 583 1737 653 779.).

841 685 935 750 (Ex
956 687 1181 749 Helvicb,
1206 689 1349 752 ibid.)

360 793 586 848 Karolus
615 793 784 863 gratia
833 791 926 847 Dei
958 807 1053 846 rex
1108 791 1435 848 Francorum
1462 804 1518 849 et
1562 793 1871 864 Longobar-

287 886 502 948 dorum,
530 899 593 939 ac
617 884 871 954 patricius
902 883 1289 938 Romanorum.
1323 885 1514 939 Notum
1535 886 1606 940 sit
1627 886 1879 941 omnibus

288 979 536 1032 fidelibus
567 975 769 1032 nostris
802 986 908 1030 tam
960 976 1339 1042 praesentibus,
1389 991 1547 1046 quam
1578 986 1633 1031 et
1662 977 1874 1044 futuris,

286 1070 521 1136 qualiter
575 1068 798 1122 veniens
849 1066 1185 1122 Helmericus
1236 1066 1374 1121 abba
1433 1083 1484 1122 tn
1539 1071 1874 1137 prtesentiam

289 1169 527 1215 nostram
562 1158 720 1214 nobis
767 1157 1024 1220 innotuit,
1056 1172 1123 1213 eo
1161 1159 1298 1228 quod
1348 1168 1510 1214 cartte
1541 1175 1636 1228 per
1663 1160 1875 1215 diversa

286 1252 401 1306 loca
431 1251 672 1306 ecclesia
707 1250 876 1305 sancti
910 1250 1116 1303 Nazarii
1161 1250 1383 1317 perdita:
1415 1248 1637 1304 fuissent
1661 1262 1714 1306 et
1739 1267 1875 1306 nau-

289 1346 525 1411 fragataz,
554 1353 608 1398 et
641 1359 726 1398 res
754 1357 940 1400 eorum
993 1357 1088 1410 per
1133 1342 1341 1398 diversa
1391 1344 1503 1397 loca
1536 1343 1873 1411 habuissent,

287 1437 429 1490 unde
457 1434 522 1489 ad
553 1449 790 1504 prtesens
825 1433 1001 1488 vestiti
1033 1442 1216 1488 essent
1252 1436 1304 1488 in
1337 1449 1502 1505 regno
1533 1447 1719 1490 nostro
1764 1437 1876 1492 Deo

285 1525 546 1595 propitio,
594 1533 647 1578 et
674 1523 999 1590 ubicumque
1047 1523 1111 1576 ad
1153 1537 1388 1592 prmsens
1417 1525 1594 1580 vestiti
1628 1525 1872 1580 fuissent.

285 1615 394 1669 Nos
425 1631 522 1685 pro
552 1614 669 1684 ejus
699 1614 954 1684 petitione
987 1614 1091 1667 tale
1126 1623 1448 1683 praeceptum
1481 1615 1532 1670 ei
1576 1615 1871 1683 emisimus,

283 1719 445 1778 atque
469 1709 956 1778 prmdecessoribus
996 1708 1132 1774 suis,
1164 1708 1288 1762 dum
1324 1709 1436 1776 ipsa
1484 1724 1603 1763 casa
1653 1709 1749 1764 Dei
1782 1725 1872 1764 ve-

283 1798 407 1851 stita
440 1797 538 1851 fuit
567 1798 631 1852 ad
663 1811 896 1865 prmseus
925 1796 1099 1850 omnia
1139 1805 1194 1850 et
1222 1812 1286 1851 ex
1319 1798 1568 1852 omnibus
1594 1812 1658 1852 ex
1689 1808 1870 1853 nostra

285 1887 604 1939 auctoritate
643 1885 844 1952 absque
887 1883 1251 1954 refragatione
1294 1884 1658 1954 cujuscunque
1690 1887 1872 1957 quieto

284 1975 496 2038 ordine,
520 1974 770 2043 quicquid
797 1973 940 2040 juste
967 1983 1023 2028 et
1061 1971 1452 2027 rationabiliter
1491 1983 1647 2026 antea
1681 1981 1872 2030 tenue-

281 2076 407 2121 rttnt
455 2081 551 2134 per
603 2065 845 2119 dationes
891 2073 980 2118 aut
1029 2063 1519 2128 commutationes,
1574 2079 1640 2117 ex
1689 2073 1868 2118 nostra

279 2159 604 2212 auctoritate
637 2156 870 2210 habeant
897 2162 951 2208 et
993 2152 1275 2208 defensare
1320 2154 1528 2207 valeant
1576 2153 1867 2207 secundum

280 2249 474 2317 legem,
504 2248 641 2302 sicut
668 2261 764 2315 per
789 2255 1027 2315 apertam
1060 2257 1262 2299 cartam
1309 2260 1475 2312 usque
1517 2259 1658 2298 nunc
1686 2254 1870 2298 aucto-

279 2340 412 2393 ritas
441 2352 626 2406 regnm
654 2335 953 2390 defensavit
979 2341 1035 2388 et
1074 2333 1251 2388 denuo
1289 2333 1649 2388 confirmavit.
1705 2333 1768 2387 Et
1811 2343 1869 2386 ut

280 2430 397 2484 haec
421 2428 710 2483 auctoritas
757 2427 960 2481 firmior
1005 2425 1286 2493 habeatur,
1347 2428 1428 2481 vel
1490 2442 1584 2492 per
1629 2437 1866 2495 tempora

278 2518 470 2574 melius
497 2527 871 2583 conservetur,
916 2516 984 2571 de
1027 2517 1223 2571 annulo
1268 2527 1450 2572 nostro
1497 2519 1680 2572 subter
1721 2517 1869 2586 sigil-

279 2611 527 2664 lavimus.

348 2700 568 2770 Signum
598 2700 777 2755 Karoli
807 2699 1175 2771 gloriosissimi
1203 2700 1363 2771 regis.

349 2790 647 2847 Giltbertus
675 2791 742 2846 ad
774 2792 942 2847 vicem
973 2790 1208 2852 Badonis
1236 2790 1539 2861 recognovi.

1029 2905 1115 2957 IV.

281 3026 304 3055 ι
317 3013 489 3068 Caroli
511 3014 566 3068 Μ
569 3015 688 3085 agni
711 3027 1015 3084 promptum
1034 3015 1316 3069 Weomodo
1335 3017 1718 3086 archiepiscopo
1733 3016 1860 3071 Tre-

652 3085 838 3138 viremi
868 3087 1113 3138 traditum
1144 3086 1298 3155 (anno
1325 3087 1473 3156 773).

592 3203 686 3264 (Ex
707 3202 962 3265 Honteim,
983 3202 1199 3254 Historia
1217 3203 1569 3263 Trevirensis.)

351 3302 407 3358 ln
448 3305 665 3360 nomine
694 3304 907 3360 Domini
940 3305 1031 3360 Dei
1065 3305 1250 3359 mterni
1283 3313 1337 3360 et
1364 3304 1664 3362 Salvatoris
1691 3309 1859 3364 nostri

279 3394 405 3450 Iesu
445 3394 662 3449 Christi.
694 3395 918 3450 Carolus
961 3394 1152 3450 divina
1183 3395 1467 3451 ordinante
1522 3398 1858 3466 providentia

280 3504 374 3543 rex
407 3487 758 3543 Francorum.
789 3488 847 3543 Si
878 3487 1214 3544 liberalitatis
1244 3497 1446 3542 nostra;
1477 3503 1700 3545 munere
1730 3490 1861 3545 locis

280 3579 391 3632 Deo
430 3577 618 3632 dicatis
645 3577 895 3645 quiddam
924 3577 1254 3632 conferimus
1283 3577 1548 3644 beneficii,
1577 3585 1634 3632 et
1671 3592 1862 3634 neces-

277 3669 465 3735 sitates
493 3669 886 3723 ecclesiasticas
929 3668 994 3721 ad
1027 3667 1309 3736 petitiones
1353 3666 1696 3722 sacerdotum
1761 3683 1861 3722 no-

279 3766 514 3811 strornm
568 3758 866 3813 relevamus
913 3756 1205 3826 juvamine,
1253 3767 1413 3826 atque
1454 3759 1616 3823 regali
1650 3767 1862 3815 tuemur

279 3848 596 3912 munimine,
627 3847 677 3902 id
711 3848 864 3902 nobis
885 3858 940 3902 et
968 3847 1034 3900 ad
1054 3848 1334 3907 mortalem
1359 3848 1522 3903 vitam
1555 3850 1858 3918 transigen-

276 3939 426 4003 dam,
457 3947 510 3992 et
558 3948 813 3992 aeternam
847 3937 1074 3992 feliciter
1105 3935 1475 4002 obtinendam,
1523 3937 1856 4005 profuturum

276 4028 481 4096 liquido
511 4029 800 4082 credimus.
833 4027 1062 4081 Proinde
1112 4027 1323 4081 noverit
1351 4028 1587 4081 omnium
1620 4027 1857 4082 fidelium

280 4127 586 4172 nostrorum
630 4127 735 4170 tam
789 4117 1160 4186 prmscntium,
1211 4132 1370 4184 quam
1427 4129 1476 4172 et
1533 4115 1855 4186 futurorum,

278 4210 562 4278 sagacitas,
618 4210 738 4278 quia
795 4209 874 4260 vir
902 4208 1223 4262 venerabilis
1275 4207 1604 4263 Weomadus
1657 4219 1857 4264 sancta:

277 4300 610 4354 Trevireosis
655 4299 897 4354 ecclesia:
933 4299 1365 4367 archiepiscOpus
1411 4300 1603 4354 obtulit
1651 4301 1856 4356 obtuti-

279 4389 382 4443 bus
435 4390 628 4442 nostris
673 4398 995 4457 pratreptutn
1027 4388 1229 4442 domini
1288 4396 1341 4442 et
1391 4391 1646 4457 genitoris
1704 4390 1854 4443 bona:

281 4479 555 4531 memoriae
603 4478 770 4547 Pipini
806 4477 964 4545 regis,
999 4477 1050 4530 in
1103 4491 1210 4546 quo
1238 4486 1353 4531 erat
1401 4478 1682 4543 insertum,
1716 4481 1854 4547 quod

281 4583 384 4618 non
431 4567 602 4620 solum
639 4567 775 4619 idem
824 4567 1036 4634 genitor
1062 4574 1262 4630 noster,
1309 4581 1492 4621 verum
1524 4569 1683 4622 etiam
1717 4583 1859 4637 pra--

283 4657 600 4712 decessores
653 4657 790 4727 ejus,
829 4673 979 4725 reges
1010 4659 1257 4713 videlicet
1283 4658 1634 4724 Francorum,
1670 4677 1860 4716 omnes

282 4761 392 4807 res,
448 4760 789 4815 quascunque
846 4749 968 4800 boni
1029 4756 1083 4802 et
1132 4749 1302 4803 sancti
1362 4747 1459 4802 viri
1517 4765 1611 4817 pro
1667 4751 1862 4804 divina:

279 4836 750 4902 contemplationis
783 4838 972 4890 intuitu
1003 4839 1066 4890 ad
1098 4849 1300 4906 partem
1325 4840 1383 4894 S.
1414 4839 1550 4895 Petri
1575 4841 1860 4897 Treviren-

280 4929 354 4983 sis
393 4929 634 4982 ecclesia:
679 4928 1083 4998 delegaverunt,
1135 4945 1459 4999 suorumque
1517 4933 1859 4988 authoritati-

352 5096 376 5122 ⁸
414 5089 522 5142 lloc
549 5100 869 5156 praceptum
907 5104 1002 5156 per
1029 5089 1205 5142 omnia
1232 5090 1510 5144 relativum
1539 5100 1623 5146 est
1665 5091 1732 5146 ad
1767 5093 1852 5146 Pi-

281 5159 554 5227 pinianum
579 5159 704 5212 anni
733 5157 858 5222 76!,
885 5161 1049 5227 quod,
1079 5169 1334 5228 quantum
1365 5161 1428 5212 ad
1456 5160 1707 5225 fortnam,
1739 5179 1856 5216 sus-

286 5240 498 5296 pectum
551 5241 640 5280 aut
693 5229 882 5282 saltem
917 5229 1416 5295 interpolationibus
1443 5243 1854 5296 conspurcatnm

283 5299 438 5350 nobis
482 5300 743 5364 apparuit.
789 5300 969 5366 Neque
990 5300 1148 5351 aliter
1168 5297 1234 5351 de
1258 5300 1503 5365 prtesenti
1527 5299 1854 5366 sentiemus;

282 5369 528 5434 exemplo
558 5367 842 5450 Mabiilottii
886 5368 953 5422 de
1005 5369 1080 5421 lie
1131 5367 1258 5436 dipl.
1307 5369 1398 5421 lib.
1436 5383 1495 5430 tt,
1549 5384 1599 5423 c.
1641 5368 1754 5493 5,?
1801 5372 1853 5437 7,

284 5446 334 5488 et
361 5437 552 5490 Annal.
586 5439 856 5492 Benedtct.
891 5447 1018 5490 tom.
1053 5439 1118 5493 ll.
1151 5453 1203 5493 υ.
1239 5436 1385 5493 229:
1415 5438 1699 5493 Eclthardi.
1747 5444 1853 5493 ter.

284 5446 334 5488 et
361 5437 552 5490 Annal.
586 5439 856 5492 Benedict.
891 5447 1018 5490 tom.
1053 5439 1118 5504 ll,
1151 5453 1203 5505 p.
1239 5436 1385 5502 229;
1415 5438 1699 5494 Eckhardi.
1728 5436 1853 5494 lter.

284 5505 473 5558 Franc.
509 5509 598 5559 lib.
629 5523 779 5562 xuv.
811 5524 866 5562 n.
901 5506 1021 5572 M9;
1048 5507 1344 5562 lleumanni
1367 5510 1433 5563 de
1461 5509 1535 5562 Re
1556 5511 1709 5575 dipl.,
1733 5525 1852 5576 cap.

281 5578 343 5634 ‘3,
377 5592 426 5641 p.
458 5576 578 5630 148.
612 5577 834 5645 Nempe,
869 5577 1072 5631 initium
1101 5595 1114 5630 :
1145 5595 1166 5630 t
1199 5579 1251 5632 In
1278 5580 1490 5634 nomine
1522 5579 1727 5632 Domini
1763 5581 1853 5634 Dei

281 5645 470 5698 merui
509 5655 563 5698 et
616 5647 905 5699 Salvatoris
962 5649 1128 5702 nostri
1185 5649 1311 5702 .lesu
1353 5649 1575 5702 Christi.
1629 5649 1852 5704 Carolus

283 5717 457 5769 divina
486 5717 767 5772 ordinante
808 5718 1140 5787 providentia
1166 5734 1256 5775 rex
1286 5718 1632 5785 Francorum,
1673 5738 1691 5772 ι
1727 5719 1850 5775 imi-

576 284 804 340 CODEX
843 284 1438 344 DlPLOMATlCUS—
1475 286 2065 344 PRIVILEGIA.—-lll.
2109 290 2352 347 PRIVIL.
2396 291 2532 348 PER
2573 291 2843 349 PARTES
2878 291 3280 350 ΟΕΒΜΑΝΙΕ.

1887 3084 1937 3150 C

3427 291 3570 352 £060

1901 401 2074 461 Abus
2121 401 2589 468 confirmaverunt,
2637 411 2899 473 quatenus
2943 418 3132 459 eorum
3189 420 3419 474 regnum
3465 422 3564 460 s-

1987 505 2153 560 perno
2201 493 2406 548 auxilio
2434 501 2696 558 tueretur,
2729 503 2785 546 et
2814 494 3149 561 postmodum
3191 511 3311 550 cum
3349 496 3569 552 Christo

1987 583 2130 652 Rege
2157 597 2342 652 regum
2373 593 2660 654 regnarent
2689 585 2742 638 in
2773 585 2944 639 caelis.
2981 585 3085 639 Pro
3120 586 3196 640 rei
3241 601 3370 640 vero
3397 587 3533 640 firmi
3553 614 3567 627 -

1985 683 2090 729 tate
2139 675 2280 730 idem
2313 676 2565 744 praefatus
2605 676 2800 744 prmsnl
2859 675 3146 742 postulavit
3191 678 3564 733 celsitudinem

1984 775 2244 832 nostram,
2295 774 2353 820 ut
2399 775 2681 832 paternum
2728 779 2824 820 seu
2871 764 3325 833 praulecessorum
3380 781 3562 831 regum

1981 870 2185 910 morem
2217 864 2528 924 sequentes,
2574 854 2948 924 hujuscemodi
2982 865 3180 908 nostrae
3222 854 3565 910 authoritatis

1982 957 2303 1015 praccptum
2331 945 2400 1000 ob
2431 959 2670 998 amorem
2705 945 2798 998 Dei
2829 955 2885 999 et
2912 945 3268 999 reverentiam
3300 944 3360 1000 S.
3396 945 3561 1011 Petri,

1980 1043 2048 1097 de
2075 1043 2282 1099 eisdem
2311 1044 2474 1099 rebus
2507 1043 2620 1097 fieri
2646 1041 2963 1112 juberemus
2987 1058 3003 1109 ;
3048 1042 3200 1113 cujus
3224 1042 3464 1111 petitioni
3495 1043 3565 1098 li-

1980 1132 2170 1187 benter
2215 1145 2492 1186 assensum
2521 1131 2865 1199 prabuimus,
2919 1141 2973 1186 et
3002 1131 3105 1187 hoc
3150 1141 3347 1186 nostrae
3397 1141 3556 1187 auto-

1980 1223 2152 1277 ritatis
2181 1231 2512 1292 praeceptum
2561 1237 2688 1291 erga
2746 1223 2912 1291 ipsam
2949 1223 3232 1278 ecclesiam
3265 1237 3366 1291 pro
3393 1223 3558 1277 divini

1978 1314 2156 1367 cultus
2187 1327 2369 1366 amore
2406 1321 2460 1368 et
2488 1312 2680 1367 animm
2714 1321 2910 1367 nostra:
2935 1313 3178 1366 remedio
3212 1313 3324 1368 fieri
3376 1314 3561 1369 decreo

1981 1404 2175 1467 vimus,
2208 1418 2304 1470 per
2332 1402 2472 1471 quod
2499 1399 2838 1471 praecipimus
2869 1411 3028 1469 atque
3053 1400 3324 1469 iubemus,
3359 1410 3416 1455 ut
3443 1416 3558 1455 om-

1981 1508 2076 1547 nes
2105 1507 2194 1551 res
2223 1493 2306 1548 vel
2333 1493 2614 1547 facultates
2645 1491 2709 1545 ad
2740 1490 3023 1546 ecclesiam
3055 1490 3115 1545 S.
3166 1491 3308 1545 Petri
3353 1492 3558 1545 Treve-

1981 1584 2106 1637 ricte
2129 1584 2277 1638 urbis
2299 1584 2658 1653 pertinentes;
2675 1592 2731 1636 ut
2752 1582 2956 1637 scilicet
2972 1581 3163 1637 cellam
3178 1580 3234 1637 S.
3257 1581 3557 1652 Maximini,

1977 1688 2098 1741 quae
2135 1682 2219 1728 est
2248 1674 2300 1727 in
2333 1672 2603 1728 territorio
2632 1671 2693 1729 S.
2729 1671 2870 1727 Petri
2903 1673 3158 1742 principis
3189 1673 3554 1742 apostolorum

1908 1747 1948 1804 Β
1974 1774 2304 1828 constructa,
2337 1773 2392 1818 et
2416 1765 2609 1819 cellam
2634 1763 2694 1819 S.
2723 1763 2952 1827 Paulini,
2981 1772 3035 1818 et
3065 1763 3125 1818 S.
3161 1763 3409 1818 Eucharii
3435 1806 3453 1832 ,
3503 1773 3557 1819 et

1975 1858 2363 1912 monasterium
2417 1856 2710 1919 S.Marim,
2741 1855 2883 1924 quod
2935 1856 3189 1912 dominus
3246 1856 3558 1912 Modoaldns

1975 1946 2212 2017 pontifex
2256 1947 2494 2014 ejusdem
2517 1947 2758 2002 ecclesia:
2789 1948 2841 2000 in
2888 1945 3160 2002 territorio
3211 1946 3270 2003 S.
3324 1947 3464 2002 Petri
3520 1965 3550 2002 a

1973 2037 2317 2092 fundamento
2340 2037 2664 2103 construxit,
2693 2037 2832 2106 quod
2864 2048 3084 2091 vocatur
3118 2037 3338 2101 Horrea,
3371 2049 3424 2093 et
3449 2052 3543 2093 ec-

1971 2129 2186 2184 clesiam
2218 2130 2276 2185 S.
2307 2129 2512 2183 Martini
2541 2129 2697 2184 sitam
2729 2129 2780 2182 in
2813 2143 2949 2199 pago
2987 2129 3314 2196 Meginense,
3359 2139 3412 2183 et
3443 2144 3552 2184 cai-

1973 2226 2119 2272 tcras
2141 2219 2408 2281 basilicas,
2436 2218 2679 2284 castella,
2710 2219 2881 2283 vicos,
2915 2219 3088 2284 villas,
3113 2220 3318 2284 vineas,
3350 2221 3538 2286 silvas,

1976 2309 2242 2374 homines,
2279 2309 2360 2363 vel
2392 2308 2647 2378 quidquid
2678 2309 2784 2362 Deo
2810 2308 3049 2364 donante
3080 2309 3146 2364 ad
3174 2311 3398 2365 eandem
3451 2326 3546 2364 an.

1969 2407 2276 2465 gmeutatur
2319 2396 2628 2463 ecclesiam,
2658 2399 2801 2452 circa
2837 2399 3080 2452 libennm
3107 2409 3160 2452 et
3188 2398 3420 2469 Ligerim
3451 2403 3551 2454 ﬂu-

1971 2486 2135 2549 vium,
2189 2488 2477 2556 omniaque
2516 2489 2568 2542 in
2604 2503 2772 2558 regno
2805 2499 2990 2545 nostro
3020 2492 3395 2556 consistentia,
3447 2501 3549 2549 sub

1965 2573 2084 2642 jure
2121 2584 2175 2630 et
2213 2585 2470 2644 potestate
2499 2576 2556 2631 S.
2602 2577 2742 2631 Petri
2771 2577 3106 2634 Trevirensis
3135 2581 3379 2635 ecclesiae
3401 2582 3545 2649 ejus-

1967 2682 2070 2734 que
2123 2666 2389 2736 pontificis
2433 2667 2816 2738 perpetualiter
2845 2671 3140 2738 mancipata
3173 2681 3548 2740 permaneant.

1969 2758 2232 2814 l’razterea
2265 2761 2375 2828 pari
2403 2761 2560 2816 modo
2591 2761 2895 2830 statuimus,
2927 2773 2982 2818 ut
3013 2766 3190 2821 nullus
3214 2781 3281 2822 ex
3315 2768 3540 2836 publicis

1962 2848 2252 2919 iudicibus,
2299 2852 2380 2906 vel
2437 2851 2630 2922 aliquis
2658 2870 2721 2906 ex
2756 2854 2996 2922 judiciali
3031 2867 3296 2924 potestate
3327 2860 3379 2913 in
3427 2874 3544 2915 mo-

1967 2940 2217 3005 nasteria,
2249 2943 2525 3008 ecclesias,
2553 2945 2796 3008 castella,
2856 2947 3002 3000 vicos
3054 2955 3109 3002 et
3157 2960 3340 3017 agros,
3400 2949 3543 3016 loca,

1964 3048 2060 3088 seu
2102 3033 2334 3102 reliquas
2385 3035 2750 3102 possessiones
2799 3036 3066 3104 przedictte
3120 3037 3387 3104 ecclesiae,
3436 3047 3544 3093 tam

1965 3125 2103 3179 ultra
2162 3139 2322 3194 quam
2364 3124 2518 3195 juxta
2561 3127 2802 3182 Rhenum
2836 3128 2914 3182 vel
2951 3126 3179 3197 Ligerim
3233 3127 3458 3184 ﬂuvium
3491 3130 3543 3184 in

1964 3216 2114 3286 pagis
2174 3217 2254 3271 vel
2311 3215 2616 3284 territoriis,
2671 3230 2792 3286 quae
2841 3215 2978 3271 infra
3027 3228 3346 3287 potestatem
3397 3220 3545 3287 regni

1964 3308 2132 3362 nostri
2165 3314 2461 3361 memorata
2494 3307 2735 3376 possidet
2756 3306 3009 3376 ecclesia,
3041 3309 3128 3364 vel
3153 3323 3271 3379 qua:
3285 3309 3544 3377 deinceps

1963 3398 2018 3454 in
2068 3396 2192 3468 jure
2237 3398 2403 3468 ipsius
2443 3396 2612 3452 sancti
2659 3397 2762 3452 loci
2808 3399 3033 3455 voluerit
3077 3399 3256 3454 divina
3308 3409 3544 3468 potestas

1963 3490 2168 3560 augeri,
2195 3488 2261 3542 ad
2291 3501 2486 3543 causas
2513 3487 2826 3554 audiendas,
2859 3489 2941 3543 vel
2990 3488 3161 3556 freda,
3194 3500 3286 3545 aut
3315 3493 3538 3559 tributa,

1961 3583 2053 3628 aut
2087 3571 2360 3642 conjectos
2387 3573 2596 3644 aliquos
2635 3572 2951 3641 exigendos,
2983 3583 3075 3629 aut
3105 3577 3410 3632 mansiones
3457 3576 3542 3632 vel

1964 3675 2177 3732 paratas
2212 3664 2504 3730 faciendas,
2551 3672 2642 3718 ant
2693 3662 3036 3729 fideiussores
3086 3664 3371 3733 tollendos,
3447 3677 3542 3722 aut

1963 3753 2206 3808 homines
2249 3755 2414 3824 ipsius
2441 3755 2680 3810 ecclesiae
2723 3754 3125 3824 distringendos
3150 3797 3164 3820 ,
3201 3767 3291 3810 aut
3319 3757 3542 3825 injustas

1960 3846 2271 3900 exactiones
2325 3845 2696 3914 requirendas,
2750 3845 2834 3898 vel
2880 3846 3134 3899 telonium
3191 3845 3537 3914 exigendum,

1957 3915 2161 3990 nostris
2184 3945 2240 3990 et
2266 3934 2455 3989 futuris
2483 3933 2814 4004 temporibus
2844 3934 3046 4002 ingredi
3074 3933 3288 3998 audeat,
3339 3934 3420 3988 vel
3473 3950 3537 3988 ea

1961 4044 2083 4099 qua:
2109 4043 2268 4097 supra
2300 4036 2595 4082 memorata
2649 4036 2797 4090 sunt,
2856 4026 3066 4093 penitus
3089 4024 3309 4094 exigere
3339 4040 3542 4094 prtesu-

1961 4130 2110 4187 mat;
2137 4119 2233 4176 sed
2263 4119 2422 4174 liceat
2453 4129 2748 4196 memorato
2783 4116 3019 4188 praesuli,
3057 4117 3274 4186 suisque
3327 4133 3543 4174 succes—

1960 4211 2197 4272 soribus,
2249 4211 2428 4266 omnia
2462 4210 2676 4278 prmfata
2718 4209 3058 4273 monasteria,
3092 4209 3264 4274 villas,
3299 4210 3446 4274 vicos
3489 4219 3545 4265 et

1959 4305 2200 4370 castella,
2239 4319 2356 4358 cum
2387 4305 2498 4358 suis
2525 4302 2916 4372 adjacentibus,
2971 4303 3022 4355 in
3057 4301 3320 4370 integrum
3355 4317 3542 4372 perpe-

1965 4403 2058 4451 tuo
2091 4406 2333 4464 tempore
2363 4409 2460 4464 pro
2491 4394 2728 4448 remedio
2756 4393 2950 4446 animte
2978 4400 3179 4446 nostra:
3206 4407 3300 4446 seu
3347 4408 3541 4462 paren-

1965 4497 2073 4540 tum
2125 4493 2452 4552 nostrorum,
2483 4485 2618 4538 utin
2673 4491 2942 4552 praecepto
2993 4482 3218 4552 piissimi
3272 4484 3535 4550 genitoris

1964 4577 2127 4631 nostri
2153 4577 2477 4640 continetur,
2507 4576 2689 4642 quieto
2717 4573 2905 4627 ordine
2937 4573 3234 4641 possidere,
3273 4581 3330 4626 et
3353 4585 3540 4628 nostro

1965 4665 2194 4719 fideliter
2222 4679 2408 4732 parere
2436 4664 2684 4730 imperio.
2726 4661 2792 4718 Ut
2817 4662 2918 4715 hoc
2949 4666 3126 4730 itaque
3157 4671 3354 4714 nostrte
3381 4671 3536 4715 anto—

1964 4755 2135 4808 ritatis
2165 4761 2486 4822 praeceptum
2523 4752 2816 4822 pleniorem
2851 4752 2901 4805 in
2931 4751 3020 4804 Dei
3055 4751 3270 4806 nomine
3299 4752 3534 4805 obtineat

1963 4846 2220 4914 vigorem,
2251 4855 2304 4899 et
2332 4861 2360 4898 a
2395 4845 2641 4900 fidelibus
2665 4856 2868 4900 sanetae
2899 4843 2988 4898 Dei
3024 4843 3274 4896 Ecclesia:
3293 4884 3308 4908 ,
3336 4843 3539 4897 nostris

1961 4938 2208 4994 videlicet
2240 4941 2612 5008 praesentibus,
2643 4948 2696 4993 et
2732 4938 2922 4992 futuris
2955 4938 3308 5003 temporibus,
3343 4937 3545 4997 verius,

1963 5104 2102 5149 tatur
2125 5095 2380 5149 formulas
2402 5092 2656 5148 Ludovici
2681 5092 2756 5146 Pii
2774 5099 2830 5145 et
2846 5091 3108 5147 Lotliarii.
3134 5091 3530 5160 Monogramma

1961 5166 2264 5233 diplomatis
2293 5165 2429 5230 apud
2469 5165 2810 5233 iitrowerutu,
2857 5177 2912 5232 p.
2943 5162 3068 5233 581.
3098 5177 3312 5217 crucem
3335 5162 3533 5233 decus-

1959 5230 2127 5288 satatn
2161 5233 2420 5294 referens,
2453 5232 2646 5286 Carolo
2678 5247 2781 5285 non
2811 5230 3102 5296 convenit;
3137 5234 3208 5285 uti
3259 5246 3358 5286 nec
3397 5231 3535 5284 indi-

1961 5306 2064 5358 ctio
2080 5305 2338 5372 apposita.
2359 5302 2550 5356 Suavis
2570 5309 2625 5356 et
2644 5302 3007 5356 Ercanbaldus
3029 5301 3118 5372 diu
3142 5313 3258 5368 post
3278 5303 3443 5364 hunc,
3465 5300 3532 5354 de

1959 5390 2066 5442 quo
2092 5371 2318 5442 agimus,
2350 5387 2569 5436 annum,
2605 5373 3001 5442 incancellaria
3030 5371 3204 5424 Caroli
3253 5378 3534 5442 coeperunt

1960 5441 2271 5496 ministrari.
2298 5442 2561 5495 Cmterum
2594 5441 2947 5495 substantiam
2973 5441 3281 5506 diplomatis
3310 5441 3534 5508 ejusque

1957 5521 2325 5579 argumentum
2382 5527 2411 5563 a
2451 5515 2590 5581 stylo
2639 5512 2800 5564 curia:
2853 5509 3057 5581 Caroli!
3089 5510 3532 5581 Magui__mintme

1957 5578 2128 5636 aliena
2155 5597 2293 5647 esse,
2317 5582 2477 5636 etiam
2500 5578 2855 5636 observarunt
2881 5579 3157 5634 Mabiilon.
3180 5588 3234 5633 et
3253 5578 3532 5634 Heumann

1959 5652 2064 5708 loc.
2091 5652 2182 5707 cit.
