4034 6182
520 253 654 311 1051

1374 259 1430 314 Β.
1473 259 1720 317 CAROLI
1763 263 1980 318 MAGNI
2020 265 2171 320 OPP.
2217 266 2393 323 PARS
2432 268 2473 322 l.
2514 268 2867 329 SECTIO-ll.

3644 289 3786 346 1052

517 370 791 431 credatur,
820 377 876 422 et
900 367 1209 437 diligentius
1256 386 1284 425 a
1309 380 1711 435 successoribus
1736 382 1936 436 nostris
1959 396 2088 436 con-
2119 384 2164 440 A
2194 387 2460 440 conscribi
2492 399 2547 442 et
2595 391 2739 445 anuli
2773 394 2939 446 nostri
2986 395 3336 462 impressione
3363 401 3614 469 iussimus
3652 413 3786 465 tusi.

511 467 774 522 servetur,
803 475 960 514 manu
991 466 1200 528 propria
1231 464 1580 531 firmavimus,
1611 478 1666 524 et
1701 470 1882 525 annuli
1917 474 2086 528 nostri

509 546 859 616 impressione
895 552 1088 617 signari
1126 550 1408 620 jussiutns.

576 657 767 714 Suavis
795 660 859 712 ad
891 660 1057 714 vicem
1094 663 1404 718 Ercanbaldt
1439 674 1749 738 recognovi.

573 769 702 823 Data
731 768 956 828 Kalend.
989 773 1293 841 Septembr.
1327 793 1467 831 anno
1517 796 1566 833 vt
1598 795 1852 852 regnante
1887 785 2082 840 Carolo

501 857 738 926 piissimo
766 874 913 930 rege,
944 861 1110 916 indict
1140 863 1194 920 9.
1227 863 1479 920 Aristalio
1526 871 1738 939 palatio,
1773 874 1824 928 in
1857 875 1948 930 Dei
1981 893 2082 933 no-

500 949 642 1005 mine
665 965 844 1008 amen.

1264 1068 1325 1123 V.

496 1195 524 1225 ⁸
560 1194 881 1276 Prrttceptuut
910 1200 1094 1276 Caroli
1116 1203 1295 1276 Magni
1338 1207 1468 1272 regis
1505 1225 1604 1276 quo
1641 1210 1922 1269 Hamalum
1968 1218 2074 1272 Su-

563 1267 734 1341 ;oniq:
758 1272 1003 1341 oppidum
1043 1289 1158 1325 cum
1207 1267 1311 1326 Suis
1357 1267 1632 1334 attinendi:
1673 1267 2068 1341 ecclesiastici-

560 1337 705 1391 densi
732 1339 888 1392 domu
916 1341 1069 1412 (anno
1101 1344 1248 1411 774).

813 1463 907 1525 (Ex
930 1463 1214 1531 Schannat.,
1238 1470 1446 1520 Historia
1471 1471 1763 1537 Fuldensis.)

553 1586 773 1641 Carolus
800 1592 968 1658 gratia
1004 1592 1094 1646 Dei
1144 1591 1471 1651 Francorum
1499 1608 1556 1652 et
1595 1600 2066 1670 Langobardorum

423 1689 425 1691 ‘
482 1693 577 1732 rex
632 1693 694 1733 ac
743 1678 1104 1738 Romanorum
1166 1689 1440 1753 patricius.
1498 1692 1755 1762 Quicquid
1810 1697 1950 1750 enim
1999 1701 2067 1750 ob

481 1781 720 1822 amorem
769 1769 860 1824 Del
910 1782 963 1826 et
1009 1778 1420 1841 oportunitatem
1454 1795 1727 1836 servorum
1781 1785 1890 1851 Dei,
1937 1787 2066 1842 locis

479 1860 872 1916 venerabilibus
919 1867 1286 1933 concedimus,
1344 1868 1443 1922 hoc
1496 1873 1649 1925 nobis
1699 1877 1763 1928 ad
1799 1879 2065 1934 mercedis

479 1959 818 2018 augmentum
860 1959 915 2006 et
968 1956 1314 2011 stabilitatem
1371 1963 1516 2029 regni
1572 1968 1738 2018 nostri
1793 1968 2064 2035 pertinere

477 2036 838 2105 confidimus,
895 2055 1222 2112 quapropter
1292 2061 1622 2116 compertum
1690 2057 1760 2108 sit
1824 2060 2060 2114 omnium

477 2127 709 2183 ﬁdelium
755 2143 1060 2188 nostrorum
1125 2139 1473 2206 tuaguitudini
1523 2146 1752 2212 qualiter
1799 2147 2061 2204 donamus

472 2221 540 2275 ad
566 2227 943 2280 monasterium
977 2226 1014 2280 F
1019 2231 1149 2295 ulta,
1186 2233 1324 2296 quod
1356 2245 1436 2288 est
1465 2235 1517 2289 itt
1559 2237 1758 2294 honore
1784 2241 2057 2320 beatorum

471 2316 826 2382 apostolorum
872 2319 1012 2372 Petri
1060 2329 1114 2374 et
1160 2323 1328 2387 Pauli,
1357 2327 1408 2380 in
1467 2343 1602 2399 pago
1648 2331 1908 2402 Craphelt
1935 2316 2056 2391 con-

469 2413 752 2473 structum,
786 2410 873 2463 ubi
921 2415 1218 2479 preciosurn
1265 2432 1460 2486 corpus
1495 2420 1764 2495 Bouefacy
1805 2431 2055 2500 martyris

468 2495 794 2560 requiescit,
859 2515 1048 2566 quaem
1119 2507 1439 2560 venerabilis
1516 2510 1736 2567 Hurmio
1810 2495 1959 2572 abba‘
2001 2522 2052 2573 in

465 2583 721 2653 regimine
755 2587 953 2643 habere
982 2591 1210 2658 videtur,
1252 2599 1508 2664 quasdam
1566 2617 1652 2656 res
1709 2609 2052 2675 proprietatis

463 2683 676 2738 nostrae,
712 2675 762 2729 id
807 2689 890 2730 est
940 2679 1159 2734 llamalo
1210 2701 1570 2754 nuncupatum
1619 2693 1779 2747 sit-nm
1821 2696 1874 2750 in
1917 2713 2050 2767 pago

460 2765 709 2820 Saxonis:
754 2781 875 2821 cum
926 2772 1069 2825 ouini
1125 2775 1431 2843 integritate
1479 2796 1598 2845 sua,
1654 2784 1755 2838 hoc
1798 2797 1880 2841 est
1925 2765 2046 2844 cuin

459 2856 703 2911 omnibus
758 2858 1076 2927 adjecentiis
1139 2871 1209 2918 en
1273 2869 1714 2937 conpertinentiis
1772 2877 1884 2931 suis
1939 2888 2043 2934 tam

2189 476 2360 542 gnari.

2943 553 3026 608 νι.

2190 651 2505 738 Praeceptum
2533 658 2704 712 Caroli
2737 661 3073 738 Magni__regis
3102 685 3202 734 quo
3223 673 3444 725 errlcsirr
3467 675 3724 738 Fuldeusi
3744 697 3775 726 ι

2326 728 2482 780 donat
2512 728 2869 800 monasterium
2902 728 3264 792 Hoialtir'irhtn
3294 746 3448 810 (anno

2713 843 2803 902 (Ex
2827 845 3112 910 Schannat.,
3136 851 3273 911 ibid.)

2251 945 2474 1000 Carolus
2501 949 2661 1015 gratia
2715 951 2803 1004 Dei
2839 969 2925 1006 rex
2975 954 3298 1011 Francomtn
3346 970 3401 1013 et
3450 962 3772 1028 Luttgohar-

2178 1038 2367 1091 dorum
2398 1053 2460 1092 ac
2492 1041 2742 1106 patricius
2776 1042 3160 1103 Rootauorutn.
3215 1050 3475 1118 Quicquid
3517 1059 3663 1112 enim
3694 1061 3771 1116 ad

2179 1130 2291 1184 loca
2333 1145 2640 1185 sanctorum
2681 1137 3065 1191 venerabilium
3105 1154 3476 1211 congruenter
3506 1150 3572 1201 ob
3614 1166 3776 1205 amo-

2177 1235 2288 1273 rem
2337 1221 2426 1274 Dei
2468 1222 2818 1277 concedimus
2860 1226 2937 1279 vel
2989 1229 3391 1299 confirmamus,
3447 1237 3546 1289 hoc
3602 1241 3768 1296 nobis

2174 1311 2238 1362 ad
2276 1310 2575 1365 mercedem
2604 1314 2684 1366 vel
2714 1315 3061 1371 stabilitatem
3095 1323 3241 1386 regni
3276 1326 3442 1377 nostri
3476 1332 3768 1393 provenire

2173 1399 2524 1465 conﬁdimus,
2584 1401 2810 1470 ideoque
2867 1416 3049 1459 uotum
3105 1408 3174 1461 sit
3231 1414 3463 1466 omnium
3519 1415 3762 1472 fidelium

2174 1501 2476 1545 nostrorum
2512 1492 2861 1560 magnitudini
2910 1497 3138 1560 qualiter
3169 1514 3264 1554 nas
3319 1514 3532 1571 propter
3559 1523 3767 1564 nomen

2173 1580 2380 1634 Domini
2411 1583 2683 1634 et-animaa
2739 1583 2964 1638 salutem
3019 1586 3281 1643 donamus
3309 1591 3671 1662 do:iatnmque
3708 1601 3765 1650 in

2174 1679 2485 1740 perpetuum
2539 1686 2659 1727 esse
2717 1675 2962 1726 volumus
3013 1677 3078 1728 ad
3135 1682 3514 1734 monasterium
3573 1688 3759 1740 sancti

2104 1736 2428 1814 8lionil‘acii
2486 1762 2624 1831 quod
2679 1773 2762 1815 est
2817 1773 3184 1819 constructum
3243 1769 3294 1822 itt
3352 1787 3482 1841 pago
3529 1774 3767 1831 (ἰηιπεί

2167 1871 2329 1919 Super
2379 1854 2595 1907 fluvium
2649 1854 2798 1908 Fulta
2848 1857 2934 1908 u—hi
2983 1860 3255 1924 preciosus
3294 1862 3520 1919 domnus
3575 1867 3763 1921 Bone-

2168 1945 2334 1998 facius
2367 1953 2569 2014 martyr
2613 1959 2838 2013 corpore
2871 1948 3156 2012 requiescit
3199 1959 3251 2003 et
3301 1953 3381 2005 vir
3429 1955 3763 2008 venerabilis

2168 2034 2389 2088 llurmio
2432 2035 2565 2087 abba
2619 2035 2786 2088 turbae
2818 2039 3200 2091 monachorum
3254 2056 3484 2108 przeesse
3515 2045 3763 2109 videtur,

2165 2129 2263 2183 hoc
2291 2139 2395 2192 cst,
2442 2128 2880 2182 monasteriolum
2932 2133 3361 2195 cOgnominatnm
3409 2135 3759 2192 Ht-lzkiriclza

2163 2220 2214 2272 in
2264 2234 2395 2285 pago
2449 2218 2793 2272 Vualdsassin
2846 2235 3006 2287 super
3057 2221 3272 2276 fluvium
3322 2225 3550 2289 Albstat,
3604 2233 3759 2297 quod

2161 2308 2441 2363 'l‘roandus
2479 2323 2512 2362 a
2551 2324 2690 2363 nnvo
2742 2308 3050 2365 luntlamiue
3092 2311 3212 2376 jure
3261 2316 3602 2380 proprietatis
3633 2334 3754 2373 ana

2162 2400 2307 2456 visus
2333 2401 2430 2456 fuit
2457 2403 2736 2457 etliiicasse
2775 2402 2824 2456 iit
2856 2404 3059 2458 honore
3085 2405 3486 2475 gloriosissima:
3513 2409 3752 2479 Virginis

2160 2506 2258 2545 nec
2307 2508 2409 2545 tton
2460 2503 2514 2548 et
2563 2492 2786 2546 aliorum
2837 2504 3146 2548 sanctorum
3205 2507 3496 2567 martyrum
3556 2510 3609 2553 et
3661 2518 3753 2555 res

2157 2582 2500 2649 proprietatis
2550 2601 2660 2637 suae
2713 2585 2777 2638 ad
2811 2584 2981 2653 ipsum
3031 2588 3202 2641 locum
3255 2591 3397 2642 visus
3450 2591 3545 2644 fuit
3594 2593 3751 2647 dele-

2152 2685 2306 2739 gasse
2352 2681 2408 2725 et
2463 2674 2514 2726 ln
2573 2674 2911 2742 postmodum
2977 2692 3139 2731 tnanu
3191 2680 3506 2745 potestativa
3561 2684 3743 2747 ipsum

2154 2761 2594 2816 monasteriolum
2655 2778 2777 2817 cum
2835 2767 2980 2819 omni
3033 2767 3350 2836 integritate,
3412 2774 3742 2838 appendiciis

2155 2853 2238 2906 vel
2286 2852 2606 2922 adjacenciis
2657 2856 2907 2924 quicquid
2965 2859 3079 2926 ipse
3123 2863 3204 2914 vel
3254 2862 3340 2914 alii
3397 2864 3648 2917 homines
3673 2867 3739 2918 ad

457 2948 614 3002 terris
642 2963 800 3016 quam
843 2951 1070 3005 edificiis
1097 2955 1256 3010 cultis
1286 2967 1341 3012 et
1373 2960 1610 3028 incultis,
1665 2963 1843 3031 silvis,
1880 2969 2032 3036 pratis

2151 2941 2458 3008 praedictum
2509 2944 2950 2998 mOuasteriolum
3014 2946 3398 3012 delegaverant
3447 2955 3736 3008 nobistra.

456 3037 692 3104 pascuis,
724 3039 824 3091 viis
889 3049 946 3093 et
993 3041 1172 3109 inviis,
1223 3047 1378 3115 aquis
1431 3063 1798 3121 aquarumque
1847 3056 2038 3113 decur-

451 3122 616 3185 sibus,
651 3129 936 3196 mancipiis
981 3134 1254 3201 utriusque
1283 3151 1466 3205 sexus,
1495 3142 1814 3200 animalibus
1837 3156 2035 3203 etcum

450 3217 696 3270 omnibus
742 3218 1016 3274 hominum
1049 3224 1362 3282 substantiis
1410 3231 1696 3288 mobilibus
1740 3245 1796 3291 et
1847 3238 2033 3293 immo-

455 3305 672 3366 bilibus.
705 3311 972 3369 Douamus
1003 3324 1056 3369 et
1084 3319 1447 3376 contradimus
1469 3335 1625 3392 atque
1647 3327 1698 3380 in
1726 3339 2032 3397 perpetuum

443 3400 696 3456 donatum
726 3419 844 3458 esse
895 3409 1137 3462 volumus
1178 3421 1230 3464 et
1278 3423 1476 3468 nostra:
1522 3419 1852 3473 auctoritatis
1899 3436 2033 3489 pra:-

440 3501 602 3560 cepto
631 3496 1009 3549 confirmamus
1040 3501 1267 3553 eandem
1297 3515 1497 3556 nostra:
1545 3509 1884 3574 proprietatis
1915 3527 2028 3566 rem

441 3585 510 3638 ad
570 3585 881 3652 praedictum
952 3589 1200 3645 Fnltense
1267 3598 1672 3663 monasterium,
1714 3600 1766 3653 in
1825 3600 2030 3658 honore

437 3676 611 3730 sancti
653 3676 948 3735 Salvatoris
995 3689 1052 3734 et
1109 3684 1432 3739 sanctissimi
1481 3686 1733 3744 Bonil‘acii
1779 3695 2026 3764 martyris

439 3764 493 3820 in
521 3781 829 3836 perpetuam
862 3773 1263 3840 proprietatem,
1293 3776 1358 3830 ad
1390 3777 1668 3834 utilitatem
1709 3786 2021 3840 monasterii

435 3865 492 3910 et
538 3859 922 3916 venerabilium
972 3863 1191 3919 fratrum
1245 3865 1357 3921 Deo
1412 3867 1608 3924 ibidem
1661 3871 1851 3928 devote
1902 3891 2019 3930 ser-

439 3946 715 4002 vientium.
766 3949 1059 4020 Pmpterea
1111 3957 1269 4010 etiam
1321 3971 1517 4014 nostra:
1569 3967 1927 4034 preceptionis
1965 3975 2020 4022 et

436 4040 768 4095 auctoritatis
826 4056 1025 4099 cartam
1081 4046 1206 4102 inde
1262 4053 1527 4106 conscribi
1595 4053 1864 4122 fecimus,
1924 4075 2018 4127 per

433 4143 594 4197 quam
661 4130 1002 4188 decernimus
1049 4147 1102 4190 et
1158 4138 1209 4192 iu
1284 4152 1596 4208 perpetuum
1653 4146 1720 4199 ab
1784 4151 1880 4203 hac
1927 4148 2014 4206 die

2146 3029 2279 3084 didit
2311 3031 2393 3084 vel
2425 3031 2475 3084 itt
2528 3033 2776 3087 omnibus
2819 3035 3180 3102 confirmavit,
3214 3039 3262 3092 id
3291 3050 3396 3107 est,
3425 3043 3612 3109 terris,
3642 3045 3738 3098 do-

2145 3121 2338 3185 mibus,
2372 3121 2619 3188 «diﬁciis,
2675 3125 2972 3192 mancipiis,
3029 3127 3220 3192 vineis,
3269 3130 3450 3195 silvis,
3502 3135 3735 3200 campis,

2141 3214 2325 3279 pratis,
2364 3214 2597 3280 pascuis,
2638 3216 2789 3282 aquis
2819 3231 3150 3285 aqttat‘umve
3187 3219 3518 3286 decursibus,
3563 3228 3736 3280 mobi-

2139 3301 2274 3356 libus
2302 3313 2355 3356 et
2399 3303 2784 3371 immobilibus,
2832 3308 3090 3374 pecuniis,
3125 3311 3395 3377 presidiis,
3437 3313 3730 3378 fariuariis.

2135 3393 2478 3460 adjaceuciis,
2511 3395 2866 3463 appendiciis,
2907 3398 3158 3468 quicquid
3208 3401 3312 3456 dici
3343 3413 3435 3456 aut
3463 3407 3734 3462 nominari

2134 3499 2308 3555 potest
2331 3499 2497 3544 totum
2514 3501 2568 3545 et
2589 3492 2879 3561 integrum,
2901 3495 3035 3549 sicut
3055 3496 3308 3564 diximus,
3324 3501 3464 3566 quod
3490 3502 3730 3565 prefatus

2129 3577 2412 3634 Troaudus
2442 3580 2593 3635 nobis
2621 3581 2856 3646 tradidit,
2872 3585 3112 3652 partibus
3148 3588 3317 3640 sancti
3347 3588 3595 3643 Bouifacii
3623 3593 3727 3643 do-

2129 3669 2372 3723 navimus
2416 3668 2731 3724 tradidimus
2781 3681 2940 3740 atque
2993 3674 3043 3726 in
3094 3677 3340 3730 omnibus
3400 3692 3719 3741 concessum

2125 3772 2248 3812 esse
2272 3759 2522 3814 Volumus
2548 3775 2611 3814 ea
2639 3763 2844 3816 ratione
2874 3773 2931 3817 ut
2955 3763 3024 3818 ab
3049 3766 3146 3820 hac
3177 3766 3264 3820 die
3291 3769 3514 3822 ecclesia
3545 3773 3721 3826 sancti

2127 3850 2380 3904 Bonifacii
2401 3852 2483 3904 vel
2507 3862 2740 3907 rectores
2763 3854 2901 3909 illius
2946 3856 3116 3923 ipsum
3143 3861 3579 3914 monasteriolum
3595 3877 3721 3917 cum

2121 3940 2266 3996 omni
2298 3942 2603 4010 integritate
2648 3943 2896 4009 habeant,
2924 3955 3142 4001 teneant
3191 3958 3350 4018 atque
3401 3952 3718 4013 possideant.

2121 4047 2216 4100 pro
2247 4035 2647 4100 Opportunitate
2695 4037 2936 4091 ecclesia:
2983 4037 3153 4092 libero
3186 4040 3528 4108 perfruantur
3573 4046 3722 4099 arbi-

2119 4124 2219 4176 trio
2244 4125 2475 4194 qualiter
2505 4125 2702 4181 noSIris
2730 4137 2785 4182 et
2815 4127 3004 4184 futuris
3049 4133 3380 4199 temporibus
3412 4133 3478 4186 ad
3531 4135 3711 4202 ipsum

429 4219 704 4274 decretum
735 4237 856 4278 esse
900 4227 1147 4282 volumus
1198 4239 1255 4285 ut
1286 4234 1502 4296 praefato
1537 4236 1654 4291 loco
1681 4249 1734 4291 et
1762 4241 2011 4296 omnibus
2113 4223 2352 4269 “nam”
2386 4215 2556 4270 locum
2590 4218 2823 4284 pmﬁc'“
2852 4219 2903 4272 in
2933 4231 3294 4289 augmemum’
3319 4230 3375 4276 ﬂ
3423 4233 3485 4278 In
3514 4227 3710 4282 meum

429 4306 532 4360 sibi
572 4311 921 4366 attinentibus
964 4316 1137 4370 nullus
1189 4318 1460 4374 hominum
1504 4323 1731 4389 aliquam
1765 4327 2006 4395 iniuriam

2146 4319 2282 4370 psam
2339 4308 2805 4374 congregationem
2867 4310 3096 4366 delectet
3158 4329 3253 4380 pro
3308 4315 3467 4370 nobis
3530 4333 3704 4373 u-xore

433 4410 527 4450 seu
566 4401 868 4458 violentiam
904 4406 1139 4476 irrogare
1186 4423 1490 4479 przcsumat,
1538 4417 1630 4470 sed
1674 4419 1840 4474 abbas
1873 4437 2007 4488 βιοτη-
2036 4424 2088 4483 D
2113 4391 2271 4488 ‘i‘iam
2301 4402 2354 4445 ⁸⁸
2401 4394 2548 4459 pmle
2578 4406 2758 4488 nos”?
2804 4397 3011 4452 0mm"
3064 4403 3489 4456 mlsencord'am
3518 4415 3697 4460 wen-

425 4484 520 4542 lati
567 4495 873 4547 monasterii
925 4499 1117 4565 suique
1173 4512 1513 4558 successores
1558 4521 1618 4558 ac
1665 4484 2006 4568 fratres-sub
2113 4489 2216 4533 ""8
2247 4495 2490 4541 "mare'
2525 4493 2574 4536 θ’
2611 4495 2668 4538 ἠ
2713 4485 2828 4541 hmo
2865 4499 3156 4545 “manus
3207 4491 3412 4546 ﬁrmior
3441 4494 3698 4548 habet"

423 4573 509 4629 eis
535 4579 846 4644 regulariter
866 4583 1123 4653 degentes
1157 4590 1438 4653 praedictas
1461 4609 1546 4646 res
1572 4596 1638 4649 de
1667 4611 1846 4652 nostra
1881 4618 2006 4671 pro-

427 4664 654 4732 prietate
695 4669 745 4722 in
791 4685 941 4723 suam
990 4674 1243 4730 ditionem
1277 4685 1590 4753 transigant,
1623 4664 1929 4752 possideant
1950 4705 2003 4748 et

422 4760 688 4827 excolam,
734 4771 788 4815 et
834 4764 898 4817 ad
946 4781 1096 4820 suam
1139 4769 1422 4827 utilitatem
1455 4779 1809 4848 qualicunque
1841 4788 2001 4842 modo

419 4849 587 4904 velint
623 4853 885 4923 redigant,
933 4865 989 4909 ut
1020 4871 1085 4909 eo
1129 4862 1296 4930 magis
1325 4862 1554 4920 delectet
1593 4885 1689 4925 nos
1722 4871 1773 4926 in
1815 4891 1996 4931 earum

417 4941 747 4995 orationibus
780 4941 886 4999 Deo
927 4951 1303 5006 commendare
1330 4951 1680 5026 frequentius,
1708 4970 1762 5016 et
1803 4972 1861 5018 ut
1886 4965 1998 5022 h:rc

419 5039 616 5086 nostra
665 5033 965 5094 donationis
1024 5051 1077 5095 et
1126 5045 1552 5105 continuationis
1601 5058 1894 5111 auctoritas
1944 5060 1994 5113 in

416 5122 612 5179 futuris
659 5133 987 5197 temporibus
1034 5133 1241 5190 firmior
1295 5137 1554 5197 habeatur
1605 5153 1660 5199 et
1706 5160 1737 5198 a
1789 5149 1995 5206 cunctis

415 5214 661 5272 ﬁdelibus
699 5219 1004 5288 diligentius
1043 5227 1368 5284 observetur
1401 5245 1418 5294 ;
1463 5232 1600 5288 hanc
1641 5245 1842 5291 cartam
1873 5239 1994 5295 inde

2108 4574 2187 4626 vel
2221 4587 2314 4640 per
2341 4584 2579 4641 tempora
2631 4577 2821 4630 melius
2867 4591 3235 4645 conservetur,
3271 4599 3426 4637 manu
3478 4585 3692 4651 propria

2104 4661 2291 4717 subter
2318 4679 2435 4718 eam
2487 4665 2815 4721 firmavimus
2843 4678 2896 4722 et
2940 4669 3008 4724 de
3047 4671 3206 4726 aoolo
3253 4683 3432 4728 nostro
3469 4673 3698 4745 sigillati

2099 4754 2373 4823 jussimus.

2173 4846 2394 4913 Signum
2427 4845 2604 4901 Caroli
2633 4848 3003 4916 gloriosissimi
3032 4852 3193 4920 regis.

2173 4933 2320 4987 Radu
2363 4935 2429 4989 ad
2473 4935 2638 4989 vicem
2691 4936 2895 4992 ilitterii
2941 4941 3224 5008 recognovi
3273 4950 3327 4996 et
3366 4941 3686 5014 subscripsi.

2172 5027 2284 5080 Dat.
2315 5027 2365 5080 iu
2420 5043 2606 5082 mense
2657 5029 2975 5085 Novembrio
3002 5046 3144 5087 anno
3193 5042 3384 5088 octavo
3412 5037 3563 5105 regni
3593 5052 3687 5090 no-

2097 5117 2215 5171 stri.
2249 5120 2439 5172 Actum
2476 5119 2611 5173 Dura
2640 5120 2846 5189 palacio
2885 5122 3100 5191 publico
3131 5122 3379 5180 feliciter.
3409 5127 3610 5184 Amen.

2093 5420 2232 5474 fectu
2279 5417 2638 5475 statuendum.
2674 5419 2883 5474 nonnisi
2937 5430 3053 5488 post
3105 5423 3326 5487 primam
3358 5421 3540 5476 Caroli
3573 5423 3683 5478 Ila-

2089 5491 2176 5552 gni
2234 5488 2286 5541 in
2341 5489 2630 5542 Saxoniam
2683 5491 3233 5575 expeditionem-nec
3284 5503 3413 5545 ante
3473 5508 3680 5575 annum

2087 5557 2419 5632 Cbristij'l/s
2446 5574 2550 5622 quo
2593 5573 2651 5612 se
2684 5574 2862 5628 regem
2914 5562 3385 5632 [.ongobardorum
3415 5577 3482 5632 ac
3515 5563 3680 5629 patri-

2087 5630 2229 5683 ciunt
2280 5627 2642 5699 Romanorum
2702 5627 3063 5699 nuncupavit;
3092 5631 3192 5688 hoc
3241 5633 3292 5688 in
3343 5627 3677 5689 Fuldcnsem

2090 5699 2371 5755 ecclesiam
2405 5697 2733 5754 redundasse
2763 5715 2974 5756 munus.

485 5391 528 5476 ξ.
553 5389 716 5476 Hujus
757 5394 978 5476 insignis
1008 5398 1311 5476 donationis
1349 5408 1731 5476 antographum
1777 5428 1880 5467 non
1919 5413 1990 5469 ita

416 5460 720 5538 pridem'in
765 5460 983 5538 archivo
1031 5468 1280 5524 Fuldensi
1335 5460 1508 5530 adhuc
1561 5460 1990 5538 exstiiisseiuser:

412 5539 635 5621 latum,
663 5533 710 5588 is
737 5537 934 5621 opltinte
965 5539 1112 5621 novit
1161 5542 1250 5621 qui
1289 5533 1676 5621 apograpbumi
1701 5533 1986 5621 hoc‘jtiita

413 5597 863 5689 illudialiquan'do.
878 5607 1106 5689 confecit
1127 5597 1189 5663 et'
1201 5597 1984 5689 emendaviiitumssisiaiuen:

417 5667 561 5740 quod
590 5667 820 5730 maxime
849 5676 1129 5748 intererat,
1161 5681 1304 5736 notis
1324 5667 1985 5758 chronicis,
