  <div class='ocr_page' id='page_1' title='image "/cluster/home/n/w/nwhite01/storage/ocr_20150623/97/hvd.32044054759667/534.png"; bbox 0 0 4034 6182; ppageno 0'>
   <div class='ocr_carea' id='block_1_1' title="bbox 244 361 383 421">
    <p class='ocr_par' dir='ltr' id='par_1_1' title="bbox 244 361 383 421">
     <span class='ocr_line' id='line_1_1' title="bbox 244 361 383 421; baseline -0.007 0"><span class='ocrx_word' id='word_1_1' title='bbox 244 361 383 421; x_wconf 68' lang='grc'><strong>1083</strong></span> 
     </span>
    </p>
   </div>
   <div class='ocr_carea' id='block_1_2' title="bbox 980 468 1084 522">
    <p class='ocr_par' dir='ltr' id='par_1_2' title="bbox 980 468 1084 522">
     <span class='ocr_line' id='line_1_2' title="bbox 980 468 1084 522; baseline 0 -2"><span class='ocrx_word' id='word_1_2' title='bbox 980 468 1084 522; x_wconf 83' lang='lat' dir='ltr'><strong>VII.</strong></span> 
     </span>
    </p>
   </div>
   <div class='ocr_carea' id='block_1_3' title="bbox 237 569 1801 642">
    <p class='ocr_par' dir='ltr' id='par_1_3' title="bbox 237 569 1801 642">
     <span class='ocr_line' id='line_1_3' title="bbox 237 569 1801 642; baseline -0.013 0"><span class='ocrx_word' id='word_1_3' title='bbox 237 585 546 642; x_wconf 63' lang='lat' dir='ltr'><strong>latinitas</strong></span> <span class='ocrx_word' id='word_1_4' title='bbox 575 579 876 634; x_wconf 69' lang='lat' dir='ltr'><strong>nionauerio</strong></span> <span class='ocrx_word' id='word_1_5' title='bbox 925 576 1208 630; x_wconf 79' lang='lat' dir='ltr'><strong>Pramiensi</strong></span> <span class='ocrx_word' id='word_1_6' title='bbox 1257 590 1492 627; x_wconf 69' lang='lat' dir='ltr'><strong>concessa</strong></span> <span class='ocrx_word' id='word_1_7' title='bbox 1538 589 1568 622; x_wconf 80' lang='lat' dir='ltr'><strong>rt</strong></span> <span class='ocrx_word' id='word_1_8' title='bbox 1614 569 1801 624; x_wconf 85' lang='lat' dir='ltr'><strong>Carolo</strong></span> 
     </span>
    </p>
   </div>
   <div class='ocr_carea' id='block_1_4' title="bbox 749 644 1304 718">
    <p class='ocr_par' dir='ltr' id='par_1_4' title="bbox 749 644 1304 718">
     <span class='ocr_line' id='line_1_4' title="bbox 749 644 1304 718; baseline -0.011 -16"><span class='ocrx_word' id='word_1_9' title='bbox 749 649 938 718; x_wconf 68' lang='lat' dir='ltr'><strong>Magno</strong></span> <span class='ocrx_word' id='word_1_10' title='bbox 966 649 1122 716; x_wconf 84' lang='lat' dir='ltr'><strong>(anno</strong></span> <span class='ocrx_word' id='word_1_11' title='bbox 1149 645 1179 696; x_wconf 86' lang='lat'><strong>7</strong></span> <span class='ocrx_word' id='word_1_12' title='bbox 1194 644 1304 710; x_wconf 80' lang='lat' dir='ltr'><strong>i5).</strong></span> 
     </span>
    </p>
   </div>
   <div class='ocr_carea' id='block_1_5' title="bbox 504 757 1510 827">
    <p class='ocr_par' dir='ltr' id='par_1_5' title="bbox 504 757 1510 827">
     <span class='ocr_line' id='line_1_5' title="bbox 504 757 1510 827; baseline -0.01 -13"><span class='ocrx_word' id='word_1_13' title='bbox 504 764 599 827; x_wconf 66' lang='lat' dir='ltr'><strong>(Et</strong></span> <span class='ocrx_word' id='word_1_14' title='bbox 621 763 903 818; x_wconf 80' lang='lat' dir='ltr'><strong>Hontheirn,</strong></span> <span class='ocrx_word' id='word_1_15' title='bbox 931 759 1135 808; x_wconf 72' lang='lat' dir='ltr'><strong>Historia</strong></span> <span class='ocrx_word' id='word_1_16' title='bbox 1157 757 1510 815; x_wconf 71' lang='lat' dir='ltr'><strong>Trevir-ensis.)</strong></span> 
     </span>
    </p>
   </div>
   <div class='ocr_carea' id='block_1_6' title="bbox 305 867 1803 946">
    <p class='ocr_par' dir='ltr' id='par_1_6' title="bbox 305 867 1803 946">
     <span class='ocr_line' id='line_1_6' title="bbox 305 867 1803 946; baseline -0.01 -11"><span class='ocrx_word' id='word_1_17' title='bbox 305 879 526 936; x_wconf 83' lang='lat' dir='ltr'><strong>Carolus</strong></span> <span class='ocrx_word' id='word_1_18' title='bbox 553 878 715 946; x_wconf 87' lang='lat' dir='ltr'><strong>gratia</strong></span> <span class='ocrx_word' id='word_1_19' title='bbox 747 876 836 929; x_wconf 93' lang='lat' dir='ltr'><strong>Dei</strong></span> <span class='ocrx_word' id='word_1_20' title='bbox 863 874 1182 929; x_wconf 75' lang='lat' dir='ltr'><strong>Francorum</strong></span> <span class='ocrx_word' id='word_1_21' title='bbox 1213 887 1306 925; x_wconf 81' lang='lat' dir='ltr'><strong>rex</strong></span> <span class='ocrx_word' id='word_1_22' title='bbox 1335 881 1387 924; x_wconf 91' lang='lat' dir='ltr'><strong>et</strong></span> <span class='ocrx_word' id='word_1_23' title='bbox 1420 867 1803 938; x_wconf 85' lang='lat' dir='ltr'><strong>Longobardo-</strong></span> 
     </span>
    </p>
   </div>
   <div class='ocr_carea' id='block_1_7' title="bbox 231 961 1798 1035">
    <p class='ocr_par' dir='ltr' id='par_1_7' title="bbox 231 961 1798 1035">
     <span class='ocr_line' id='line_1_7' title="bbox 231 961 1798 1035; baseline -0.009 -9"><span class='ocrx_word' id='word_1_24' title='bbox 231 988 350 1026; x_wconf 85' lang='lat' dir='ltr'><strong>rum</strong></span> <span class='ocrx_word' id='word_1_25' title='bbox 362 1011 377 1033; x_wconf 97' lang='lat'><strong>,</strong></span> <span class='ocrx_word' id='word_1_26' title='bbox 393 985 454 1022; x_wconf 83' lang='lat' dir='ltr'><strong>ac</strong></span> <span class='ocrx_word' id='word_1_27' title='bbox 475 969 724 1035; x_wconf 91' lang='lat' dir='ltr'><strong>patricius</strong></span> <span class='ocrx_word' id='word_1_28' title='bbox 735 965 1113 1029; x_wconf 75' lang='lat' dir='ltr'><strong>Romanorum,</strong></span> <span class='ocrx_word' id='word_1_29' title='bbox 1128 976 1231 1018; x_wconf 91' lang='lat' dir='ltr'><strong>etc.</strong></span> <span class='ocrx_word' id='word_1_30' title='bbox 1245 961 1498 1016; x_wconf 83' lang='lat' dir='ltr'><strong>Omnibus</strong></span> <span class='ocrx_word' id='word_1_31' title='bbox 1514 962 1798 1028; x_wconf 80' lang='lat' dir='ltr'><strong>episeOpis,</strong></span> 
     </span>
    </p>
   </div>
   <div class='ocr_carea' id='block_1_8' title="bbox 229 1052 1808 1121">
    <p class='ocr_par' dir='ltr' id='par_1_8' title="bbox 229 1052 1808 1121">
     <span class='ocr_line' id='line_1_8' title="bbox 229 1052 1808 1121; baseline -0.007 -8"><span class='ocrx_word' id='word_1_32' title='bbox 229 1060 546 1120; x_wconf 86' lang='lat' dir='ltr'><strong>abbatibus,</strong></span> <span class='ocrx_word' id='word_1_33' title='bbox 575 1057 796 1111; x_wconf 90' lang='lat' dir='ltr'><strong>ducibus</strong></span> <span class='ocrx_word' id='word_1_34' title='bbox 819 1097 834 1121; x_wconf 98' lang='lat'><strong>,</strong></span> <span class='ocrx_word' id='word_1_35' title='bbox 865 1056 1179 1119; x_wconf 86' lang='lat' dir='ltr'><strong>comitibus,</strong></span> <span class='ocrx_word' id='word_1_36' title='bbox 1207 1052 1527 1116; x_wconf 89' lang='lat' dir='ltr'><strong>domesticis,</strong></span> <span class='ocrx_word' id='word_1_37' title='bbox 1572 1052 1808 1118; x_wconf 86' lang='lat' dir='ltr'><strong>vicariis,</strong></span> 
     </span>
    </p>
   </div>
   <div class='ocr_carea' id='block_1_9' title="bbox 231 1144 1801 1212">
    <p class='ocr_par' dir='ltr' id='par_1_9' title="bbox 231 1144 1801 1212">
     <span class='ocr_line' id='line_1_9' title="bbox 231 1144 1801 1212; baseline -0.004 -9"><span class='ocrx_word' id='word_1_38' title='bbox 231 1149 576 1212; x_wconf 83' lang='lat' dir='ltr'><strong>centenariis,</strong></span> <span class='ocrx_word' id='word_1_39' title='bbox 605 1146 685 1200; x_wconf 90' lang='lat' dir='ltr'><strong>vel</strong></span> <span class='ocrx_word' id='word_1_40' title='bbox 729 1161 914 1200; x_wconf 87' lang='lat' dir='ltr'><strong>omnes</strong></span> <span class='ocrx_word' id='word_1_41' title='bbox 952 1149 1144 1200; x_wconf 80' lang='lat' dir='ltr'><strong>missos</strong></span> <span class='ocrx_word' id='word_1_42' title='bbox 1186 1155 1392 1198; x_wconf 88' lang='lat' dir='ltr'><strong>nostros</strong></span> <span class='ocrx_word' id='word_1_43' title='bbox 1419 1144 1801 1198; x_wconf 79' lang='lat' dir='ltr'><strong>discurrentes.</strong></span> 
     </span>
    </p>
   </div>
   <div class='ocr_carea' id='block_1_10' title="bbox 233 1236 1804 1306">
    <p class='ocr_par' dir='ltr' id='par_1_10' title="bbox 233 1236 1804 1306">
     <span class='ocr_line' id='line_1_10' title="bbox 233 1236 1804 1306; baseline -0.007 -12"><span class='ocrx_word' id='word_1_44' title='bbox 233 1239 520 1294; x_wconf 70' lang='lat' dir='ltr'><strong>Maximum</strong></span> <span class='ocrx_word' id='word_1_45' title='bbox 543 1251 737 1306; x_wconf 83' lang='lat' dir='ltr'><strong>augere</strong></span> <span class='ocrx_word' id='word_1_46' title='bbox 758 1238 1024 1290; x_wconf 86' lang='lat' dir='ltr'><strong>credimus</strong></span> <span class='ocrx_word' id='word_1_47' title='bbox 1043 1236 1183 1303; x_wconf 76' lang='lat' dir='ltr'><strong>regni</strong></span> <span class='ocrx_word' id='word_1_48' title='bbox 1208 1236 1368 1290; x_wconf 91' lang='lat' dir='ltr'><strong>nostri</strong></span> <span class='ocrx_word' id='word_1_49' title='bbox 1389 1237 1804 1300; x_wconf 70' lang='lat' dir='ltr'><strong>munimentum,</strong></span> 
     </span>
    </p>
   </div>
   <div class='ocr_carea' id='block_1_11' title="bbox 232 1325 1809 1399">
    <p class='ocr_par' dir='ltr' id='par_1_11' title="bbox 232 1325 1809 1399">
     <span class='ocr_line' id='line_1_11' title="bbox 232 1325 1809 1399; baseline -0.003 -16"><span class='ocrx_word' id='word_1_50' title='bbox 232 1330 279 1383; x_wconf 89' lang='lat' dir='ltr'><strong>si</strong></span> <span class='ocrx_word' id='word_1_51' title='bbox 310 1327 562 1384; x_wconf 87' lang='lat' dir='ltr'><strong>beneﬁcia</strong></span> <span class='ocrx_word' id='word_1_52' title='bbox 594 1337 888 1394; x_wconf 86' lang='lat' dir='ltr'><strong>opportuna</strong></span> <span class='ocrx_word' id='word_1_53' title='bbox 919 1325 1028 1399; x_wconf 61' lang='lat' dir='ltr'><strong>[ait]</strong></span> <span class='ocrx_word' id='word_1_54' title='bbox 1083 1326 1194 1379; x_wconf 89' lang='lat' dir='ltr'><strong>loca</strong></span> <span class='ocrx_word' id='word_1_55' title='bbox 1234 1336 1537 1380; x_wconf 86' lang='lat' dir='ltr'><strong>sanctorum</strong></span> <span class='ocrx_word' id='word_1_56' title='bbox 1580 1325 1667 1380; x_wconf 95' lang='lat' dir='ltr'><strong>vel</strong></span> <span class='ocrx_word' id='word_1_57' title='bbox 1719 1340 1809 1378; x_wconf 87' lang='lat' dir='ltr'><strong>ec-</strong></span> 
     </span>
    </p>
   </div>
   <div class='ocr_carea' id='block_1_12' title="bbox 231 1415 1810 1481">
    <p class='ocr_par' dir='ltr' id='par_1_12' title="bbox 231 1415 1810 1481">
     <span class='ocr_line' id='line_1_12' title="bbox 231 1415 1810 1481; baseline -0.006 -3"><span class='ocrx_word' id='word_1_58' title='bbox 231 1423 518 1478; x_wconf 88' lang='lat' dir='ltr'><strong>clesiarum</strong></span> <span class='ocrx_word' id='word_1_59' title='bbox 562 1420 817 1475; x_wconf 88' lang='lat' dir='ltr'><strong>benevola</strong></span> <span class='ocrx_word' id='word_1_60' title='bbox 870 1419 1250 1472; x_wconf 83' lang='lat' dir='ltr'><strong>deliberatione</strong></span> <span class='ocrx_word' id='word_1_61' title='bbox 1301 1415 1664 1481; x_wconf 82' lang='lat' dir='ltr'><strong>concedimus,</strong></span> <span class='ocrx_word' id='word_1_62' title='bbox 1727 1430 1810 1479; x_wconf 82' lang='lat' dir='ltr'><strong>ac,</strong></span> 
     </span>
    </p>
   </div>
   <div class='ocr_carea' id='block_1_13' title="bbox 235 1506 1808 1580">
    <p class='ocr_par' dir='ltr' id='par_1_13' title="bbox 235 1506 1808 1580">
     <span class='ocr_line' id='line_1_13' title="bbox 235 1506 1808 1580; baseline -0.006 -12"><span class='ocrx_word' id='word_1_63' title='bbox 235 1513 466 1568; x_wconf 89' lang='lat' dir='ltr'><strong>Domino</strong></span> <span class='ocrx_word' id='word_1_64' title='bbox 506 1519 837 1580; x_wconf 82' lang='lat' dir='ltr'><strong>protegente,</strong></span> <span class='ocrx_word' id='word_1_65' title='bbox 872 1509 1097 1564; x_wconf 79' lang='lat' dir='ltr'><strong>feliciter</strong></span> <span class='ocrx_word' id='word_1_66' title='bbox 1140 1507 1428 1574; x_wconf 83' lang='lat' dir='ltr'><strong>perdurare</strong></span> <span class='ocrx_word' id='word_1_67' title='bbox 1475 1506 1808 1560; x_wconf 74' lang='lat' dir='ltr'><strong>confidimus.</strong></span> 
     </span>
    </p>
   </div>
   <div class='ocr_carea' id='block_1_14' title="bbox 231 1597 1810 1676">
    <p class='ocr_par' dir='ltr' id='par_1_14' title="bbox 231 1597 1810 1676">
     <span class='ocr_line' id='line_1_14' title="bbox 231 1597 1810 1676; baseline -0.007 -16"><span class='ocrx_word' id='word_1_68' title='bbox 231 1605 402 1676; x_wconf 84' lang='lat' dir='ltr'><strong>Igitur</strong></span> <span class='ocrx_word' id='word_1_69' title='bbox 429 1604 642 1658; x_wconf 89' lang='lat' dir='ltr'><strong>noverit</strong></span> <span class='ocrx_word' id='word_1_70' title='bbox 682 1601 895 1656; x_wconf 83' lang='lat' dir='ltr'><strong>solertia</strong></span> <span class='ocrx_word' id='word_1_71' title='bbox 926 1611 1124 1665; x_wconf 89' lang='lat' dir='ltr'><strong>vestra,</strong></span> <span class='ocrx_word' id='word_1_72' title='bbox 1170 1598 1395 1668; x_wconf 89' lang='lat' dir='ltr'><strong>qualiter</strong></span> <span class='ocrx_word' id='word_1_73' title='bbox 1442 1612 1540 1652; x_wconf 89' lang='lat' dir='ltr'><strong>nos</strong></span> <span class='ocrx_word' id='word_1_74' title='bbox 1587 1597 1651 1651; x_wconf 93' lang='lat' dir='ltr'><strong>ad</strong></span> <span class='ocrx_word' id='word_1_75' title='bbox 1701 1613 1810 1650; x_wconf 89' lang='lat' dir='ltr'><strong>mo-</strong></span> 
     </span>
    </p>
   </div>
   <div class='ocr_carea' id='block_1_15' title="bbox 236 1687 1812 1760">
    <p class='ocr_par' dir='ltr' id='par_1_15' title="bbox 236 1687 1812 1760">
     <span class='ocr_line' id='line_1_15' title="bbox 236 1687 1812 1760; baseline -0.007 -13"><span class='ocrx_word' id='word_1_76' title='bbox 236 1692 556 1756; x_wconf 84' lang='lat' dir='ltr'><strong>nasterium,</strong></span> <span class='ocrx_word' id='word_1_77' title='bbox 585 1692 724 1760; x_wconf 91' lang='lat' dir='ltr'><strong>quod</strong></span> <span class='ocrx_word' id='word_1_78' title='bbox 758 1690 950 1743; x_wconf 90' lang='lat' dir='ltr'><strong>dicitur</strong></span> <span class='ocrx_word' id='word_1_79' title='bbox 985 1689 1224 1753; x_wconf 87' lang='lat' dir='ltr'><strong>Prumia,</strong></span> <span class='ocrx_word' id='word_1_80' title='bbox 1253 1687 1394 1755; x_wconf 90' lang='lat' dir='ltr'><strong>quod</strong></span> <span class='ocrx_word' id='word_1_81' title='bbox 1427 1688 1577 1740; x_wconf 69' lang='lat' dir='ltr'><strong>bona:</strong></span> <span class='ocrx_word' id='word_1_82' title='bbox 1607 1699 1812 1739; x_wconf 88' lang='lat' dir='ltr'><strong>memo-</strong></span> 
     </span>
    </p>
   </div>
   <div class='ocr_carea' id='block_1_16' title="bbox 519 338 3189 418">
    <p class='ocr_par' dir='ltr' id='par_1_16' title="bbox 519 338 3189 418">
     <span class='ocr_line' id='line_1_16' title="bbox 519 338 3189 418; baseline -0.01 -1"><span class='ocrx_word' id='word_1_83' title='bbox 519 356 751 418; x_wconf 72' lang='lat' dir='ltr'><strong>CODEX</strong></span> <span class='ocrx_word' id='word_1_84' title='bbox 791 340 1968 411; x_wconf 73' lang='lat' dir='ltr'><strong>DlPLOM.-\TICUS.—PllthLEGlA.—Ill.</strong></span> <span class='ocrx_word' id='word_1_85' title='bbox 2013 338 2263 395; x_wconf 76' lang='lat' dir='ltr'><strong>PRIVIL.</strong></span> <span class='ocrx_word' id='word_1_86' title='bbox 2306 339 2439 395; x_wconf 76' lang='lat' dir='ltr'><strong>PER</strong></span> <span class='ocrx_word' id='word_1_87' title='bbox 2481 338 2748 396; x_wconf 80' lang='lat' dir='ltr'><strong>PARTES</strong></span> <span class='ocrx_word' id='word_1_88' title='bbox 2787 338 3189 396; x_wconf 62' lang='lat' dir='ltr'><strong>GERMANIE.</strong></span> 
     </span>
    </p>
   </div>
   <div class='ocr_carea' id='block_1_17' title="bbox 3341 341 3479 403">
    <p class='ocr_par' dir='ltr' id='par_1_17' title="bbox 3341 341 3479 403">
     <span class='ocr_line' id='line_1_17' title="bbox 3341 341 3479 403; baseline -0.007 -7"><span class='ocrx_word' id='word_1_89' title='bbox 3341 341 3479 403; x_wconf 69' lang='grc'><strong>1051</strong></span> 
     </span>
    </p>
   </div>
   <div class='ocr_carea' id='block_1_18' title="bbox 1833 451 3479 523">
    <p class='ocr_par' dir='ltr' id='par_1_18' title="bbox 1833 451 3479 523">
     <span class='ocr_line' id='line_1_18' title="bbox 1833 451 3479 523; baseline 0.001 -15"><span class='ocrx_word' id='word_1_90' title='bbox 1833 460 1880 515; x_wconf 79' lang='grc' dir='ltr'>Α</span> <span class='ocrx_word' id='word_1_91' title='bbox 1909 452 2190 508; x_wconf 86' lang='lat' dir='ltr'><strong>indultum.</strong></span> <span class='ocrx_word' id='word_1_92' title='bbox 2217 451 2522 506; x_wconf 79' lang='lat' dir='ltr'><strong>Statuentes</strong></span> <span class='ocrx_word' id='word_1_93' title='bbox 2563 467 2690 520; x_wconf 83' lang='lat' dir='ltr'><strong>ergo</strong></span> <span class='ocrx_word' id='word_1_94' title='bbox 2730 451 3000 519; x_wconf 91' lang='lat' dir='ltr'><strong>iubemus,</strong></span> <span class='ocrx_word' id='word_1_95' title='bbox 3051 461 3109 507; x_wconf 90' lang='lat' dir='ltr'><strong>ut</strong></span> <span class='ocrx_word' id='word_1_96' title='bbox 3158 467 3331 522; x_wconf 88' lang='lat' dir='ltr'><strong>neque</strong></span> <span class='ocrx_word' id='word_1_97' title='bbox 3362 469 3479 523; x_wconf 87' lang='lat' dir='ltr'><strong>vos,</strong></span> 
     </span>
    </p>
   </div>
   <div class='ocr_carea' id='block_1_19' title="bbox 1911 544 3482 612">
    <p class='ocr_par' dir='ltr' id='par_1_19' title="bbox 1911 544 3482 612">
     <span class='ocr_line' id='line_1_19' title="bbox 1911 544 3482 612; baseline 0.002 -14"><span class='ocrx_word' id='word_1_98' title='bbox 1911 560 2080 612; x_wconf 89' lang='lat' dir='ltr'><strong>neque</strong></span> <span class='ocrx_word' id='word_1_99' title='bbox 2117 544 2376 612; x_wconf 81' lang='lat' dir='ltr'><strong>iuniores,</strong></span> <span class='ocrx_word' id='word_1_100' title='bbox 2423 557 2867 608; x_wconf 79' lang='lat' dir='ltr'><strong>successoresque</strong></span> <span class='ocrx_word' id='word_1_101' title='bbox 2916 544 3102 608; x_wconf 78' lang='lat' dir='ltr'><strong>vestri,</strong></span> <span class='ocrx_word' id='word_1_102' title='bbox 3149 559 3321 611; x_wconf 79' lang='lat' dir='ltr'><strong>neque</strong></span> <span class='ocrx_word' id='word_1_103' title='bbox 3376 547 3482 601; x_wconf 85' lang='lat' dir='ltr'><strong>ulla</strong></span> 
     </span>
    </p>
   </div>
   <div class='ocr_carea' id='block_1_20' title="bbox 1912 635 3487 704">
    <p class='ocr_par' dir='ltr' id='par_1_20' title="bbox 1912 635 3487 704">
     <span class='ocr_line' id='line_1_20' title="bbox 1912 635 3487 704; baseline 0.001 -14"><span class='ocrx_word' id='word_1_104' title='bbox 1912 637 2115 704; x_wconf 84' lang='lat' dir='ltr'><strong>publica</strong></span> <span class='ocrx_word' id='word_1_105' title='bbox 2144 635 2364 704; x_wconf 87' lang='lat' dir='ltr'><strong>iudicia,</strong></span> <span class='ocrx_word' id='word_1_106' title='bbox 2407 643 2502 688; x_wconf 87' lang='lat' dir='ltr'><strong>aut</strong></span> <span class='ocrx_word' id='word_1_107' title='bbox 2547 645 2780 702; x_wconf 82' lang='lat' dir='ltr'><strong>potestas</strong></span> <span class='ocrx_word' id='word_1_108' title='bbox 2826 635 2936 688; x_wconf 93' lang='lat' dir='ltr'><strong>ullo</strong></span> <span class='ocrx_word' id='word_1_109' title='bbox 2975 650 3204 704; x_wconf 82' lang='lat' dir='ltr'><strong>unquam</strong></span> <span class='ocrx_word' id='word_1_110' title='bbox 3248 645 3487 703; x_wconf 85' lang='lat' dir='ltr'><strong>tempore</strong></span> 
     </span>
    </p>
   </div>
   <div class='ocr_carea' id='block_1_21' title="bbox 1912 727 3484 794">
    <p class='ocr_par' dir='ltr' id='par_1_21' title="bbox 1912 727 3484 794">
     <span class='ocr_line' id='line_1_21' title="bbox 1912 727 3484 794; baseline 0.002 -14"><span class='ocrx_word' id='word_1_111' title='bbox 1912 728 1962 781; x_wconf 93' lang='lat' dir='ltr'><strong>in</strong></span> <span class='ocrx_word' id='word_1_112' title='bbox 1990 728 2127 779; x_wconf 84' lang='lat' dir='ltr'><strong>villis</strong></span> <span class='ocrx_word' id='word_1_113' title='bbox 2156 727 2459 794; x_wconf 86' lang='lat' dir='ltr'><strong>ubicunque</strong></span> <span class='ocrx_word' id='word_1_114' title='bbox 2486 727 2536 778; x_wconf 89' lang='lat' dir='ltr'><strong>in</strong></span> <span class='ocrx_word' id='word_1_115' title='bbox 2568 740 2732 791; x_wconf 78' lang='lat' dir='ltr'><strong>regna</strong></span> <span class='ocrx_word' id='word_1_116' title='bbox 2763 735 2941 777; x_wconf 87' lang='lat' dir='ltr'><strong>nostra</strong></span> <span class='ocrx_word' id='word_1_117' title='bbox 2974 727 3138 792; x_wconf 87' lang='lat' dir='ltr'><strong>ipsius</strong></span> <span class='ocrx_word' id='word_1_118' title='bbox 3173 730 3484 783; x_wconf 83' lang='lat' dir='ltr'><strong>monasterii</strong></span> 
     </span>
    </p>
   </div>
   <div class='ocr_carea' id='block_1_22' title="bbox 1914 816 3488 883">
    <p class='ocr_par' dir='ltr' id='par_1_22' title="bbox 1914 816 3488 883">
     <span class='ocr_line' id='line_1_22' title="bbox 1914 816 3488 883; baseline -0.001 -12"><span class='ocrx_word' id='word_1_119' title='bbox 1914 819 2259 880; x_wconf 76' lang='lat' dir='ltr'><strong>Diuiniensis,</strong></span> <span class='ocrx_word' id='word_1_120' title='bbox 2292 827 2384 870; x_wconf 83' lang='lat' dir='ltr'><strong>aut</strong></span> <span class='ocrx_word' id='word_1_121' title='bbox 2415 818 2579 881; x_wconf 80' lang='lat' dir='ltr'><strong>regia,</strong></span> <span class='ocrx_word' id='word_1_122' title='bbox 2615 826 2705 869; x_wconf 87' lang='lat' dir='ltr'><strong>aut</strong></span> <span class='ocrx_word' id='word_1_123' title='bbox 2737 816 3059 883; x_wconf 90' lang='lat' dir='ltr'><strong>privatorum</strong></span> <span class='ocrx_word' id='word_1_124' title='bbox 3092 816 3333 883; x_wconf 72' lang='lat' dir='ltr'><strong>largitate</strong></span> <span class='ocrx_word' id='word_1_125' title='bbox 3362 831 3488 870; x_wconf 87' lang='lat' dir='ltr'><strong>con-</strong></span> 
     </span>
    </p>
   </div>
   <div class='ocr_carea' id='block_1_23' title="bbox 1913 904 3488 975">
    <p class='ocr_par' dir='ltr' id='par_1_23' title="bbox 1913 904 3488 975">
     <span class='ocr_line' id='line_1_23' title="bbox 1913 904 3488 975; baseline 0 -15"><span class='ocrx_word' id='word_1_126' title='bbox 1913 908 2068 972; x_wconf 89' lang='lat' dir='ltr'><strong>latas,</strong></span> <span class='ocrx_word' id='word_1_127' title='bbox 2107 917 2202 960; x_wconf 89' lang='lat' dir='ltr'><strong>aut</strong></span> <span class='ocrx_word' id='word_1_128' title='bbox 2239 923 2356 975; x_wconf 66' lang='lat' dir='ltr'><strong>qua</strong></span> <span class='ocrx_word' id='word_1_129' title='bbox 2402 907 2454 960; x_wconf 90' lang='lat' dir='ltr'><strong>in</strong></span> <span class='ocrx_word' id='word_1_130' title='bbox 2497 916 2650 960; x_wconf 81' lang='lat' dir='ltr'><strong>antea</strong></span> <span class='ocrx_word' id='word_1_131' title='bbox 2695 907 2933 971; x_wconf 90' lang='lat' dir='ltr'><strong>fuerunt,</strong></span> <span class='ocrx_word' id='word_1_132' title='bbox 2987 904 3198 960; x_wconf 82' lang='lat' dir='ltr'><strong>Christo</strong></span> <span class='ocrx_word' id='word_1_133' title='bbox 3239 907 3488 975; x_wconf 89' lang='lat' dir='ltr'><strong>propitio,</strong></span> 
     </span>
    </p>
   </div>
   <div class='ocr_carea' id='block_1_24' title="bbox 1910 999 3491 1068">
    <p class='ocr_par' dir='ltr' id='par_1_24' title="bbox 1910 999 3491 1068">
     <span class='ocr_line' id='line_1_24' title="bbox 1910 999 3491 1068; baseline -0.003 -12"><span class='ocrx_word' id='word_1_134' title='bbox 1910 1003 2235 1068; x_wconf 87' lang='lat' dir='ltr'><strong>contaturas,</strong></span> <span class='ocrx_word' id='word_1_135' title='bbox 2263 1001 2328 1054; x_wconf 92' lang='lat' dir='ltr'><strong>ad</strong></span> <span class='ocrx_word' id='word_1_136' title='bbox 2349 1000 2642 1054; x_wconf 88' lang='lat' dir='ltr'><strong>audiendas</strong></span> <span class='ocrx_word' id='word_1_137' title='bbox 2668 1001 3042 1055; x_wconf 86' lang='lat' dir='ltr'><strong>altercationes</strong></span> <span class='ocrx_word' id='word_1_138' title='bbox 3075 999 3375 1067; x_wconf 77' lang='lat' dir='ltr'><strong>ingredere,</strong></span> <span class='ocrx_word' id='word_1_139' title='bbox 3399 1009 3491 1054; x_wconf 92' lang='lat' dir='ltr'><strong>aut</strong></span> 
     </span>
    </p>
   </div>
   <div class='ocr_carea' id='block_1_25' title="bbox 1914 1090 3490 1159">
    <p class='ocr_par' dir='ltr' id='par_1_25' title="bbox 1914 1090 3490 1159">
     <span class='ocr_line' id='line_1_25' title="bbox 1914 1090 3490 1159; baseline -0.002 -13"><span class='ocrx_word' id='word_1_140' title='bbox 1914 1093 2055 1147; x_wconf 89' lang='lat' dir='ltr'><strong>freda</strong></span> <span class='ocrx_word' id='word_1_141' title='bbox 2087 1092 2156 1146; x_wconf 90' lang='lat' dir='ltr'><strong>de</strong></span> <span class='ocrx_word' id='word_1_142' title='bbox 2199 1091 2464 1158; x_wconf 81' lang='lat' dir='ltr'><strong>quaslibet</strong></span> <span class='ocrx_word' id='word_1_143' title='bbox 2510 1105 2700 1144; x_wconf 80' lang='lat' dir='ltr'><strong>causas</strong></span> <span class='ocrx_word' id='word_1_144' title='bbox 2745 1091 2988 1159; x_wconf 75' lang='lat' dir='ltr'><strong>exigere,</strong></span> <span class='ocrx_word' id='word_1_145' title='bbox 3031 1104 3129 1143; x_wconf 89' lang='lat' dir='ltr'><strong>nec</strong></span> <span class='ocrx_word' id='word_1_146' title='bbox 3166 1090 3490 1153; x_wconf 87' lang='lat' dir='ltr'><strong>mansiones,</strong></span> 
     </span>
    </p>
   </div>
   <div class='ocr_carea' id='block_1_26' title="bbox 1913 1178 3492 1249">
    <p class='ocr_par' dir='ltr' id='par_1_26' title="bbox 1913 1178 3492 1249">
     <span class='ocr_line' id='line_1_26' title="bbox 1913 1178 3492 1249; baseline -0.003 -13"><span class='ocrx_word' id='word_1_147' title='bbox 1913 1192 2002 1236; x_wconf 86' lang='lat' dir='ltr'><strong>aut</strong></span> <span class='ocrx_word' id='word_1_148' title='bbox 2028 1190 2258 1248; x_wconf 81' lang='lat' dir='ltr'><strong>paratas,</strong></span> <span class='ocrx_word' id='word_1_149' title='bbox 2297 1180 2384 1233; x_wconf 86' lang='lat' dir='ltr'><strong>vel</strong></span> <span class='ocrx_word' id='word_1_150' title='bbox 2445 1179 2791 1249; x_wconf 84' lang='lat' dir='ltr'><strong>ﬁdeiussores</strong></span> <span class='ocrx_word' id='word_1_151' title='bbox 2841 1178 3096 1244; x_wconf 89' lang='lat' dir='ltr'><strong>tollendo,</strong></span> <span class='ocrx_word' id='word_1_152' title='bbox 3145 1193 3243 1233; x_wconf 91' lang='lat' dir='ltr'><strong>nec</strong></span> <span class='ocrx_word' id='word_1_153' title='bbox 3291 1193 3492 1244; x_wconf 84' lang='lat' dir='ltr'><strong>scaras,</strong></span> 
     </span>
    </p>
   </div>
   <div class='ocr_carea' id='block_1_27' title="bbox 1915 1271 3496 1342">
    <p class='ocr_par' dir='ltr' id='par_1_27' title="bbox 1915 1271 3496 1342">
     <span class='ocr_line' id='line_1_27' title="bbox 1915 1271 3496 1342; baseline -0.003 -15"><span class='ocrx_word' id='word_1_154' title='bbox 1915 1274 1995 1327; x_wconf 84' lang='lat' dir='ltr'><strong>vel</strong></span> <span class='ocrx_word' id='word_1_155' title='bbox 2047 1273 2317 1342; x_wconf 85' lang='lat' dir='ltr'><strong>coniectos</strong></span> <span class='ocrx_word' id='word_1_156' title='bbox 2352 1283 2455 1326; x_wconf 88' lang='lat' dir='ltr'><strong>tam</strong></span> <span class='ocrx_word' id='word_1_157' title='bbox 2482 1272 2550 1326; x_wconf 89' lang='lat' dir='ltr'><strong>de</strong></span> <span class='ocrx_word' id='word_1_158' title='bbox 2600 1271 2870 1341; x_wconf 86' lang='lat' dir='ltr'><strong>carrigio,</strong></span> <span class='ocrx_word' id='word_1_159' title='bbox 2920 1285 3186 1339; x_wconf 86' lang='lat' dir='ltr'><strong>quamque</strong></span> <span class='ocrx_word' id='word_1_160' title='bbox 3232 1271 3324 1339; x_wconf 85' lang='lat' dir='ltr'><strong>qui</strong></span> <span class='ocrx_word' id='word_1_161' title='bbox 3371 1277 3496 1323; x_wconf 89' lang='lat' dir='ltr'><strong>sunt</strong></span> 
     </span>
    </p>
   </div>
   <div class='ocr_carea' id='block_1_28' title="bbox 1916 1360 3495 1433">
    <p class='ocr_par' dir='ltr' id='par_1_28' title="bbox 1916 1360 3495 1433">
     <span class='ocr_line' id='line_1_28' title="bbox 1916 1360 3495 1433; baseline -0.003 -13"><span class='ocrx_word' id='word_1_162' title='bbox 1916 1365 2051 1420; x_wconf 85' lang='lat' dir='ltr'><strong>infra</strong></span> <span class='ocrx_word' id='word_1_163' title='bbox 2097 1379 2273 1433; x_wconf 78' lang='lat' dir='ltr'><strong>agros,</strong></span> <span class='ocrx_word' id='word_1_164' title='bbox 2321 1365 2404 1418; x_wconf 85' lang='lat' dir='ltr'><strong>vel</strong></span> <span class='ocrx_word' id='word_1_165' title='bbox 2453 1365 2617 1428; x_wconf 87' lang='lat' dir='ltr'><strong>lines,</strong></span> <span class='ocrx_word' id='word_1_166' title='bbox 2661 1379 2754 1418; x_wconf 87' lang='lat' dir='ltr'><strong>seu</strong></span> <span class='ocrx_word' id='word_1_167' title='bbox 2801 1377 2962 1432; x_wconf 87' lang='lat' dir='ltr'><strong>super</strong></span> <span class='ocrx_word' id='word_1_168' title='bbox 3015 1372 3209 1418; x_wconf 87' lang='lat' dir='ltr'><strong>terram</strong></span> <span class='ocrx_word' id='word_1_169' title='bbox 3260 1360 3495 1430; x_wconf 69' lang='lat' dir='ltr'><strong>praedicti</strong></span> 
     </span>
    </p>
   </div>
   <div class='ocr_carea' id='block_1_29' title="bbox 1916 1453 3496 1522">
    <p class='ocr_par' dir='ltr' id='par_1_29' title="bbox 1916 1453 3496 1522">
     <span class='ocr_line' id='line_1_29' title="bbox 1916 1453 3496 1522; baseline -0.001 -13"><span class='ocrx_word' id='word_1_170' title='bbox 1916 1456 2225 1510; x_wconf 86' lang='lat' dir='ltr'><strong>monasterii</strong></span> <span class='ocrx_word' id='word_1_171' title='bbox 2272 1463 2690 1522; x_wconf 87' lang='lat' dir='ltr'><strong>comrnanentes,</strong></span> <span class='ocrx_word' id='word_1_172' title='bbox 2722 1455 2906 1519; x_wconf 86' lang='lat' dir='ltr'><strong>ﬁscos,</strong></span> <span class='ocrx_word' id='word_1_173' title='bbox 2935 1463 3026 1508; x_wconf 89' lang='lat' dir='ltr'><strong>aut</strong></span> <span class='ocrx_word' id='word_1_174' title='bbox 3051 1453 3224 1519; x_wconf 88' lang='lat' dir='ltr'><strong>freda,</strong></span> <span class='ocrx_word' id='word_1_175' title='bbox 3263 1461 3354 1506; x_wconf 92' lang='lat' dir='ltr'><strong>aut</strong></span> <span class='ocrx_word' id='word_1_176' title='bbox 3393 1468 3496 1507; x_wconf 87' lang='lat' dir='ltr'><strong>un-</strong></span> 
     </span>
    </p>
   </div>
   <div class='ocr_carea' id='block_1_30' title="bbox 1913 1545 3490 1616">
    <p class='ocr_par' dir='ltr' id='par_1_30' title="bbox 1913 1545 3490 1616">
     <span class='ocr_line' id='line_1_30' title="bbox 1913 1545 3490 1616; baseline -0.003 -14"><span class='ocrx_word' id='word_1_177' title='bbox 1913 1548 2190 1616; x_wconf 89' lang='lat' dir='ltr'><strong>decunque</strong></span> <span class='ocrx_word' id='word_1_178' title='bbox 2237 1556 2482 1615; x_wconf 90' lang='lat' dir='ltr'><strong>potuerat</strong></span> <span class='ocrx_word' id='word_1_179' title='bbox 2527 1561 2744 1615; x_wconf 85' lang='lat' dir='ltr'><strong>sperare</strong></span> <span class='ocrx_word' id='word_1_180' title='bbox 2790 1561 2855 1600; x_wconf 81' lang='lat' dir='ltr'><strong>ex</strong></span> <span class='ocrx_word' id='word_1_181' title='bbox 2904 1556 3084 1600; x_wconf 90' lang='lat' dir='ltr'><strong>nostra</strong></span> <span class='ocrx_word' id='word_1_182' title='bbox 3140 1545 3490 1615; x_wconf 85' lang='lat' dir='ltr'><strong>indulgentia,</strong></span> 
     </span>
    </p>
   </div>
   <div class='ocr_carea' id='block_1_31' title="bbox 1917 1635 3498 1706">
    <p class='ocr_par' dir='ltr' id='par_1_31' title="bbox 1917 1635 3498 1706">
     <span class='ocr_line' id='line_1_31' title="bbox 1917 1635 3498 1706; baseline 0 -16"><span class='ocrx_word' id='word_1_183' title='bbox 1917 1653 2012 1704; x_wconf 92' lang='lat' dir='ltr'><strong>pro</strong></span> <span class='ocrx_word' id='word_1_184' title='bbox 2045 1638 2214 1691; x_wconf 83' lang='lat' dir='ltr'><strong>futura</strong></span> <span class='ocrx_word' id='word_1_185' title='bbox 2258 1637 2428 1692; x_wconf 84' lang='lat' dir='ltr'><strong>salute</strong></span> <span class='ocrx_word' id='word_1_186' title='bbox 2473 1638 2526 1690; x_wconf 91' lang='lat' dir='ltr'><strong>in</strong></span> <span class='ocrx_word' id='word_1_187' title='bbox 2569 1637 2920 1690; x_wconf 88' lang='lat' dir='ltr'><strong>luminaribus</strong></span> <span class='ocrx_word' id='word_1_188' title='bbox 2949 1637 3123 1706; x_wconf 85' lang='lat' dir='ltr'><strong>ipsius</strong></span> <span class='ocrx_word' id='word_1_189' title='bbox 3152 1635 3498 1704; x_wconf 86' lang='lat' dir='ltr'><strong>snprascripti</strong></span> 
     </span>
    </p>
   </div>
   <div class='ocr_carea' id='block_1_32' title="bbox 1916 1725 3499 1796">
    <p class='ocr_par' dir='ltr' id='par_1_32' title="bbox 1916 1725 3499 1796">
     <span class='ocr_line' id='line_1_32' title="bbox 1916 1725 3499 1796; baseline -0.002 -16"><span class='ocrx_word' id='word_1_190' title='bbox 1916 1728 2223 1781; x_wconf 85' lang='lat' dir='ltr'><strong>monasterii</strong></span> <span class='ocrx_word' id='word_1_191' title='bbox 2270 1741 2364 1795; x_wconf 90' lang='lat' dir='ltr'><strong>per</strong></span> <span class='ocrx_word' id='word_1_192' title='bbox 2407 1741 2597 1780; x_wconf 85' lang='lat' dir='ltr'><strong>manus</strong></span> <span class='ocrx_word' id='word_1_193' title='bbox 2647 1726 2918 1796; x_wconf 80' lang='lat' dir='ltr'><strong>agentium</strong></span> <span class='ocrx_word' id='word_1_194' title='bbox 2950 1740 3139 1780; x_wconf 89' lang='lat' dir='ltr'><strong>eorum</strong></span> <span class='ocrx_word' id='word_1_195' title='bbox 3171 1725 3416 1788; x_wconf 87' lang='lat' dir='ltr'><strong>proﬁciat</strong></span> <span class='ocrx_word' id='word_1_196' title='bbox 3447 1726 3499 1778; x_wconf 91' lang='lat' dir='ltr'><strong>in</strong></span> 
     </span>
    </p>
   </div>
   <div class='ocr_carea' id='block_1_33' title="bbox 234 1777 3500 1884">
    <p class='ocr_par' dir='ltr' id='par_1_33' title="bbox 234 1777 3500 1884">
     <span class='ocr_line' id='line_1_33' title="bbox 234 1777 3500 1884; baseline -0.005 0"><span class='ocrx_word' id='word_1_197' title='bbox 234 1785 334 1884; x_wconf 58' lang='lat' dir='ltr'><strong>re</strong></span> <span class='ocrx_word' id='word_1_198' title='bbox 359 1783 606 1884; x_wconf 63' lang='grc' dir='ltr'><strong>σοπηίηιξε</strong></span> <span class='ocrx_word' id='word_1_199' title='bbox 627 1781 924 1884; x_wconf 50' lang='lat' dir='ltr'><strong>saeviet</strong></span> <span class='ocrx_word' id='word_1_200' title='bbox 1176 1777 1392 1884; x_wconf 65' lang='grc' dir='ltr'><strong>νίνίηξιε</strong></span> <span class='ocrx_word' id='word_1_201' title='bbox 1423 1777 1686 1884; x_wconf 61' lang='lat' dir='ltr'><strong>condam</strong></span> <span class='ocrx_word' id='word_1_202' title='bbox 1719 1791 1814 1884; x_wconf 60' lang='lat' dir='ltr'><strong>rex,</strong></span> <span class='ocrx_word' id='word_1_203' title='bbox 1847 1801 1890 1860; x_wconf 74' lang='grc' dir='ltr'><strong>ιι</strong></span> <span class='ocrx_word' id='word_1_204' title='bbox 1917 1777 2354 1884; x_wconf 43' lang='lat' dir='ltr'><strong>armis};</strong></span> <span class='ocrx_word' id='word_1_205' title='bbox 2383 1777 3138 1883; x_wconf 64' lang='lat' dir='ltr'><strong>.1...‘t;...;..‘.‘..&#39;.;.&#39;....</strong></span> <span class='ocrx_word' id='word_1_206' title='bbox 3172 1777 3407 1876; x_wconf 47' lang='lat'><strong>5...“,</strong></span> <span class='ocrx_word' id='word_1_207' title='bbox 3439 1777 3500 1868; x_wconf 58' lang='grc' dir='ltr'><strong>εί</strong></span> 
     </span>
    </p>
   </div>
   <div class='ocr_carea' id='block_1_34' title="bbox 233 1866 1814 1936">
    <p class='ocr_par' dir='ltr' id='par_1_34' title="bbox 233 1866 1814 1936">
     <span class='ocr_line' id='line_1_34' title="bbox 233 1866 1814 1936; baseline -0.007 -6"><span class='ocrx_word' id='word_1_208' title='bbox 233 1877 294 1931; x_wconf 86' lang='lat' dir='ltr'><strong>in</strong></span> <span class='ocrx_word' id='word_1_209' title='bbox 318 1876 518 1929; x_wconf 86' lang='lat' dir='ltr'><strong>honore</strong></span> <span class='ocrx_word' id='word_1_210' title='bbox 543 1874 599 1927; x_wconf 90' lang='lat' dir='ltr'><strong>S.</strong></span> <span class='ocrx_word' id='word_1_211' title='bbox 626 1873 915 1928; x_wconf 88' lang='lat' dir='ltr'><strong>Salvatoris</strong></span> <span class='ocrx_word' id='word_1_212' title='bbox 944 1886 973 1925; x_wconf 89' lang='lat' dir='ltr'><strong>a</strong></span> <span class='ocrx_word' id='word_1_213' title='bbox 1005 1885 1144 1924; x_wconf 91' lang='lat' dir='ltr'><strong>novo</strong></span> <span class='ocrx_word' id='word_1_214' title='bbox 1189 1869 1486 1924; x_wconf 78' lang='lat' dir='ltr'><strong>construxit</strong></span> <span class='ocrx_word' id='word_1_215' title='bbox 1514 1884 1694 1936; x_wconf 90' lang='lat' dir='ltr'><strong>opere,</strong></span> <span class='ocrx_word' id='word_1_216' title='bbox 1725 1866 1814 1920; x_wconf 91' lang='lat' dir='ltr'><strong>ubi</strong></span> 
     </span>
    </p>
   </div>
   <div class='ocr_carea' id='block_1_35' title="bbox 239 1956 1817 2028">
    <p class='ocr_par' dir='ltr' id='par_1_35' title="bbox 239 1956 1817 2028">
     <span class='ocr_line' id='line_1_35' title="bbox 239 1956 1817 2028; baseline -0.006 -9"><span class='ocrx_word' id='word_1_217' title='bbox 239 1967 507 2019; x_wconf 82' lang='lat' dir='ltr'><strong>Assuerus</strong></span> <span class='ocrx_word' id='word_1_218' title='bbox 536 1963 671 2016; x_wconf 87' lang='lat' dir='ltr'><strong>abba</strong></span> <span class='ocrx_word' id='word_1_219' title='bbox 708 1974 938 2028; x_wconf 67' lang='lat' dir='ltr'><strong>prmesse</strong></span> <span class='ocrx_word' id='word_1_220' title='bbox 963 1960 1192 2023; x_wconf 89' lang='lat' dir='ltr'><strong>videtur,</strong></span> <span class='ocrx_word' id='word_1_221' title='bbox 1228 1957 1332 2012; x_wconf 88' lang='lat' dir='ltr'><strong>tale</strong></span> <span class='ocrx_word' id='word_1_222' title='bbox 1376 1956 1687 2011; x_wconf 88' lang='lat' dir='ltr'><strong>beneficium</strong></span> <span class='ocrx_word' id='word_1_223' title='bbox 1722 1970 1817 2022; x_wconf 88' lang='lat' dir='ltr'><strong>pro</strong></span> 
     </span>
    </p>
   </div>
   <div class='ocr_carea' id='block_1_36' title="bbox 237 2046 1812 2114">
    <p class='ocr_par' dir='ltr' id='par_1_36' title="bbox 237 2046 1812 2114">
     <span class='ocr_line' id='line_1_36' title="bbox 237 2046 1812 2114; baseline -0.005 -6"><span class='ocrx_word' id='word_1_224' title='bbox 237 2065 442 2108; x_wconf 66' lang='lat' dir='ltr'><strong>aeterna</strong></span> <span class='ocrx_word' id='word_1_225' title='bbox 479 2051 906 2107; x_wconf 87' lang='lat' dir='ltr'><strong>remuneratione</strong></span> <span class='ocrx_word' id='word_1_226' title='bbox 929 2049 1026 2104; x_wconf 85' lang='lat' dir='ltr'><strong>visi</strong></span> <span class='ocrx_word' id='word_1_227' title='bbox 1059 2048 1257 2103; x_wconf 87' lang='lat' dir='ltr'><strong>fuimus</strong></span> <span class='ocrx_word' id='word_1_228' title='bbox 1285 2047 1476 2102; x_wconf 87' lang='lat' dir='ltr'><strong>ibidem</strong></span> <span class='ocrx_word' id='word_1_229' title='bbox 1508 2046 1812 2114; x_wconf 86' lang='lat' dir='ltr'><strong>indulsisse,</strong></span> 
     </span>
    </p>
   </div>
   <div class='ocr_carea' id='block_1_37' title="bbox 235 2139 1817 2212">
    <p class='ocr_par' dir='ltr' id='par_1_37' title="bbox 235 2139 1817 2212">
     <span class='ocr_line' id='line_1_37' title="bbox 235 2139 1817 2212; baseline -0.006 -12"><span class='ocrx_word' id='word_1_230' title='bbox 235 2155 297 2200; x_wconf 89' lang='lat' dir='ltr'><strong>et</strong></span> <span class='ocrx_word' id='word_1_231' title='bbox 326 2145 478 2199; x_wconf 84' lang='lat' dir='ltr'><strong>vittas</strong></span> <span class='ocrx_word' id='word_1_232' title='bbox 525 2142 692 2212; x_wconf 89' lang='lat' dir='ltr'><strong>ipsius</strong></span> <span class='ocrx_word' id='word_1_233' title='bbox 722 2142 892 2194; x_wconf 89' lang='lat' dir='ltr'><strong>sancti</strong></span> <span class='ocrx_word' id='word_1_234' title='bbox 925 2141 1048 2205; x_wconf 89' lang='lat' dir='ltr'><strong>loci,</strong></span> <span class='ocrx_word' id='word_1_235' title='bbox 1079 2153 1213 2206; x_wconf 84' lang='lat' dir='ltr'><strong>quas</strong></span> <span class='ocrx_word' id='word_1_236' title='bbox 1261 2139 1514 2192; x_wconf 89' lang='lat' dir='ltr'><strong>moderno</strong></span> <span class='ocrx_word' id='word_1_237' title='bbox 1547 2147 1817 2203; x_wconf 87' lang='lat' dir='ltr'><strong>tempore,</strong></span> 
     </span>
    </p>
   </div>
   <div class='ocr_carea' id='block_1_38' title="bbox 237 2226 1818 2298">
    <p class='ocr_par' dir='ltr' id='par_1_38' title="bbox 237 2226 1818 2298">
     <span class='ocr_line' id='line_1_38' title="bbox 237 2226 1818 2298; baseline -0.007 -8"><span class='ocrx_word' id='word_1_238' title='bbox 237 2245 336 2290; x_wconf 83' lang='lat' dir='ltr'><strong>aut</strong></span> <span class='ocrx_word' id='word_1_239' title='bbox 360 2243 567 2295; x_wconf 78' lang='lat' dir='ltr'><strong>nostro,</strong></span> <span class='ocrx_word' id='word_1_240' title='bbox 595 2241 686 2285; x_wconf 89' lang='lat' dir='ltr'><strong>aut</strong></span> <span class='ocrx_word' id='word_1_241' title='bbox 708 2231 995 2298; x_wconf 85' lang='lat' dir='ltr'><strong>cujuslibet</strong></span> <span class='ocrx_word' id='word_1_242' title='bbox 1017 2244 1238 2284; x_wconf 89' lang='lat' dir='ltr'><strong>munere</strong></span> <span class='ocrx_word' id='word_1_243' title='bbox 1262 2229 1458 2282; x_wconf 87' lang='lat' dir='ltr'><strong>habere</strong></span> <span class='ocrx_word' id='word_1_244' title='bbox 1483 2226 1710 2289; x_wconf 91' lang='lat' dir='ltr'><strong>videtur,</strong></span> <span class='ocrx_word' id='word_1_245' title='bbox 1736 2226 1818 2280; x_wconf 86' lang='lat' dir='ltr'><strong>vel</strong></span> 
     </span>
    </p>
   </div>
   <div class='ocr_carea' id='block_1_39' title="bbox 237 2317 1822 2394">
    <p class='ocr_par' dir='ltr' id='par_1_39' title="bbox 237 2317 1822 2394">
     <span class='ocr_line' id='line_1_39' title="bbox 237 2317 1822 2394; baseline -0.007 -14"><span class='ocrx_word' id='word_1_246' title='bbox 237 2341 377 2394; x_wconf 84' lang='lat' dir='ltr'><strong>quas</strong></span> <span class='ocrx_word' id='word_1_247' title='bbox 429 2326 679 2392; x_wconf 88' lang='lat' dir='ltr'><strong>deinceps</strong></span> <span class='ocrx_word' id='word_1_248' title='bbox 737 2324 787 2375; x_wconf 87' lang='lat' dir='ltr'><strong>in</strong></span> <span class='ocrx_word' id='word_1_249' title='bbox 833 2321 954 2391; x_wconf 87' lang='lat' dir='ltr'><strong>iure</strong></span> <span class='ocrx_word' id='word_1_250' title='bbox 999 2319 1164 2388; x_wconf 89' lang='lat' dir='ltr'><strong>ipsius</strong></span> <span class='ocrx_word' id='word_1_251' title='bbox 1211 2317 1553 2380; x_wconf 82' lang='lat' dir='ltr'><strong>monasterii,</strong></span> <span class='ocrx_word' id='word_1_252' title='bbox 1603 2317 1822 2384; x_wconf 82' lang='lat' dir='ltr'><strong>ejusque</strong></span> 
     </span>
    </p>
   </div>
   <div class='ocr_carea' id='block_1_40' title="bbox 241 2405 1821 2479">
    <p class='ocr_par' dir='ltr' id='par_1_40' title="bbox 241 2405 1821 2479">
     <span class='ocr_line' id='line_1_40' title="bbox 241 2405 1821 2479; baseline -0.009 -5"><span class='ocrx_word' id='word_1_253' title='bbox 241 2417 545 2474; x_wconf 72' lang='lat' dir='ltr'><strong>rectoribus</strong></span> <span class='ocrx_word' id='word_1_254' title='bbox 591 2413 821 2468; x_wconf 91' lang='lat' dir='ltr'><strong>voluerit</strong></span> <span class='ocrx_word' id='word_1_255' title='bbox 863 2411 986 2466; x_wconf 78' lang='lat' dir='ltr'><strong>diva</strong></span> <span class='ocrx_word' id='word_1_256' title='bbox 1031 2411 1197 2479; x_wconf 89' lang='lat' dir='ltr'><strong>pietas</strong></span> <span class='ocrx_word' id='word_1_257' title='bbox 1242 2407 1599 2476; x_wconf 86' lang='lat' dir='ltr'><strong>ampliﬁcare,</strong></span> <span class='ocrx_word' id='word_1_258' title='bbox 1651 2405 1821 2459; x_wconf 88' lang='lat' dir='ltr'><strong>nullus</strong></span> 
     </span>
    </p>
   </div>
   <div class='ocr_carea' id='block_1_41' title="bbox 244 2495 1820 2580">
    <p class='ocr_par' dir='ltr' id='par_1_41' title="bbox 244 2495 1820 2580">
     <span class='ocr_line' id='line_1_41' title="bbox 244 2495 1820 2580; baseline -0.011 -16"><span class='ocrx_word' id='word_1_259' title='bbox 244 2511 415 2580; x_wconf 76' lang='lat' dir='ltr'><strong>iudex</strong></span> <span class='ocrx_word' id='word_1_260' title='bbox 447 2507 683 2572; x_wconf 85' lang='lat' dir='ltr'><strong>publicus</strong></span> <span class='ocrx_word' id='word_1_261' title='bbox 711 2505 908 2572; x_wconf 88' lang='lat' dir='ltr'><strong>absque</strong></span> <span class='ocrx_word' id='word_1_262' title='bbox 935 2501 1173 2572; x_wconf 90' lang='lat' dir='ltr'><strong>iussione</strong></span> <span class='ocrx_word' id='word_1_263' title='bbox 1205 2509 1404 2563; x_wconf 88' lang='lat' dir='ltr'><strong>nostra,</strong></span> <span class='ocrx_word' id='word_1_264' title='bbox 1437 2498 1518 2552; x_wconf 85' lang='lat' dir='ltr'><strong>vel</strong></span> <span class='ocrx_word' id='word_1_265' title='bbox 1551 2495 1820 2551; x_wconf 67' lang='lat' dir='ltr'><strong>Itmredum</strong></span> 
     </span>
    </p>
   </div>
   <div class='ocr_carea' id='block_1_42' title="bbox 248 2588 1826 2659">
    <p class='ocr_par' dir='ltr' id='par_1_42' title="bbox 248 2588 1826 2659">
     <span class='ocr_line' id='line_1_42' title="bbox 248 2588 1826 2659; baseline -0.01 -4"><span class='ocrx_word' id='word_1_266' title='bbox 248 2611 560 2658; x_wconf 84' lang='lat' dir='ltr'><strong>nostrorum</strong></span> <span class='ocrx_word' id='word_1_267' title='bbox 590 2598 656 2651; x_wconf 87' lang='lat' dir='ltr'><strong>ad</strong></span> <span class='ocrx_word' id='word_1_268' title='bbox 703 2611 891 2650; x_wconf 83' lang='lat' dir='ltr'><strong>causas</strong></span> <span class='ocrx_word' id='word_1_269' title='bbox 920 2593 1205 2659; x_wconf 89' lang='lat' dir='ltr'><strong>audiendo,</strong></span> <span class='ocrx_word' id='word_1_270' title='bbox 1239 2603 1329 2646; x_wconf 87' lang='lat' dir='ltr'><strong>aut</strong></span> <span class='ocrx_word' id='word_1_271' title='bbox 1360 2601 1385 2626; x_wconf 77' lang='grc' dir='ltr'><strong>ι</strong></span> <span class='ocrx_word' id='word_1_272' title='bbox 1420 2589 1562 2643; x_wconf 87' lang='lat' dir='ltr'><strong>freda</strong></span> <span class='ocrx_word' id='word_1_273' title='bbox 1595 2588 1826 2654; x_wconf 84' lang='lat' dir='ltr'><strong>undique</strong></span> 
     </span>
    </p>
   </div>
   <div class='ocr_carea' id='block_1_43' title="bbox 242 2683 1823 2762">
    <p class='ocr_par' dir='ltr' id='par_1_43' title="bbox 242 2683 1823 2762">
     <span class='ocr_line' id='line_1_43' title="bbox 242 2683 1823 2762; baseline -0.011 -17"><span class='ocrx_word' id='word_1_274' title='bbox 242 2689 542 2762; x_wconf 75' lang='lat' dir='ltr'><strong>exigendo,</strong></span> <span class='ocrx_word' id='word_1_275' title='bbox 577 2702 674 2741; x_wconf 89' lang='lat' dir='ltr'><strong>nec</strong></span> <span class='ocrx_word' id='word_1_276' title='bbox 711 2685 740 2725; x_wconf 74' lang='grc' dir='ltr'><strong>ιι</strong></span> <span class='ocrx_word' id='word_1_277' title='bbox 781 2686 1120 2753; x_wconf 86' lang='lat' dir='ltr'><strong>fideiussores</strong></span> <span class='ocrx_word' id='word_1_278' title='bbox 1151 2683 1401 2746; x_wconf 89' lang='lat' dir='ltr'><strong>tollendo,</strong></span> <span class='ocrx_word' id='word_1_279' title='bbox 1431 2695 1529 2733; x_wconf 88' lang='lat' dir='ltr'><strong>nec</strong></span> <span class='ocrx_word' id='word_1_280' title='bbox 1569 2690 1591 2714; x_wconf 71' lang='grc' dir='ltr'>π</span> <span class='ocrx_word' id='word_1_281' title='bbox 1623 2691 1823 2742; x_wconf 83' lang='lat' dir='ltr'><strong>scarus,</strong></span> 
     </span>
    </p>
   </div>
   <div class='ocr_carea' id='block_1_44' title="bbox 238 2768 1826 2841">
    <p class='ocr_par' dir='ltr' id='par_1_44' title="bbox 238 2768 1826 2841">
     <span class='ocr_line' id='line_1_44' title="bbox 238 2768 1826 2841; baseline -0.011 -5"><span class='ocrx_word' id='word_1_282' title='bbox 238 2787 329 2836; x_wconf 87' lang='lat' dir='ltr'><strong>vel</strong></span> <span class='ocrx_word' id='word_1_283' title='bbox 360 2779 386 2817; x_wconf 72' lang='grc'><strong><em>⁸</em></strong></span> <span class='ocrx_word' id='word_1_284' title='bbox 415 2777 846 2839; x_wconf 88' lang='lat' dir='ltr'><strong>mansionaticos,</strong></span> <span class='ocrx_word' id='word_1_285' title='bbox 878 2790 969 2829; x_wconf 87' lang='lat' dir='ltr'><strong>seu</strong></span> <span class='ocrx_word' id='word_1_286' title='bbox 1000 2785 1023 2811; x_wconf 78' lang='grc' dir='ltr'><strong>ο</strong></span> <span class='ocrx_word' id='word_1_287' title='bbox 1051 2773 1345 2841; x_wconf 90' lang='lat' dir='ltr'><strong>coniectos,</strong></span> <span class='ocrx_word' id='word_1_288' title='bbox 1390 2783 1494 2823; x_wconf 89' lang='lat' dir='ltr'><strong>tam</strong></span> <span class='ocrx_word' id='word_1_289' title='bbox 1539 2768 1558 2808; x_wconf 72' lang='grc' dir='ltr'><em>τ</em></span> <span class='ocrx_word' id='word_1_290' title='bbox 1598 2771 1664 2824; x_wconf 91' lang='lat' dir='ltr'><strong>de</strong></span> <span class='ocrx_word' id='word_1_291' title='bbox 1706 2783 1826 2820; x_wconf 89' lang='lat' dir='ltr'><strong>car-</strong></span> 
     </span>
    </p>
   </div>
   <div class='ocr_carea' id='block_1_45' title="bbox 241 2862 1819 2945">
    <p class='ocr_par' dir='ltr' id='par_1_45' title="bbox 241 2862 1819 2945">
     <span class='ocr_line' id='line_1_45' title="bbox 241 2862 1819 2945; baseline -0.008 -18"><span class='ocrx_word' id='word_1_292' title='bbox 241 2874 405 2945; x_wconf 85' lang='lat' dir='ltr'><strong>rigio,</strong></span> <span class='ocrx_word' id='word_1_293' title='bbox 435 2885 699 2941; x_wconf 89' lang='lat' dir='ltr'><strong>quamque</strong></span> <span class='ocrx_word' id='word_1_294' title='bbox 723 2879 748 2916; x_wconf 77' lang='lat'><strong>8</strong></span> <span class='ocrx_word' id='word_1_295' title='bbox 790 2868 857 2922; x_wconf 89' lang='lat' dir='ltr'><strong>de</strong></span> <span class='ocrx_word' id='word_1_296' title='bbox 901 2865 1230 2936; x_wconf 84' lang='lat' dir='ltr'><strong>parafredos,</strong></span> <span class='ocrx_word' id='word_1_297' title='bbox 1276 2862 1553 2934; x_wconf 89' lang='lat' dir='ltr'><strong>iudiciaria</strong></span> <span class='ocrx_word' id='word_1_298' title='bbox 1587 2871 1819 2930; x_wconf 81' lang='lat' dir='ltr'><strong>potestas</strong></span> 
     </span>
    </p>
   </div>
   <div class='ocr_carea' id='block_1_46' title="bbox 241 2951 1830 3034">
    <p class='ocr_par' dir='ltr' id='par_1_46' title="bbox 241 2951 1830 3034">
     <span class='ocr_line' id='line_1_46' title="bbox 241 2951 1830 3034; baseline -0.008 -18"><span class='ocrx_word' id='word_1_299' title='bbox 241 2976 458 3034; x_wconf 81' lang='lat' dir='ltr'><strong>quoque</strong></span> <span class='ocrx_word' id='word_1_300' title='bbox 489 2972 727 3029; x_wconf 89' lang='lat' dir='ltr'><strong>tempore</strong></span> <span class='ocrx_word' id='word_1_301' title='bbox 769 2973 873 3012; x_wconf 90' lang='lat' dir='ltr'><strong>non</strong></span> <span class='ocrx_word' id='word_1_302' title='bbox 923 2964 1208 3026; x_wconf 62' lang='lat' dir='ltr'><strong>praesumat</strong></span> <span class='ocrx_word' id='word_1_303' title='bbox 1255 2953 1574 3023; x_wconf 85' lang='lat' dir='ltr'><strong>ingredere;</strong></span> <span class='ocrx_word' id='word_1_304' title='bbox 1603 2951 1696 3005; x_wconf 91' lang='lat' dir='ltr'><strong>sed</strong></span> <span class='ocrx_word' id='word_1_305' title='bbox 1730 2951 1830 3004; x_wconf 91' lang='lat' dir='ltr'><strong>hoc</strong></span> 
     </span>
    </p>
   </div>
   <div class='ocr_carea' id='block_1_47' title="bbox 253 3041 1827 3122">
    <p class='ocr_par' dir='ltr' id='par_1_47' title="bbox 253 3041 1827 3122">
     <span class='ocr_line' id='line_1_47' title="bbox 253 3041 1827 3122; baseline -0.01 -13"><span class='ocrx_word' id='word_1_306' title='bbox 253 3056 323 3109; x_wconf 86' lang='lat' dir='ltr'><strong>ad</strong></span> <span class='ocrx_word' id='word_1_307' title='bbox 347 3055 519 3122; x_wconf 88' lang='lat' dir='ltr'><strong>ipsum</strong></span> <span class='ocrx_word' id='word_1_308' title='bbox 547 3049 956 3109; x_wconf 81' lang='lat' dir='ltr'><strong>monasterium,</strong></span> <span class='ocrx_word' id='word_1_309' title='bbox 986 3047 1208 3114; x_wconf 86' lang='lat' dir='ltr'><strong>eiusque</strong></span> <span class='ocrx_word' id='word_1_310' title='bbox 1235 3043 1533 3098; x_wconf 86' lang='lat' dir='ltr'><strong>rectoribus</strong></span> <span class='ocrx_word' id='word_1_311' title='bbox 1559 3041 1827 3096; x_wconf 87' lang='lat' dir='ltr'><strong>concessi-</strong></span> 
     </span>
    </p>
   </div>
   <div class='ocr_carea' id='block_1_48' title="bbox 245 3131 1907 3211">
    <p class='ocr_par' dir='ltr' id='par_1_48' title="bbox 245 3131 1907 3211">
     <span class='ocr_line' id='line_1_48' title="bbox 245 3131 1907 3211; baseline -0.011 -11"><span class='ocrx_word' id='word_1_312' title='bbox 245 3159 390 3208; x_wconf 87' lang='lat' dir='ltr'><strong>mus,</strong></span> <span class='ocrx_word' id='word_1_313' title='bbox 433 3153 488 3195; x_wconf 91' lang='lat' dir='ltr'><strong>ut</strong></span> <span class='ocrx_word' id='word_1_314' title='bbox 517 3143 616 3195; x_wconf 91' lang='lat' dir='ltr'><strong>sub</strong></span> <span class='ocrx_word' id='word_1_315' title='bbox 639 3139 945 3192; x_wconf 88' lang='lat' dir='ltr'><strong>emnnitatis</strong></span> <span class='ocrx_word' id='word_1_316' title='bbox 983 3137 1218 3199; x_wconf 89' lang='lat' dir='ltr'><strong>nomine,</strong></span> <span class='ocrx_word' id='word_1_317' title='bbox 1260 3134 1342 3186; x_wconf 90' lang='lat' dir='ltr'><strong>vel</strong></span> <span class='ocrx_word' id='word_1_318' title='bbox 1399 3131 1709 3186; x_wconf 86' lang='lat' dir='ltr'><strong>defensione</strong></span> <span class='ocrx_word' id='word_1_319' title='bbox 1736 3143 1829 3183; x_wconf 90' lang='lat' dir='ltr'><strong>no-</strong></span> <span class='ocrx_word' id='word_1_320' title='bbox 1856 3147 1907 3211; x_wconf 71' lang='grc' dir='ltr'>α</span> 
     </span>
    </p>
   </div>
   <div class='ocr_carea' id='block_1_49' title="bbox 246 3219 1830 3299">
    <p class='ocr_par' dir='ltr' id='par_1_49' title="bbox 246 3219 1830 3299">
     <span class='ocr_line' id='line_1_49' title="bbox 246 3219 1830 3299; baseline -0.012 -8"><span class='ocrx_word' id='word_1_321' title='bbox 246 3243 387 3299; x_wconf 83' lang='lat' dir='ltr'><strong>stra,</strong></span> <span class='ocrx_word' id='word_1_322' title='bbox 433 3247 527 3285; x_wconf 83' lang='lat' dir='ltr'><strong>seu</strong></span> <span class='ocrx_word' id='word_1_323' title='bbox 573 3229 836 3284; x_wconf 75' lang='lat' dir='ltr'><strong>literedum</strong></span> <span class='ocrx_word' id='word_1_324' title='bbox 879 3233 1183 3280; x_wconf 85' lang='lat' dir='ltr'><strong>nostrorum</strong></span> <span class='ocrx_word' id='word_1_325' title='bbox 1216 3224 1445 3277; x_wconf 77' lang='lat' dir='ltr'><strong>debeant</strong></span> <span class='ocrx_word' id='word_1_326' title='bbox 1490 3221 1654 3288; x_wconf 91' lang='lat' dir='ltr'><strong>quieti</strong></span> <span class='ocrx_word' id='word_1_327' title='bbox 1694 3219 1830 3272; x_wconf 89' lang='lat' dir='ltr'><strong>resi-</strong></span> 
     </span>
    </p>
   </div>
   <div class='ocr_carea' id='block_1_50' title="bbox 249 3310 1828 3379">
    <p class='ocr_par' dir='ltr' id='par_1_50' title="bbox 249 3310 1828 3379">
     <span class='ocr_line' id='line_1_50' title="bbox 249 3310 1828 3379; baseline -0.011 0"><span class='ocrx_word' id='word_1_328' title='bbox 249 3326 405 3379; x_wconf 82' lang='lat' dir='ltr'><strong>dere.</strong></span> <span class='ocrx_word' id='word_1_329' title='bbox 460 3321 716 3376; x_wconf 86' lang='lat' dir='ltr'><strong>Similiter</strong></span> <span class='ocrx_word' id='word_1_330' title='bbox 761 3319 1124 3371; x_wconf 86' lang='lat' dir='ltr'><strong>concessimus</strong></span> <span class='ocrx_word' id='word_1_331' title='bbox 1177 3315 1240 3366; x_wconf 89' lang='lat' dir='ltr'><strong>ad</strong></span> <span class='ocrx_word' id='word_1_332' title='bbox 1283 3310 1528 3366; x_wconf 89' lang='lat' dir='ltr'><strong>eumdem</strong></span> <span class='ocrx_word' id='word_1_333' title='bbox 1587 3320 1828 3362; x_wconf 89' lang='lat' dir='ltr'><strong>sanctum</strong></span> 
     </span>
    </p>
   </div>
   <div class='ocr_carea' id='block_1_51' title="bbox 251 3405 1832 3484">
    <p class='ocr_par' dir='ltr' id='par_1_51' title="bbox 251 3405 1832 3484">
     <span class='ocr_line' id='line_1_51' title="bbox 251 3405 1832 3484; baseline -0.014 -6"><span class='ocrx_word' id='word_1_334' title='bbox 251 3423 456 3484; x_wconf 82' lang='lat' dir='ltr'><strong>locutu,</strong></span> <span class='ocrx_word' id='word_1_335' title='bbox 493 3427 548 3472; x_wconf 92' lang='lat' dir='ltr'><strong>ut</strong></span> <span class='ocrx_word' id='word_1_336' title='bbox 578 3416 839 3472; x_wconf 86' lang='lat' dir='ltr'><strong>homines.</strong></span> <span class='ocrx_word' id='word_1_337' title='bbox 878 3414 964 3482; x_wconf 87' lang='lat' dir='ltr'><strong>qui</strong></span> <span class='ocrx_word' id='word_1_338' title='bbox 1011 3426 1168 3478; x_wconf 88' lang='lat' dir='ltr'><strong>super</strong></span> <span class='ocrx_word' id='word_1_339' title='bbox 1201 3419 1390 3462; x_wconf 89' lang='lat' dir='ltr'><strong>terram</strong></span> <span class='ocrx_word' id='word_1_340' title='bbox 1437 3405 1602 3473; x_wconf 83' lang='lat' dir='ltr'><strong>ipsius</strong></span> <span class='ocrx_word' id='word_1_341' title='bbox 1650 3419 1832 3457; x_wconf 83' lang='lat' dir='ltr'><strong>mona-</strong></span> 
     </span>
    </p>
   </div>
   <div class='ocr_carea' id='block_1_52' title="bbox 251 3495 1830 3573">
    <p class='ocr_par' dir='ltr' id='par_1_52' title="bbox 251 3495 1830 3573">
     <span class='ocr_line' id='line_1_52' title="bbox 251 3495 1830 3573; baseline -0.01 -9"><span class='ocrx_word' id='word_1_342' title='bbox 251 3509 403 3565; x_wconf 86' lang='lat' dir='ltr'><strong>sterii</strong></span> <span class='ocrx_word' id='word_1_343' title='bbox 425 3519 550 3573; x_wconf 90' lang='lat' dir='ltr'><strong>tam,</strong></span> <span class='ocrx_word' id='word_1_344' title='bbox 577 3503 604 3541; x_wconf 64' lang='grc' dir='ltr'>δ</span> <span class='ocrx_word' id='word_1_345' title='bbox 625 3501 832 3566; x_wconf 80' lang='lat' dir='ltr'><strong>Franci,</strong></span> <span class='ocrx_word' id='word_1_346' title='bbox 851 3516 1004 3566; x_wconf 71' lang='lat' dir='ltr'><strong>quam</strong></span> <span class='ocrx_word' id='word_1_347' title='bbox 1033 3509 1086 3553; x_wconf 86' lang='lat' dir='ltr'><strong>et</strong></span> <span class='ocrx_word' id='word_1_348' title='bbox 1105 3495 1474 3560; x_wconf 86' lang='lat' dir='ltr'><strong>ecclesiastici,</strong></span> <span class='ocrx_word' id='word_1_349' title='bbox 1491 3508 1830 3549; x_wconf 89' lang='lat' dir='ltr'><strong>commanere</strong></span> 
     </span>
    </p>
   </div>
   <div class='ocr_carea' id='block_1_53' title="bbox 255 3585 1831 3661">
    <p class='ocr_par' dir='ltr' id='par_1_53' title="bbox 255 3585 1831 3661">
     <span class='ocr_line' id='line_1_53' title="bbox 255 3585 1831 3661; baseline -0.011 -9"><span class='ocrx_word' id='word_1_350' title='bbox 255 3601 562 3661; x_wconf 88' lang='lat' dir='ltr'><strong>videantur,</strong></span> <span class='ocrx_word' id='word_1_351' title='bbox 617 3605 673 3648; x_wconf 93' lang='lat' dir='ltr'><strong>nt</strong></span> <span class='ocrx_word' id='word_1_352' title='bbox 725 3594 922 3646; x_wconf 90' lang='lat' dir='ltr'><strong>nullum</strong></span> <span class='ocrx_word' id='word_1_353' title='bbox 974 3590 989 3628; x_wconf 79' lang='grc' dir='ltr'><strong>ί</strong></span> <span class='ocrx_word' id='word_1_354' title='bbox 1042 3589 1414 3648; x_wconf 84' lang='lat' dir='ltr'><strong>lieribannum,</strong></span> <span class='ocrx_word' id='word_1_355' title='bbox 1469 3585 1552 3638; x_wconf 91' lang='lat' dir='ltr'><strong>vel</strong></span> <span class='ocrx_word' id='word_1_356' title='bbox 1599 3585 1831 3637; x_wconf 89' lang='lat' dir='ltr'><strong>bannum</strong></span> 
     </span>
    </p>
   </div>
   <div class='ocr_carea' id='block_1_54' title="bbox 254 3677 1834 3746">
    <p class='ocr_par' dir='ltr' id='par_1_54' title="bbox 254 3677 1834 3746">
     <span class='ocr_line' id='line_1_54' title="bbox 254 3677 1834 3746; baseline -0.013 0"><span class='ocrx_word' id='word_1_357' title='bbox 254 3691 469 3746; x_wconf 71' lang='lat' dir='ltr'><strong>Solvere</strong></span> <span class='ocrx_word' id='word_1_358' title='bbox 498 3701 601 3740; x_wconf 84' lang='lat' dir='ltr'><strong>non</strong></span> <span class='ocrx_word' id='word_1_359' title='bbox 641 3685 867 3738; x_wconf 86' lang='lat' dir='ltr'><strong>debeant</strong></span> <span class='ocrx_word' id='word_1_360' title='bbox 898 3700 909 3733; x_wconf 87' lang='lat'>:</span> <span class='ocrx_word' id='word_1_361' title='bbox 943 3680 1037 3734; x_wconf 83' lang='lat' dir='ltr'><strong>sed</strong></span> <span class='ocrx_word' id='word_1_362' title='bbox 1070 3693 1162 3744; x_wconf 88' lang='lat' dir='ltr'><strong>pro</strong></span> <span class='ocrx_word' id='word_1_363' title='bbox 1195 3677 1452 3731; x_wconf 90' lang='lat' dir='ltr'><strong>mercedis</strong></span> <span class='ocrx_word' id='word_1_364' title='bbox 1484 3685 1677 3729; x_wconf 69' lang='lat' dir='ltr'><strong>nostra:</strong></span> <span class='ocrx_word' id='word_1_365' title='bbox 1707 3688 1834 3744; x_wconf 87' lang='lat' dir='ltr'><strong>aug-</strong></span> 
     </span>
    </p>
   </div>
   <div class='ocr_carea' id='block_1_55' title="bbox 256 3769 1825 3845">
    <p class='ocr_par' dir='ltr' id='par_1_55' title="bbox 256 3769 1825 3845">
     <span class='ocr_line' id='line_1_55' title="bbox 256 3769 1825 3845; baseline -0.012 -8"><span class='ocrx_word' id='word_1_366' title='bbox 256 3793 440 3837; x_wconf 86' lang='lat' dir='ltr'><strong>mento</strong></span> <span class='ocrx_word' id='word_1_367' title='bbox 464 3777 530 3832; x_wconf 88' lang='lat' dir='ltr'><strong>ad</strong></span> <span class='ocrx_word' id='word_1_368' title='bbox 553 3778 722 3845; x_wconf 87' lang='lat' dir='ltr'><strong>ipsum</strong></span> <span class='ocrx_word' id='word_1_369' title='bbox 748 3781 987 3827; x_wconf 88' lang='lat' dir='ltr'><strong>sanctum</strong></span> <span class='ocrx_word' id='word_1_370' title='bbox 1011 3769 1184 3823; x_wconf 87' lang='lat' dir='ltr'><strong>locum</strong></span> <span class='ocrx_word' id='word_1_371' title='bbox 1210 3769 1276 3822; x_wconf 87' lang='lat' dir='ltr'><strong>sit</strong></span> <span class='ocrx_word' id='word_1_372' title='bbox 1304 3778 1640 3829; x_wconf 87' lang='lat' dir='ltr'><strong>concessum,</strong></span> <span class='ocrx_word' id='word_1_373' title='bbox 1666 3774 1825 3832; x_wconf 86' lang='lat' dir='ltr'><strong>atque</strong></span> 
     </span>
    </p>
   </div>
   <div class='ocr_carea' id='block_1_56' title="bbox 329 3919 1832 3996">
    <p class='ocr_par' dir='ltr' id='par_1_56' title="bbox 329 3919 1832 3996">
     <span class='ocr_line' id='line_1_56' title="bbox 329 3919 1832 3996; baseline -0.009 -13"><span class='ocrx_word' id='word_1_374' title='bbox 329 3939 356 3968; x_wconf 72' lang='grc'><em>³</em></span> <span class='ocrx_word' id='word_1_375' title='bbox 385 3927 430 3982; x_wconf 68' lang='grc' dir='ltr'><strong>ιν·</strong></span> <span class='ocrx_word' id='word_1_376' title='bbox 434 3928 556 3982; x_wconf 81' lang='lat' dir='ltr'><strong>reda</strong></span> <span class='ocrx_word' id='word_1_377' title='bbox 581 3927 823 3996; x_wconf 71' lang='lat' dir='ltr'><strong>undique</strong></span> <span class='ocrx_word' id='word_1_378' title='bbox 846 3922 1112 3996; x_wconf 77' lang='lat' dir='ltr'><strong>exigendo.</strong></span> <span class='ocrx_word' id='word_1_379' title='bbox 1156 3920 1325 3976; x_wconf 77' lang='lat' dir='ltr'><strong>Freda</strong></span> <span class='ocrx_word' id='word_1_380' title='bbox 1368 3919 1576 3996; x_wconf 56' lang='lat' dir='ltr'><strong>mulctra</strong></span> <span class='ocrx_word' id='word_1_381' title='bbox 1605 3919 1832 3983; x_wconf 87' lang='lat' dir='ltr'><strong>species,</strong></span> 
     </span>
    </p>
   </div>
   <div class='ocr_carea' id='block_1_57' title="bbox 262 3989 1836 4058">
    <p class='ocr_par' dir='ltr' id='par_1_57' title="bbox 262 3989 1836 4058">
     <span class='ocr_line' id='line_1_57' title="bbox 262 3989 1836 4058; baseline -0.01 -2"><span class='ocrx_word' id='word_1_382' title='bbox 262 4017 360 4056; x_wconf 81' lang='lat' dir='ltr'><strong>seu</strong></span> <span class='ocrx_word' id='word_1_383' title='bbox 401 3999 551 4053; x_wconf 85' lang='lat' dir='ltr'><strong>tertia</strong></span> <span class='ocrx_word' id='word_1_384' title='bbox 588 3989 734 4056; x_wconf 47' lang='lat' dir='ltr'><strong>com:</strong></span> <span class='ocrx_word' id='word_1_385' title='bbox 749 3993 990 4047; x_wconf 85' lang='lat' dir='ltr'><strong>nsitionis</strong></span> <span class='ocrx_word' id='word_1_386' title='bbox 1020 4005 1139 4057; x_wconf 86' lang='lat' dir='ltr'><strong>pars</strong></span> <span class='ocrx_word' id='word_1_387' title='bbox 1158 4033 1172 4054; x_wconf 97' lang='lat'><strong>,</strong></span> <span class='ocrx_word' id='word_1_388' title='bbox 1203 4005 1319 4058; x_wconf 67' lang='lat' dir='ltr'><strong>quae</strong></span> <span class='ocrx_word' id='word_1_389' title='bbox 1366 3991 1495 4041; x_wconf 81' lang='lat' dir='ltr'><strong>fisco</strong></span> <span class='ocrx_word' id='word_1_390' title='bbox 1527 3989 1836 4058; x_wconf 79' lang='lat' dir='ltr'><strong>plerumque</strong></span> 
     </span>
    </p>
   </div>
   <div class='ocr_carea' id='block_1_58' title="bbox 259 4056 1834 4129">
    <p class='ocr_par' dir='ltr' id='par_1_58' title="bbox 259 4056 1834 4129">
     <span class='ocr_line' id='line_1_58' title="bbox 259 4056 1834 4129; baseline -0.011 -3"><span class='ocrx_word' id='word_1_391' title='bbox 259 4069 674 4128; x_wconf 76' lang='lat' dir='ltr'><strong>exsolvehatur,</strong></span> <span class='ocrx_word' id='word_1_392' title='bbox 715 4056 1030 4129; x_wconf 84' lang='lat' dir='ltr'><strong>quandoque</strong></span> <span class='ocrx_word' id='word_1_393' title='bbox 1076 4056 1234 4114; x_wconf 85' lang='lat' dir='ltr'><strong>etiam</strong></span> <span class='ocrx_word' id='word_1_394' title='bbox 1274 4056 1834 4129; x_wconf 79' lang='lat' dir='ltr'><strong>ittdtcibtts._OcCttr_rit</strong></span> 
     </span>
    </p>
   </div>
   <div class='ocr_carea' id='block_1_59' title="bbox 260 4126 1832 4206">
    <p class='ocr_par' dir='ltr' id='par_1_59' title="bbox 260 4126 1832 4206">
     <span class='ocr_line' id='line_1_59' title="bbox 260 4126 1832 4206; baseline -0.011 -12"><span class='ocrx_word' id='word_1_395' title='bbox 260 4156 326 4194; x_wconf 85' lang='lat' dir='ltr'><strong>ea</strong></span> <span class='ocrx_word' id='word_1_396' title='bbox 359 4138 554 4206; x_wconf 86' lang='lat' dir='ltr'><strong>passim</strong></span> <span class='ocrx_word' id='word_1_397' title='bbox 581 4137 636 4206; x_wconf 87' lang='lat' dir='ltr'><strong>in</strong></span> <span class='ocrx_word' id='word_1_398' title='bbox 665 4126 1167 4206; x_wconf 31' lang='lat' dir='ltr'><strong>veterihuslcltartis</strong></span> <span class='ocrx_word' id='word_1_399' title='bbox 1194 4126 1333 4206; x_wconf 73' lang='lat' dir='ltr'><strong>apud</strong></span> <span class='ocrx_word' id='word_1_400' title='bbox 1367 4127 1674 4206; x_wconf 68' lang='lat' dir='ltr'><strong>Marculfnm</strong></span> <span class='ocrx_word' id='word_1_401' title='bbox 1693 4126 1832 4206; x_wconf 33' lang='grc' dir='ltr'><strong>3ιιὶιιτ</strong></span> 
     </span>
    </p>
   </div>
   <div class='ocr_carea' id='block_1_60' title="bbox 263 4197 1834 4276">
    <p class='ocr_par' dir='ltr' id='par_1_60' title="bbox 263 4197 1834 4276">
     <span class='ocr_line' id='line_1_60' title="bbox 263 4197 1834 4276; baseline -0.011 -13"><span class='ocrx_word' id='word_1_402' title='bbox 263 4197 545 4276; x_wconf 73' lang='grc' dir='ltr'>ιιι,’ῐ‹ιιίιι.</span> <span class='ocrx_word' id='word_1_403' title='bbox 570 4205 627 4276; x_wconf 61' lang='lat' dir='ltr'><strong>f2,</strong></span> <span class='ocrx_word' id='word_1_404' title='bbox 669 4203 729 4276; x_wconf 68' lang='grc' dir='ltr'><strong>Δ1⁷),</strong></span> <span class='ocrx_word' id='word_1_405' title='bbox 752 4201 1022 4276; x_wconf 79' lang='lat' dir='ltr'><strong>etc.,_nbi,</strong></span> <span class='ocrx_word' id='word_1_406' title='bbox 1052 4198 1204 4276; x_wconf 76' lang='lat' dir='ltr'><strong>sicuti</strong></span> <span class='ocrx_word' id='word_1_407' title='bbox 1231 4199 1340 4276; x_wconf 72' lang='lat' dir='ltr'><strong>hic,</strong></span> <span class='ocrx_word' id='word_1_408' title='bbox 1372 4198 1553 4276; x_wconf 72' lang='lat' dir='ltr'><strong>vigore</strong></span> <span class='ocrx_word' id='word_1_409' title='bbox 1579 4197 1834 4276; x_wconf 71' lang='lat' dir='ltr'><strong>privilegii</strong></span> 
     </span>
    </p>
   </div>
   <div class='ocr_carea' id='block_1_61' title="bbox 262 4267 1835 4338">
    <p class='ocr_par' dir='ltr' id='par_1_61' title="bbox 262 4267 1835 4338">
     <span class='ocr_line' id='line_1_61' title="bbox 262 4267 1835 4338; baseline -0.01 -5"><span class='ocrx_word' id='word_1_410' title='bbox 262 4267 712 4334; x_wconf 55' lang='lat' dir='ltr'><strong>et&#39;immunitatis</strong></span> <span class='ocrx_word' id='word_1_411' title='bbox 752 4288 778 4322; x_wconf 85' lang='lat' dir='ltr'><strong>a</strong></span> <span class='ocrx_word' id='word_1_412' title='bbox 824 4272 1059 4338; x_wconf 78' lang='lat' dir='ltr'><strong>principe</strong></span> <span class='ocrx_word' id='word_1_413' title='bbox 1101 4269 1341 4329; x_wconf 68' lang='lat' dir='ltr'><strong>indultae,</strong></span> <span class='ocrx_word' id='word_1_414' title='bbox 1384 4268 1435 4338; x_wconf 84' lang='lat' dir='ltr'><strong>in</strong></span> <span class='ocrx_word' id='word_1_415' title='bbox 1483 4267 1835 4338; x_wconf 75' lang='lat' dir='ltr'><strong>ecclesiarum</strong></span> 
     </span>
    </p>
   </div>
   <div class='ocr_carea' id='block_1_62' title="bbox 265 4335 1840 4416">
    <p class='ocr_par' dir='ltr' id='par_1_62' title="bbox 265 4335 1840 4416">
     <span class='ocr_line' id='line_1_62' title="bbox 265 4335 1840 4416; baseline -0.008 -17"><span class='ocrx_word' id='word_1_416' title='bbox 265 4345 694 4416; x_wconf 74' lang='lat' dir='ltr'><strong>possessionibus</strong></span> <span class='ocrx_word' id='word_1_417' title='bbox 727 4335 870 4394; x_wconf 79' lang='lat' dir='ltr'><strong>freda</strong></span> <span class='ocrx_word' id='word_1_418' title='bbox 901 4342 1113 4406; x_wconf 77' lang='lat' dir='ltr'><strong>exigere</strong></span> <span class='ocrx_word' id='word_1_419' title='bbox 1137 4346 1378 4416; x_wconf 72' lang='lat' dir='ltr'><strong>vetantur</strong></span> <span class='ocrx_word' id='word_1_420' title='bbox 1403 4335 1612 4416; x_wconf 70' lang='lat' dir='ltr'><strong>iudices</strong></span> <span class='ocrx_word' id='word_1_421' title='bbox 1636 4353 1649 4400; x_wconf 90' lang='lat'>;</span> <span class='ocrx_word' id='word_1_422' title='bbox 1671 4335 1748 4415; x_wconf 73' lang='lat' dir='ltr'><strong>ita</strong></span> <span class='ocrx_word' id='word_1_423' title='bbox 1783 4344 1840 4386; x_wconf 91' lang='lat' dir='ltr'><strong>ut</strong></span> 
     </span>
    </p>
   </div>
   <div class='ocr_carea' id='block_1_63' title="bbox 264 4406 1837 4486">
    <p class='ocr_par' dir='ltr' id='par_1_63' title="bbox 264 4406 1837 4486">
     <span class='ocr_line' id='line_1_63' title="bbox 264 4406 1837 4486; baseline -0.006 -20"><span class='ocrx_word' id='word_1_424' title='bbox 264 4406 409 4486; x_wconf 67' lang='lat' dir='ltr'><strong>quod</strong></span> <span class='ocrx_word' id='word_1_425' title='bbox 441 4431 503 4486; x_wconf 77' lang='lat' dir='ltr'><strong>ex</strong></span> <span class='ocrx_word' id='word_1_426' title='bbox 533 4416 624 4486; x_wconf 80' lang='lat' dir='ltr'><strong>bis</strong></span> <span class='ocrx_word' id='word_1_427' title='bbox 646 4414 819 4486; x_wconf 72' lang='lat' dir='ltr'><strong>lisctts</strong></span> <span class='ocrx_word' id='word_1_428' title='bbox 844 4423 1075 4486; x_wconf 73' lang='lat' dir='ltr'><strong>sperare</strong></span> <span class='ocrx_word' id='word_1_429' title='bbox 1121 4407 1367 4476; x_wconf 82' lang='lat' dir='ltr'><strong>potuerit,</strong></span> <span class='ocrx_word' id='word_1_430' title='bbox 1406 4407 1458 4458; x_wconf 88' lang='lat' dir='ltr'><strong>in</strong></span> <span class='ocrx_word' id='word_1_431' title='bbox 1489 4406 1837 4458; x_wconf 85' lang='lat' dir='ltr'><strong>ecclesiarum</strong></span> 
     </span>
    </p>
   </div>
   <div class='ocr_carea' id='block_1_64' title="bbox 1918 1903 3502 1971">
    <p class='ocr_par' dir='ltr' id='par_1_64' title="bbox 1918 1903 3502 1971">
     <span class='ocr_line' id='line_1_64' title="bbox 1918 1903 3502 1971; baseline -0.001 -13"><span class='ocrx_word' id='word_1_432' title='bbox 1918 1907 2107 1958; x_wconf 74' lang='lat' dir='ltr'><strong>animae</strong></span> <span class='ocrx_word' id='word_1_433' title='bbox 2155 1915 2352 1960; x_wconf 64' lang='lat' dir='ltr'><strong>nostra</strong></span> <span class='ocrx_word' id='word_1_434' title='bbox 2401 1906 2734 1968; x_wconf 90' lang='lat' dir='ltr'><strong>remedium,</strong></span> <span class='ocrx_word' id='word_1_435' title='bbox 2783 1920 2876 1958; x_wconf 84' lang='lat' dir='ltr'><strong>seu</strong></span> <span class='ocrx_word' id='word_1_436' title='bbox 2932 1913 3111 1958; x_wconf 85' lang='lat' dir='ltr'><strong>nostra</strong></span> <span class='ocrx_word' id='word_1_437' title='bbox 3158 1903 3502 1971; x_wconf 87' lang='lat' dir='ltr'><strong>subsequenti</strong></span> 
     </span>
    </p>
   </div>
   <div class='ocr_carea' id='block_1_65' title="bbox 1926 1993 3500 2064">
    <p class='ocr_par' dir='ltr' id='par_1_65' title="bbox 1926 1993 3500 2064">
     <span class='ocr_line' id='line_1_65' title="bbox 1926 1993 3500 2064; baseline -0.001 -16"><span class='ocrx_word' id='word_1_438' title='bbox 1926 1995 2199 2064; x_wconf 75' lang='lat' dir='ltr'><strong>progenie,</strong></span> <span class='ocrx_word' id='word_1_439' title='bbox 2230 1996 2382 2063; x_wconf 88' lang='lat' dir='ltr'><strong>plena</strong></span> <span class='ocrx_word' id='word_1_440' title='bbox 2413 1994 2696 2049; x_wconf 89' lang='lat' dir='ltr'><strong>devotione</strong></span> <span class='ocrx_word' id='word_1_441' title='bbox 2723 1993 2788 2047; x_wconf 80' lang='lat' dir='ltr'><strong>ad</strong></span> <span class='ocrx_word' id='word_1_442' title='bbox 2821 1995 2991 2063; x_wconf 91' lang='lat' dir='ltr'><strong>ipsum</strong></span> <span class='ocrx_word' id='word_1_443' title='bbox 3027 1993 3410 2048; x_wconf 77' lang='lat' dir='ltr'><strong>monasterium</strong></span> <span class='ocrx_word' id='word_1_444' title='bbox 3446 1993 3500 2046; x_wconf 91' lang='lat' dir='ltr'><strong>in</strong></span> 
     </span>
    </p>
   </div>
   <div class='ocr_carea' id='block_1_66' title="bbox 1919 2084 3502 2152">
    <p class='ocr_par' dir='ltr' id='par_1_66' title="bbox 1919 2084 3502 2152">
     <span class='ocr_line' id='line_1_66' title="bbox 1919 2084 3502 2152; baseline -0.003 -12"><span class='ocrx_word' id='word_1_445' title='bbox 1919 2086 2120 2141; x_wconf 89' lang='lat' dir='ltr'><strong>honore</strong></span> <span class='ocrx_word' id='word_1_446' title='bbox 2143 2089 2312 2141; x_wconf 88' lang='lat' dir='ltr'><strong>sancti</strong></span> <span class='ocrx_word' id='word_1_447' title='bbox 2337 2087 2626 2142; x_wconf 86' lang='lat' dir='ltr'><strong>Salvatoris</strong></span> <span class='ocrx_word' id='word_1_448' title='bbox 2647 2086 2982 2150; x_wconf 88' lang='lat' dir='ltr'><strong>indulsimus,</strong></span> <span class='ocrx_word' id='word_1_449' title='bbox 3007 2100 3105 2140; x_wconf 89' lang='lat' dir='ltr'><strong>nec</strong></span> <span class='ocrx_word' id='word_1_450' title='bbox 3127 2086 3316 2152; x_wconf 83' lang='lat' dir='ltr'><strong>regalis</strong></span> <span class='ocrx_word' id='word_1_451' title='bbox 3337 2084 3502 2138; x_wconf 89' lang='lat' dir='ltr'><strong>subti-</strong></span> 
     </span>
    </p>
   </div>
   <div class='ocr_carea' id='block_1_67' title="bbox 1923 2175 3502 2247">
    <p class='ocr_par' dir='ltr' id='par_1_67' title="bbox 1923 2175 3502 2247">
     <span class='ocr_line' id='line_1_67' title="bbox 1923 2175 3502 2247; baseline -0.001 -17"><span class='ocrx_word' id='word_1_452' title='bbox 1923 2183 2103 2245; x_wconf 87' lang='lat' dir='ltr'><strong>mitas,</strong></span> <span class='ocrx_word' id='word_1_453' title='bbox 2136 2193 2234 2231; x_wconf 91' lang='lat' dir='ltr'><strong>nec</strong></span> <span class='ocrx_word' id='word_1_454' title='bbox 2263 2177 2554 2247; x_wconf 88' lang='lat' dir='ltr'><strong>cuiuslibet</strong></span> <span class='ocrx_word' id='word_1_455' title='bbox 2594 2177 2826 2246; x_wconf 85' lang='lat' dir='ltr'><strong>iudicum</strong></span> <span class='ocrx_word' id='word_1_456' title='bbox 2855 2191 2994 2231; x_wconf 74' lang='lat' dir='ltr'><strong>sreva</strong></span> <span class='ocrx_word' id='word_1_457' title='bbox 3037 2175 3296 2244; x_wconf 89' lang='lat' dir='ltr'><strong>cupiditas</strong></span> <span class='ocrx_word' id='word_1_458' title='bbox 3330 2175 3502 2230; x_wconf 87' lang='lat' dir='ltr'><strong>refra-</strong></span> 
     </span>
    </p>
   </div>
   <div class='ocr_carea' id='block_1_68' title="bbox 1923 2266 3505 2340">
    <p class='ocr_par' dir='ltr' id='par_1_68' title="bbox 1923 2266 3505 2340">
     <span class='ocr_line' id='line_1_68' title="bbox 1923 2266 3505 2340; baseline -0.002 -17"><span class='ocrx_word' id='word_1_459' title='bbox 1923 2286 2048 2340; x_wconf 89' lang='lat' dir='ltr'><strong>gare</strong></span> <span class='ocrx_word' id='word_1_460' title='bbox 2084 2280 2390 2338; x_wconf 91' lang='lat' dir='ltr'><strong>temptetur.</strong></span> <span class='ocrx_word' id='word_1_461' title='bbox 2426 2271 2489 2323; x_wconf 87' lang='lat' dir='ltr'><strong>Et</strong></span> <span class='ocrx_word' id='word_1_462' title='bbox 2522 2279 2580 2324; x_wconf 94' lang='lat' dir='ltr'><strong>ut</strong></span> <span class='ocrx_word' id='word_1_463' title='bbox 2609 2269 2726 2325; x_wconf 72' lang='lat' dir='ltr'><strong>haec</strong></span> <span class='ocrx_word' id='word_1_464' title='bbox 2763 2270 3060 2322; x_wconf 85' lang='lat' dir='ltr'><strong>authoritas</strong></span> <span class='ocrx_word' id='word_1_465' title='bbox 3092 2277 3196 2321; x_wconf 90' lang='lat' dir='ltr'><strong>tam</strong></span> <span class='ocrx_word' id='word_1_466' title='bbox 3224 2266 3505 2335; x_wconf 73' lang='lat' dir='ltr'><strong>praesenti-</strong></span> 
     </span>
    </p>
   </div>
   <div class='ocr_carea' id='block_1_69' title="bbox 1922 2356 3507 2428">
    <p class='ocr_par' dir='ltr' id='par_1_69' title="bbox 1922 2356 3507 2428">
     <span class='ocr_line' id='line_1_69' title="bbox 1922 2356 3507 2428; baseline -0.003 -14"><span class='ocrx_word' id='word_1_467' title='bbox 1922 2361 2047 2424; x_wconf 88' lang='lat' dir='ltr'><strong>bus,</strong></span> <span class='ocrx_word' id='word_1_468' title='bbox 2077 2375 2233 2428; x_wconf 90' lang='lat' dir='ltr'><strong>quam</strong></span> <span class='ocrx_word' id='word_1_469' title='bbox 2265 2360 2454 2414; x_wconf 90' lang='lat' dir='ltr'><strong>futuris</strong></span> <span class='ocrx_word' id='word_1_470' title='bbox 2503 2359 2836 2426; x_wconf 87' lang='lat' dir='ltr'><strong>temporibus</strong></span> <span class='ocrx_word' id='word_1_471' title='bbox 2887 2358 3158 2422; x_wconf 85' lang='lat' dir='ltr'><strong>inviolata,</strong></span> <span class='ocrx_word' id='word_1_472' title='bbox 3205 2357 3314 2410; x_wconf 90' lang='lat' dir='ltr'><strong>Deo</strong></span> <span class='ocrx_word' id='word_1_473' title='bbox 3354 2356 3507 2424; x_wconf 85' lang='lat' dir='ltr'><strong>adiu-</strong></span> 
     </span>
    </p>
   </div>
   <div class='ocr_carea' id='block_1_70' title="bbox 1921 2445 3506 2516">
    <p class='ocr_par' dir='ltr' id='par_1_70' title="bbox 1921 2445 3506 2516">
     <span class='ocr_line' id='line_1_70' title="bbox 1921 2445 3506 2516; baseline -0.003 -13"><span class='ocrx_word' id='word_1_474' title='bbox 1921 2458 2068 2514; x_wconf 87' lang='lat' dir='ltr'><strong>tore,</strong></span> <span class='ocrx_word' id='word_1_475' title='bbox 2127 2459 2470 2516; x_wconf 83' lang='lat' dir='ltr'><strong>permaneat,</strong></span> <span class='ocrx_word' id='word_1_476' title='bbox 2527 2464 2714 2502; x_wconf 87' lang='lat' dir='ltr'><strong>manus</strong></span> <span class='ocrx_word' id='word_1_477' title='bbox 2770 2457 2972 2502; x_wconf 74' lang='lat' dir='ltr'><strong>nostra:</strong></span> <span class='ocrx_word' id='word_1_478' title='bbox 3025 2445 3506 2515; x_wconf 86' lang='lat' dir='ltr'><strong>subscriptionibus</strong></span> 
     </span>
    </p>
   </div>
   <div class='ocr_carea' id='block_1_71' title="bbox 1926 2537 3507 2607">
    <p class='ocr_par' dir='ltr' id='par_1_71' title="bbox 1926 2537 3507 2607">
     <span class='ocr_line' id='line_1_71' title="bbox 1926 2537 3507 2607; baseline 0.001 -18"><span class='ocrx_word' id='word_1_479' title='bbox 1926 2537 2060 2591; x_wconf 79' lang='lat' dir='ltr'><strong>infra</strong></span> <span class='ocrx_word' id='word_1_480' title='bbox 2087 2539 2340 2593; x_wconf 71' lang='lat' dir='ltr'><strong>robor-are</strong></span> <span class='ocrx_word' id='word_1_481' title='bbox 2365 2539 2727 2603; x_wconf 67' lang='lat' dir='ltr'><strong>decrev’mus,</strong></span> <span class='ocrx_word' id='word_1_482' title='bbox 2778 2547 2939 2607; x_wconf 85' lang='lat' dir='ltr'><strong>atque</strong></span> <span class='ocrx_word' id='word_1_483' title='bbox 2967 2538 3034 2592; x_wconf 91' lang='lat' dir='ltr'><strong>de</strong></span> <span class='ocrx_word' id='word_1_484' title='bbox 3074 2538 3274 2591; x_wconf 87' lang='lat' dir='ltr'><strong>annulo</strong></span> <span class='ocrx_word' id='word_1_485' title='bbox 3319 2544 3507 2592; x_wconf 82' lang='lat' dir='ltr'><strong>nostro</strong></span> 
     </span>
    </p>
   </div>
   <div class='ocr_carea' id='block_1_72' title="bbox 1925 2627 2430 2694">
    <p class='ocr_par' dir='ltr' id='par_1_72' title="bbox 1925 2627 2430 2694">
     <span class='ocr_line' id='line_1_72' title="bbox 1925 2627 2430 2694; baseline 0 -14"><span class='ocrx_word' id='word_1_486' title='bbox 1925 2628 2158 2694; x_wconf 79' lang='lat' dir='ltr'><strong>sigillare</strong></span> <span class='ocrx_word' id='word_1_487' title='bbox 2175 2627 2430 2694; x_wconf 84' lang='lat' dir='ltr'><strong>iussimus</strong></span> 
     </span>
    </p>
   </div>
   <div class='ocr_carea' id='block_1_73' title="bbox 1995 2717 3306 2787">
    <p class='ocr_par' dir='ltr' id='par_1_73' title="bbox 1995 2717 3306 2787">
     <span class='ocr_line' id='line_1_73' title="bbox 1995 2717 3306 2787; baseline 0 -15"><span class='ocrx_word' id='word_1_488' title='bbox 1995 2718 2214 2787; x_wconf 90' lang='lat' dir='ltr'><strong>Signum</strong></span> <span class='ocrx_word' id='word_1_489' title='bbox 2245 2718 2444 2772; x_wconf 84' lang='lat' dir='ltr'><strong>domini</strong></span> <span class='ocrx_word' id='word_1_490' title='bbox 2471 2718 2838 2785; x_wconf 86' lang='lat' dir='ltr'><strong>gloriosissitni</strong></span> <span class='ocrx_word' id='word_1_491' title='bbox 2869 2717 3045 2771; x_wconf 89' lang='lat' dir='ltr'><strong>Caroli</strong></span> <span class='ocrx_word' id='word_1_492' title='bbox 3077 2719 3215 2786; x_wconf 71' lang='lat' dir='ltr'><strong>regis</strong></span> <span class='ocrx_word' id='word_1_493' title='bbox 3244 2719 3306 2787; x_wconf 62' lang='lat'><strong>1-.</strong></span> 
     </span>
    </p>
   </div>
   <div class='ocr_carea' id='block_1_74' title="bbox 2001 2807 3500 2875">
    <p class='ocr_par' dir='ltr' id='par_1_74' title="bbox 2001 2807 3500 2875">
     <span class='ocr_line' id='line_1_74' title="bbox 2001 2807 3500 2875; baseline 0.003 -15"><span class='ocrx_word' id='word_1_494' title='bbox 2001 2807 2189 2860; x_wconf 83' lang='lat' dir='ltr'><strong>Datum</strong></span> <span class='ocrx_word' id='word_1_495' title='bbox 2221 2809 2272 2859; x_wconf 93' lang='lat' dir='ltr'><strong>in</strong></span> <span class='ocrx_word' id='word_1_496' title='bbox 2295 2823 2478 2862; x_wconf 85' lang='lat' dir='ltr'><strong>mense</strong></span> <span class='ocrx_word' id='word_1_497' title='bbox 2508 2808 2823 2862; x_wconf 81' lang='lat' dir='ltr'><strong>Novembris</strong></span> <span class='ocrx_word' id='word_1_498' title='bbox 2852 2824 2992 2862; x_wconf 86' lang='lat' dir='ltr'><strong>anno</strong></span> <span class='ocrx_word' id='word_1_499' title='bbox 3020 2821 3230 2875; x_wconf 84' lang='lat' dir='ltr'><strong>octavo,</strong></span> <span class='ocrx_word' id='word_1_500' title='bbox 3262 2808 3500 2864; x_wconf 85' lang='lat' dir='ltr'><strong>secundo</strong></span> 
     </span>
    </p>
   </div>
   <div class='ocr_carea' id='block_1_75' title="bbox 1929 2898 2300 2967">
    <p class='ocr_par' dir='ltr' id='par_1_75' title="bbox 1929 2898 2300 2967">
     <span class='ocr_line' id='line_1_75' title="bbox 1929 2898 2300 2967; baseline -0.003 -14"><span class='ocrx_word' id='word_1_501' title='bbox 1929 2899 2076 2967; x_wconf 82' lang='lat' dir='ltr'><strong>regni</strong></span> <span class='ocrx_word' id='word_1_502' title='bbox 2107 2898 2300 2952; x_wconf 70' lang='lat' dir='ltr'><strong>neotri.</strong></span> 
     </span>
    </p>
   </div>
   <div class='ocr_carea' id='block_1_76' title="bbox 2007 2987 3511 3057">
    <p class='ocr_par' dir='ltr' id='par_1_76' title="bbox 2007 2987 3511 3057">
     <span class='ocr_line' id='line_1_76' title="bbox 2007 2987 3511 3057; baseline 0.001 -13"><span class='ocrx_word' id='word_1_503' title='bbox 2007 2993 2198 3044; x_wconf 57' lang='lat' dir='ltr'><strong>Actum</strong></span> <span class='ocrx_word' id='word_1_504' title='bbox 2230 2987 2535 3044; x_wconf 78' lang='lat' dir='ltr'><strong>Theodonis</strong></span> <span class='ocrx_word' id='word_1_505' title='bbox 2566 2989 2688 3044; x_wconf 88' lang='lat' dir='ltr'><strong>villa</strong></span> <span class='ocrx_word' id='word_1_506' title='bbox 2723 2990 2950 3057; x_wconf 81' lang='lat' dir='ltr'><strong>publica,</strong></span> <span class='ocrx_word' id='word_1_507' title='bbox 2983 2991 3033 3044; x_wconf 93' lang='lat' dir='ltr'><strong>in</strong></span> <span class='ocrx_word' id='word_1_508' title='bbox 3065 2989 3158 3046; x_wconf 87' lang='lat' dir='ltr'><strong>Dei</strong></span> <span class='ocrx_word' id='word_1_509' title='bbox 3189 2989 3403 3044; x_wconf 88' lang='lat' dir='ltr'><strong>nomine</strong></span> <span class='ocrx_word' id='word_1_510' title='bbox 3433 2991 3511 3047; x_wconf 85' lang='lat' dir='ltr'><strong>fe-</strong></span> 
     </span>
    </p>
   </div>
   <div class='ocr_carea' id='block_1_77' title="bbox 1936 3080 2362 3136">
    <p class='ocr_par' dir='ltr' id='par_1_77' title="bbox 1936 3080 2362 3136">
     <span class='ocr_line' id='line_1_77' title="bbox 1936 3080 2362 3136; baseline -0.002 -1"><span class='ocrx_word' id='word_1_511' title='bbox 1936 3082 2106 3136; x_wconf 87' lang='lat' dir='ltr'><strong>liciter</strong></span> <span class='ocrx_word' id='word_1_512' title='bbox 2133 3095 2288 3134; x_wconf 86' lang='lat' dir='ltr'><strong>amen</strong></span> <span class='ocrx_word' id='word_1_513' title='bbox 2314 3080 2362 3134; x_wconf 86' lang='lat' dir='ltr'><strong>i.</strong></span> 
     </span>
    </p>
   </div>
   <div class='ocr_carea' id='block_1_78' title="bbox 2662 3170 2795 3224">
    <p class='ocr_par' dir='ltr' id='par_1_78' title="bbox 2662 3170 2795 3224">
     <span class='ocr_line' id='line_1_78' title="bbox 2662 3170 2795 3224; baseline 0.008 -2"><span class='ocrx_word' id='word_1_514' title='bbox 2662 3170 2795 3224; x_wconf 78' lang='lat' dir='ltr'><strong>VIII.</strong></span> 
     </span>
    </p>
   </div>
   <div class='ocr_carea' id='block_1_79' title="bbox 1932 3257 3507 3330">
    <p class='ocr_par' dir='ltr' id='par_1_79' title="bbox 1932 3257 3507 3330">
     <span class='ocr_line' id='line_1_79' title="bbox 1932 3257 3507 3330; baseline 0.002 -17"><span class='ocrx_word' id='word_1_515' title='bbox 1932 3258 2089 3313; x_wconf 80' lang='lat' dir='ltr'><strong>Aliud</strong></span> <span class='ocrx_word' id='word_1_516' title='bbox 2117 3259 2495 3330; x_wconf 70' lang='lat' dir='ltr'><strong>privilegium_a</strong></span> <span class='ocrx_word' id='word_1_517' title='bbox 2534 3257 2722 3312; x_wconf 83' lang='lat' dir='ltr'><strong>Carolo</strong></span> <span class='ocrx_word' id='word_1_518' title='bbox 2752 3258 2945 3330; x_wconf 76' lang='lat' dir='ltr'><strong>Magno</strong></span> <span class='ocrx_word' id='word_1_519' title='bbox 2975 3274 3266 3313; x_wconf 76' lang='lat' dir='ltr'><strong>concessum</strong></span> <span class='ocrx_word' id='word_1_520' title='bbox 3292 3260 3507 3317; x_wconf 66' lang='lat' dir='ltr'><strong>abbatis</strong></span> 
     </span>
    </p>
   </div>
   <div class='ocr_carea' id='block_1_80' title="bbox 2413 3327 3019 3399">
    <p class='ocr_par' dir='ltr' id='par_1_80' title="bbox 2413 3327 3019 3399">
     <span class='ocr_line' id='line_1_80' title="bbox 2413 3327 3019 3399; baseline 0 -17"><span class='ocrx_word' id='word_1_521' title='bbox 2413 3327 2705 3382; x_wconf 83' lang='lat' dir='ltr'><strong>Prumieasi</strong></span> <span class='ocrx_word' id='word_1_522' title='bbox 2728 3327 3019 3399; x_wconf 70' lang='lat' dir='ltr'><strong>(an.&quot;i75).</strong></span> 
     </span>
    </p>
   </div>
   <div class='ocr_carea' id='block_1_81' title="bbox 2394 3415 3042 3479">
    <p class='ocr_par' dir='ltr' id='par_1_81' title="bbox 2394 3415 3042 3479">
     <span class='ocr_line' id='line_1_81' title="bbox 2394 3415 3042 3479; baseline -0.002 -13"><span class='ocrx_word' id='word_1_523' title='bbox 2394 3415 2483 3479; x_wconf 83' lang='lat' dir='ltr'><strong>(Ex</strong></span> <span class='ocrx_word' id='word_1_524' title='bbox 2514 3416 2794 3478; x_wconf 85' lang='lat' dir='ltr'><strong>Hootheim,</strong></span> <span class='ocrx_word' id='word_1_525' title='bbox 2821 3417 3042 3478; x_wconf 87' lang='lat' dir='ltr'><strong>ibidem.)</strong></span> 
     </span>
    </p>
   </div>
   <div class='ocr_carea' id='block_1_82' title="bbox 2005 3496 3517 3568">
    <p class='ocr_par' dir='ltr' id='par_1_82' title="bbox 2005 3496 3517 3568">
     <span class='ocr_line' id='line_1_82' title="bbox 2005 3496 3517 3568; baseline 0.002 -17"><span class='ocrx_word' id='word_1_526' title='bbox 2005 3496 2234 3552; x_wconf 84' lang='lat' dir='ltr'><strong>Karolus</strong></span> <span class='ocrx_word' id='word_1_527' title='bbox 2260 3498 2427 3568; x_wconf 84' lang='lat' dir='ltr'><strong>gratia</strong></span> <span class='ocrx_word' id='word_1_528' title='bbox 2460 3499 2551 3552; x_wconf 90' lang='lat' dir='ltr'><strong>Dei</strong></span> <span class='ocrx_word' id='word_1_529' title='bbox 2584 3514 2674 3552; x_wconf 74' lang='lat' dir='ltr'><strong>res</strong></span> <span class='ocrx_word' id='word_1_530' title='bbox 2704 3498 3028 3552; x_wconf 82' lang='lat' dir='ltr'><strong>Francorum</strong></span> <span class='ocrx_word' id='word_1_531' title='bbox 3055 3509 3102 3551; x_wconf 91' lang='lat' dir='ltr'><strong>et</strong></span> <span class='ocrx_word' id='word_1_532' title='bbox 3139 3499 3517 3566; x_wconf 85' lang='lat' dir='ltr'><strong>Longobardo-</strong></span> 
     </span>
    </p>
   </div>
   <div class='ocr_carea' id='block_1_83' title="bbox 1933 3587 3517 3656">
    <p class='ocr_par' dir='ltr' id='par_1_83' title="bbox 1933 3587 3517 3656">
     <span class='ocr_line' id='line_1_83' title="bbox 1933 3587 3517 3656; baseline 0.001 -14"><span class='ocrx_word' id='word_1_533' title='bbox 1933 3602 2074 3650; x_wconf 91' lang='lat' dir='ltr'><strong>rum,</strong></span> <span class='ocrx_word' id='word_1_534' title='bbox 2111 3602 2208 3641; x_wconf 89' lang='lat' dir='ltr'><strong>nec</strong></span> <span class='ocrx_word' id='word_1_535' title='bbox 2240 3601 2346 3640; x_wconf 91' lang='lat' dir='ltr'><strong>non</strong></span> <span class='ocrx_word' id='word_1_536' title='bbox 2378 3595 2432 3640; x_wconf 89' lang='lat' dir='ltr'><strong>et</strong></span> <span class='ocrx_word' id='word_1_537' title='bbox 2455 3588 2706 3656; x_wconf 90' lang='lat' dir='ltr'><strong>patricius</strong></span> <span class='ocrx_word' id='word_1_538' title='bbox 2727 3587 3103 3642; x_wconf 80' lang='lat' dir='ltr'><strong>Ronianurnm.</strong></span> <span class='ocrx_word' id='word_1_539' title='bbox 3127 3590 3384 3643; x_wconf 87' lang='lat' dir='ltr'><strong>Omnibus</strong></span> <span class='ocrx_word' id='word_1_540' title='bbox 3403 3591 3517 3656; x_wconf 88' lang='lat' dir='ltr'><strong>epi-</strong></span> 
     </span>
    </p>
   </div>
   <div class='ocr_carea' id='block_1_84' title="bbox 1933 3676 3525 3746">
    <p class='ocr_par' dir='ltr' id='par_1_84' title="bbox 1933 3676 3525 3746">
     <span class='ocr_line' id='line_1_84' title="bbox 1933 3676 3525 3746; baseline 0.003 -14"><span class='ocrx_word' id='word_1_541' title='bbox 1933 3676 2134 3746; x_wconf 79' lang='lat' dir='ltr'><strong>scopis,</strong></span> <span class='ocrx_word' id='word_1_542' title='bbox 2165 3677 2466 3741; x_wconf 86' lang='lat' dir='ltr'><strong>abbatibus,</strong></span> <span class='ocrx_word' id='word_1_543' title='bbox 2493 3678 2736 3742; x_wconf 91' lang='lat' dir='ltr'><strong>ducibus,</strong></span> <span class='ocrx_word' id='word_1_544' title='bbox 2760 3679 3062 3746; x_wconf 78' lang='lat' dir='ltr'><strong>comitibus,</strong></span> <span class='ocrx_word' id='word_1_545' title='bbox 3081 3680 3314 3744; x_wconf 87' lang='lat' dir='ltr'><strong>vicariis,</strong></span> <span class='ocrx_word' id='word_1_546' title='bbox 3337 3691 3525 3736; x_wconf 53' lang='lat' dir='ltr'><strong>conten</strong></span> 
     </span>
    </p>
   </div>
   <div class='ocr_carea' id='block_1_85' title="bbox 1935 3769 3521 3842">
    <p class='ocr_par' dir='ltr' id='par_1_85' title="bbox 1935 3769 3521 3842">
     <span class='ocr_line' id='line_1_85' title="bbox 1935 3769 3521 3842; baseline 0.003 -18"><span class='ocrx_word' id='word_1_547' title='bbox 1935 3769 2120 3834; x_wconf 84' lang='lat' dir='ltr'><strong>uariis,</strong></span> <span class='ocrx_word' id='word_1_548' title='bbox 2156 3769 2239 3824; x_wconf 89' lang='lat' dir='ltr'><strong>vel</strong></span> <span class='ocrx_word' id='word_1_549' title='bbox 2265 3771 2482 3840; x_wconf 88' lang='lat' dir='ltr'><strong>reliquis</strong></span> <span class='ocrx_word' id='word_1_550' title='bbox 2505 3769 2754 3825; x_wconf 82' lang='lat' dir='ltr'><strong>ﬁdelibus</strong></span> <span class='ocrx_word' id='word_1_551' title='bbox 2776 3771 2972 3825; x_wconf 86' lang='lat' dir='ltr'><strong>nostris</strong></span> <span class='ocrx_word' id='word_1_552' title='bbox 2995 3782 3102 3827; x_wconf 88' lang='lat' dir='ltr'><strong>tam</strong></span> <span class='ocrx_word' id='word_1_553' title='bbox 3135 3774 3521 3842; x_wconf 59' lang='lat' dir='ltr'><strong>praesentibus,</strong></span> 
     </span>
    </p>
   </div>
   <div class='ocr_carea' id='block_1_86' title="bbox 1937 3924 3531 3993">
    <p class='ocr_par' dir='ltr' id='par_1_86' title="bbox 1937 3924 3531 3993">
     <span class='ocr_line' id='line_1_86' title="bbox 1937 3924 3531 3993; baseline 0.003 -12"><span class='ocrx_word' id='word_1_554' title='bbox 1937 3929 2126 3982; x_wconf 82' lang='lat' dir='ltr'><strong>missos</strong></span> <span class='ocrx_word' id='word_1_555' title='bbox 2157 3934 2211 3980; x_wconf 89' lang='lat' dir='ltr'><strong>et</strong></span> <span class='ocrx_word' id='word_1_556' title='bbox 2237 3926 2441 3993; x_wconf 83' lang='lat' dir='ltr'><strong>legatos</strong></span> <span class='ocrx_word' id='word_1_557' title='bbox 2477 3924 2670 3993; x_wconf 89' lang='lat' dir='ltr'><strong>regios,</strong></span> <span class='ocrx_word' id='word_1_558' title='bbox 2714 3926 2963 3989; x_wconf 77' lang='lat' dir='ltr'><strong>comites,</strong></span> <span class='ocrx_word' id='word_1_559' title='bbox 3012 3927 3202 3991; x_wconf 85' lang='lat' dir='ltr'><strong>duces,</strong></span> <span class='ocrx_word' id='word_1_560' title='bbox 3245 3937 3300 3982; x_wconf 89' lang='lat' dir='ltr'><strong>et</strong></span> <span class='ocrx_word' id='word_1_561' title='bbox 3336 3944 3531 3986; x_wconf 71' lang='lat' dir='ltr'><strong>eorum</strong></span> 
     </span>
    </p>
   </div>
   <div class='ocr_carea' id='block_1_87' title="bbox 1937 3994 3528 4065">
    <p class='ocr_par' dir='ltr' id='par_1_87' title="bbox 1937 3994 3528 4065">
     <span class='ocr_line' id='line_1_87' title="bbox 1937 3994 3528 4065; baseline 0.001 -19"><span class='ocrx_word' id='word_1_562' title='bbox 1937 3997 2206 4050; x_wconf 77' lang='lat' dir='ltr'><strong>ministros</strong></span> <span class='ocrx_word' id='word_1_563' title='bbox 2227 3994 2538 4065; x_wconf 85' lang='lat' dir='ltr'><strong>recipiendi,</strong></span> <span class='ocrx_word' id='word_1_564' title='bbox 2569 3995 2750 4062; x_wconf 76' lang='lat' dir='ltr'><strong>eisque</strong></span> <span class='ocrx_word' id='word_1_565' title='bbox 2799 3995 3050 4065; x_wconf 82' lang='lat' dir='ltr'><strong>viaticum</strong></span> <span class='ocrx_word' id='word_1_566' title='bbox 3107 4011 3203 4060; x_wconf 91' lang='lat' dir='ltr'><strong>pro</strong></span> <span class='ocrx_word' id='word_1_567' title='bbox 3256 3996 3528 4065; x_wconf 69' lang='lat' dir='ltr'><strong>cuiusque</strong></span> 
     </span>
    </p>
   </div>
   <div class='ocr_carea' id='block_1_88' title="bbox 1939 4063 3516 4132">
    <p class='ocr_par' dir='ltr' id='par_1_88' title="bbox 1939 4063 3516 4132">
     <span class='ocr_line' id='line_1_88' title="bbox 1939 4063 3516 4132; baseline 0.001 -14"><span class='ocrx_word' id='word_1_568' title='bbox 1939 4066 2193 4132; x_wconf 77' lang='lat' dir='ltr'><strong>dignitate</strong></span> <span class='ocrx_word' id='word_1_569' title='bbox 2226 4076 2274 4118; x_wconf 91' lang='lat' dir='ltr'><strong>et</strong></span> <span class='ocrx_word' id='word_1_570' title='bbox 2328 4063 2635 4117; x_wconf 88' lang='lat' dir='ltr'><strong>conditione</strong></span> <span class='ocrx_word' id='word_1_571' title='bbox 2673 4075 2951 4132; x_wconf 69' lang='lat' dir='ltr'><strong>praestare.</strong></span> <span class='ocrx_word' id='word_1_572' title='bbox 3004 4063 3297 4118; x_wconf 79' lang='lat' dir='ltr'><strong>Sinnnntur</strong></span> <span class='ocrx_word' id='word_1_573' title='bbox 3324 4063 3516 4122; x_wconf 80' lang='lat' dir='ltr'><strong>autem</strong></span> 
     </span>
    </p>
   </div>
   <div class='ocr_carea' id='block_1_89' title="bbox 1939 4132 3530 4200">
    <p class='ocr_par' dir='ltr' id='par_1_89' title="bbox 1939 4132 3530 4200">
     <span class='ocr_line' id='line_1_89' title="bbox 1939 4132 3530 4200; baseline 0.001 -12"><span class='ocrx_word' id='word_1_574' title='bbox 1939 4136 2176 4188; x_wconf 85' lang='lat' dir='ltr'><strong>crebrius</strong></span> <span class='ocrx_word' id='word_1_575' title='bbox 2203 4132 2566 4186; x_wconf 80' lang='lat' dir='ltr'><strong>Mansionatici</strong></span> <span class='ocrx_word' id='word_1_576' title='bbox 2620 4148 2712 4200; x_wconf 90' lang='lat' dir='ltr'><strong>pro</strong></span> <span class='ocrx_word' id='word_1_577' title='bbox 2738 4133 2987 4197; x_wconf 78' lang='lat' dir='ltr'><strong>expensis</strong></span> <span class='ocrx_word' id='word_1_578' title='bbox 3011 4135 3075 4186; x_wconf 90' lang='lat' dir='ltr'><strong>ad</strong></span> <span class='ocrx_word' id='word_1_579' title='bbox 3110 4135 3294 4188; x_wconf 87' lang='lat' dir='ltr'><strong>horqu</strong></span> <span class='ocrx_word' id='word_1_580' title='bbox 3339 4150 3530 4189; x_wconf 83' lang='lat' dir='ltr'><strong>susce-.</strong></span> 
     </span>
    </p>
   </div>
   <div class='ocr_carea' id='block_1_90' title="bbox 1942 4201 3527 4274">
    <p class='ocr_par' dir='ltr' id='par_1_90' title="bbox 1942 4201 3527 4274">
     <span class='ocr_line' id='line_1_90' title="bbox 1942 4201 3527 4274; baseline 0.003 -18"><span class='ocrx_word' id='word_1_581' title='bbox 1942 4205 2170 4272; x_wconf 88' lang='lat' dir='ltr'><strong>ptiones,</strong></span> <span class='ocrx_word' id='word_1_582' title='bbox 2201 4212 2255 4255; x_wconf 93' lang='lat' dir='ltr'><strong>ut</strong></span> <span class='ocrx_word' id='word_1_583' title='bbox 2289 4202 2448 4274; x_wconf 74' lang='lat' dir='ltr'><strong>habet</strong></span> <span class='ocrx_word' id='word_1_584' title='bbox 2471 4201 2764 4274; x_wconf 74' lang='lat' dir='ltr'><strong>Aitnortius,</strong></span> <span class='ocrx_word' id='word_1_585' title='bbox 2807 4203 2897 4256; x_wconf 90' lang='lat' dir='ltr'><strong>lib.</strong></span> <span class='ocrx_word' id='word_1_586' title='bbox 2931 4219 2982 4270; x_wconf 85' lang='lat' dir='ltr'><strong>v,</strong></span> <span class='ocrx_word' id='word_1_587' title='bbox 3014 4218 3064 4258; x_wconf 93' lang='lat' dir='ltr'><strong>c.</strong></span> <span class='ocrx_word' id='word_1_588' title='bbox 3101 4204 3190 4272; x_wconf 80' lang='grc' dir='ltr'><strong>ω,</strong></span> <span class='ocrx_word' id='word_1_589' title='bbox 3220 4217 3273 4259; x_wconf 91' lang='lat' dir='ltr'><strong>et</strong></span> <span class='ocrx_word' id='word_1_590' title='bbox 3301 4205 3527 4274; x_wconf 69' lang='lat' dir='ltr'><strong>hospitii.</strong></span> 
     </span>
    </p>
   </div>
   <div class='ocr_carea' id='block_1_91' title="bbox 1937 4271 2828 4344">
    <p class='ocr_par' dir='ltr' id='par_1_91' title="bbox 1937 4271 2828 4344">
     <span class='ocr_line' id='line_1_91' title="bbox 1937 4271 2828 4344; baseline -0.009 -12"><span class='ocrx_word' id='word_1_591' title='bbox 1937 4271 2214 4344; x_wconf 10' lang='lat' dir='ltr'><strong>iurgium)</strong></span> <span class='ocrx_word' id='word_1_592' title='bbox 2247 4271 2482 4344; x_wconf 68' lang='lat' dir='ltr'><strong>praedicti</strong></span> <span class='ocrx_word' id='word_1_593' title='bbox 2511 4273 2828 4344; x_wconf 71' lang='lat' dir='ltr'><strong>gaudebunt.</strong></span> 
     </span>
    </p>
   </div>
   <div class='ocr_carea' id='block_1_92' title="bbox 2013 4341 3532 4410">
    <p class='ocr_par' dir='ltr' id='par_1_92' title="bbox 2013 4341 3532 4410">
     <span class='ocr_line' id='line_1_92' title="bbox 2013 4341 3532 4410; baseline 0.001 -15"><span class='ocrx_word' id='word_1_594' title='bbox 2013 4352 2036 4379; x_wconf 73' lang='grc' dir='ltr'>θ</span> <span class='ocrx_word' id='word_1_595' title='bbox 2067 4343 2352 4410; x_wconf 80' lang='lat' dir='ltr'><strong>Conjeclos.</strong></span> <span class='ocrx_word' id='word_1_596' title='bbox 2387 4341 2478 4394; x_wconf 89' lang='lat' dir='ltr'><strong>Est</strong></span> <span class='ocrx_word' id='word_1_597' title='bbox 2517 4343 2835 4395; x_wconf 89' lang='lat' dir='ltr'><strong>contributio</strong></span> <span class='ocrx_word' id='word_1_598' title='bbox 2865 4358 2958 4396; x_wconf 89' lang='lat' dir='ltr'><strong>seu</strong></span> <span class='ocrx_word' id='word_1_599' title='bbox 2993 4344 3216 4397; x_wconf 85' lang='lat' dir='ltr'><strong>cnllecta</strong></span> <span class='ocrx_word' id='word_1_600' title='bbox 3243 4360 3257 4406; x_wconf 92' lang='lat'><strong>;</strong></span> <span class='ocrx_word' id='word_1_601' title='bbox 3291 4343 3380 4396; x_wconf 90' lang='lat' dir='ltr'><strong>illa</strong></span> <span class='ocrx_word' id='word_1_602' title='bbox 3410 4357 3532 4397; x_wconf 47' lang='lat' dir='ltr'><strong>mas</strong></span> 
     </span>
    </p>
   </div>
   <div class='ocr_carea' id='block_1_93' title="bbox 1946 4411 3529 4480">
    <p class='ocr_par' dir='ltr' id='par_1_93' title="bbox 1946 4411 3529 4480">
     <span class='ocr_line' id='line_1_93' title="bbox 1946 4411 3529 4480; baseline 0.001 -15"><span class='ocrx_word' id='word_1_603' title='bbox 1946 4414 2084 4466; x_wconf 83' lang='lat' dir='ltr'><strong>xime</strong></span> <span class='ocrx_word' id='word_1_604' title='bbox 2112 4428 2229 4480; x_wconf 69' lang='lat' dir='ltr'><strong>quae</strong></span> <span class='ocrx_word' id='word_1_605' title='bbox 2260 4427 2287 4463; x_wconf 90' lang='lat' dir='ltr'><strong>a</strong></span> <span class='ocrx_word' id='word_1_606' title='bbox 2319 4412 2514 4476; x_wconf 88' lang='lat' dir='ltr'><strong>p0pulo</strong></span> <span class='ocrx_word' id='word_1_607' title='bbox 2556 4411 2733 4464; x_wconf 87' lang='lat' dir='ltr'><strong>missis</strong></span> <span class='ocrx_word' id='word_1_608' title='bbox 2773 4414 2930 4480; x_wconf 87' lang='lat' dir='ltr'><strong>regiis</strong></span> <span class='ocrx_word' id='word_1_609' title='bbox 2962 4412 3012 4465; x_wconf 90' lang='lat' dir='ltr'><strong>in</strong></span> <span class='ocrx_word' id='word_1_610' title='bbox 3058 4412 3246 4467; x_wconf 83' lang='lat' dir='ltr'><strong>itinere</strong></span> <span class='ocrx_word' id='word_1_611' title='bbox 3275 4412 3529 4467; x_wconf 43' lang='lat' dir='ltr'><strong>exsolves</strong></span> 
     </span>
    </p>
   </div>
   <div class='ocr_carea' id='block_1_94' title="bbox 268 4480 2654 4560">
    <p class='ocr_par' dir='ltr' id='par_1_94' title="bbox 268 4480 2654 4560">
     <span class='ocr_line' id='line_1_94' title="bbox 268 4480 2654 4560; baseline -0.005 -22"><span class='ocrx_word' id='word_1_612' title='bbox 268 4480 418 4550; x_wconf 81' lang='lat' dir='ltr'><strong>risus,</strong></span> <span class='ocrx_word' id='word_1_613' title='bbox 449 4485 500 4537; x_wconf 93' lang='lat' dir='ltr'><strong>in</strong></span> <span class='ocrx_word' id='word_1_614' title='bbox 532 4483 809 4537; x_wconf 82' lang='lat' dir='ltr'><strong>luminaria</strong></span> <span class='ocrx_word' id='word_1_615' title='bbox 844 4481 1076 4533; x_wconf 84' lang='lat' dir='ltr'><strong>iocorum</strong></span> <span class='ocrx_word' id='word_1_616' title='bbox 1105 4490 1403 4542; x_wconf 89' lang='lat' dir='ltr'><strong>sacrorum,</strong></span> <span class='ocrx_word' id='word_1_617' title='bbox 1447 4484 1582 4537; x_wconf 88' lang='lat' dir='ltr'><strong>etc.,</strong></span> <span class='ocrx_word' id='word_1_618' title='bbox 1611 4489 1841 4528; x_wconf 84' lang='lat' dir='ltr'><strong>conver-</strong></span> <span class='ocrx_word' id='word_1_619' title='bbox 1877 4501 1928 4560; x_wconf 73' lang='grc' dir='ltr'>ο</span> <span class='ocrx_word' id='word_1_620' title='bbox 1953 4485 2129 4560; x_wconf 64' lang='lat' dir='ltr'><strong>nan&quot;.</strong></span> <span class='ocrx_word' id='word_1_621' title='bbox 2163 4481 2238 4534; x_wconf 80' lang='lat' dir='ltr'><strong>Dn</strong></span> <span class='ocrx_word' id='word_1_622' title='bbox 2265 4480 2499 4560; x_wconf 38' lang='lat' dir='ltr'><strong>Fresne,</strong></span> <span class='ocrx_word' id='word_1_623' title='bbox 2521 4483 2576 4534; x_wconf 84' lang='grc' dir='ltr'>ιι,</span> <span class='ocrx_word' id='word_1_624' title='bbox 2605 4496 2654 4533; x_wconf 82' lang='grc' dir='ltr'><strong>ν,</strong></span> 
     </span>
    </p>
   </div>
   <div class='ocr_carea' id='block_1_95' title="bbox 271 4566 430 4610">
    <p class='ocr_par' dir='ltr' id='par_1_95' title="bbox 271 4566 430 4610">
     <span class='ocr_line' id='line_1_95' title="bbox 271 4566 430 4610; baseline -0.025 0"><span class='ocrx_word' id='word_1_625' title='bbox 271 4566 430 4610; x_wconf 73' lang='grc' dir='ltr'>ωιιιτ.</span> 
     </span>
    </p>
   </div>
   <div class='ocr_carea' id='block_1_96' title="bbox 344 4613 1840 4692">
    <p class='ocr_par' dir='ltr' id='par_1_96' title="bbox 344 4613 1840 4692">
     <span class='ocr_line' id='line_1_96' title="bbox 344 4613 1840 4692; baseline -0.006 -17"><span class='ocrx_word' id='word_1_626' title='bbox 344 4623 371 4660; x_wconf 67' lang='grc' dir='ltr'>δ</span> <span class='ocrx_word' id='word_1_627' title='bbox 410 4622 760 4692; x_wconf 69' lang='lat' dir='ltr'><strong>Fidejussores</strong></span> <span class='ocrx_word' id='word_1_628' title='bbox 791 4618 1034 4670; x_wconf 80' lang='lat' dir='ltr'><strong>tollendo.</strong></span> <span class='ocrx_word' id='word_1_629' title='bbox 1063 4615 1252 4692; x_wconf 82' lang='lat' dir='ltr'><strong>Judex_,</strong></span> <span class='ocrx_word' id='word_1_630' title='bbox 1281 4615 1446 4692; x_wconf 83' lang='lat' dir='ltr'><strong>qui_in</strong></span> <span class='ocrx_word' id='word_1_631' title='bbox 1464 4613 1550 4680; x_wconf 90' lang='lat' dir='ltr'><strong>jus</strong></span> <span class='ocrx_word' id='word_1_632' title='bbox 1573 4623 1840 4692; x_wconf 66' lang='lat' dir='ltr'><strong>vocatum,</strong></span> 
     </span>
    </p>
   </div>
   <div class='ocr_carea' id='block_1_97' title="bbox 271 4683 1842 4748">
    <p class='ocr_par' dir='ltr' id='par_1_97' title="bbox 271 4683 1842 4748">
     <span class='ocr_line' id='line_1_97' title="bbox 271 4683 1842 4748; baseline -0.007 -1"><span class='ocrx_word' id='word_1_633' title='bbox 271 4705 366 4747; x_wconf 83' lang='lat' dir='ltr'><strong>aut</strong></span> <span class='ocrx_word' id='word_1_634' title='bbox 402 4695 466 4744; x_wconf 87' lang='lat' dir='ltr'><strong>de</strong></span> <span class='ocrx_word' id='word_1_635' title='bbox 506 4683 727 4745; x_wconf 62' lang='lat' dir='ltr'><strong>c&#39;rimine</strong></span> <span class='ocrx_word' id='word_1_636' title='bbox 766 4699 1100 4748; x_wconf 69' lang='lat' dir='ltr'><strong>accusatum,</strong></span> <span class='ocrx_word' id='word_1_637' title='bbox 1142 4683 1326 4737; x_wconf 88' lang='lat' dir='ltr'><strong>vadem</strong></span> <span class='ocrx_word' id='word_1_638' title='bbox 1359 4685 1520 4745; x_wconf 76' lang='lat' dir='ltr'><strong>dare,</strong></span> <span class='ocrx_word' id='word_1_639' title='bbox 1555 4684 1618 4736; x_wconf 89' lang='lat' dir='ltr'><strong>ad</strong></span> <span class='ocrx_word' id='word_1_640' title='bbox 1652 4683 1842 4736; x_wconf 85' lang='lat' dir='ltr'><strong>dictant</strong></span> 
     </span>
    </p>
   </div>
   <div class='ocr_carea' id='block_1_98' title="bbox 269 4753 1849 4831">
    <p class='ocr_par' dir='ltr' id='par_1_98' title="bbox 269 4753 1849 4831">
     <span class='ocr_line' id='line_1_98' title="bbox 269 4753 1849 4831; baseline -0.006 -16"><span class='ocrx_word' id='word_1_641' title='bbox 269 4764 416 4816; x_wconf 85' lang='lat' dir='ltr'><strong>diem</strong></span> <span class='ocrx_word' id='word_1_642' title='bbox 448 4761 555 4831; x_wconf 87' lang='lat' dir='ltr'><strong>iuri</strong></span> <span class='ocrx_word' id='word_1_643' title='bbox 600 4762 958 4831; x_wconf 76' lang='lat' dir='ltr'><strong>sesismrum,</strong></span> <span class='ocrx_word' id='word_1_644' title='bbox 1004 4754 1632 4831; x_wconf 30' lang='lat' dir='ltr'><strong>(agebam-ﬁdeiussores</strong></span> <span class='ocrx_word' id='word_1_645' title='bbox 1673 4753 1849 4806; x_wconf 85' lang='lat' dir='ltr'><strong>tollere</strong></span> 
     </span>
    </p>
   </div>
   <div class='ocr_carea' id='block_1_99' title="bbox 271 4827 1850 4887">
    <p class='ocr_par' dir='ltr' id='par_1_99' title="bbox 271 4827 1850 4887">
     <span class='ocr_line' id='line_1_99' title="bbox 271 4827 1850 4887; baseline -0.008 1"><span class='ocrx_word' id='word_1_646' title='bbox 271 4827 570 4887; x_wconf 68' lang='lat' dir='ltr'><strong>dicebatur.</strong></span> <span class='ocrx_word' id='word_1_647' title='bbox 619 4829 872 4882; x_wconf 84' lang='lat' dir='ltr'><strong>Observat</strong></span> <span class='ocrx_word' id='word_1_648' title='bbox 923 4830 992 4879; x_wconf 89' lang='lat' dir='ltr'><strong>du</strong></span> <span class='ocrx_word' id='word_1_649' title='bbox 1040 4827 1077 4879; x_wconf 89' lang='lat' dir='ltr'><strong>F</strong></span> <span class='ocrx_word' id='word_1_650' title='bbox 1084 4840 1236 4878; x_wconf 89' lang='lat' dir='ltr'><strong>resne</strong></span> <span class='ocrx_word' id='word_1_651' title='bbox 1268 4827 1366 4877; x_wconf 87' lang='lat' dir='ltr'><strong>hac</strong></span> <span class='ocrx_word' id='word_1_652' title='bbox 1395 4839 1524 4876; x_wconf 88' lang='lat' dir='ltr'><strong>voce</strong></span> <span class='ocrx_word' id='word_1_653' title='bbox 1565 4837 1850 4876; x_wconf 63' lang='lat' dir='ltr'><strong>occurrere</strong></span> 
     </span>
    </p>
   </div>
   <div class='ocr_carea' id='block_1_100' title="bbox 277 4893 1849 4961">
    <p class='ocr_par' dir='ltr' id='par_1_100' title="bbox 277 4893 1849 4961">
     <span class='ocr_line' id='line_1_100' title="bbox 277 4893 1849 4961; baseline -0.007 -6"><span class='ocrx_word' id='word_1_654' title='bbox 277 4904 417 4955; x_wconf 86' lang='lat' dir='ltr'><strong>hanc</strong></span> <span class='ocrx_word' id='word_1_655' title='bbox 458 4899 734 4954; x_wconf 88' lang='lat' dir='ltr'><strong>formulam</strong></span> <span class='ocrx_word' id='word_1_656' title='bbox 779 4896 972 4961; x_wconf 59' lang='grc' dir='ltr'>ιιςιεςίιιι</span> <span class='ocrx_word' id='word_1_657' title='bbox 1017 4898 1068 4950; x_wconf 92' lang='lat' dir='ltr'><strong>in</strong></span> <span class='ocrx_word' id='word_1_658' title='bbox 1109 4895 1392 4959; x_wconf 78' lang='lat' dir='ltr'><strong>privilegiis</strong></span> <span class='ocrx_word' id='word_1_659' title='bbox 1420 4904 1474 4945; x_wconf 86' lang='lat' dir='ltr'><strong>et</strong></span> <span class='ocrx_word' id='word_1_660' title='bbox 1505 4893 1849 4945; x_wconf 59' lang='lat' dir='ltr'><strong>immunitati-</strong></span> 
     </span>
    </p>
   </div>
   <div class='ocr_carea' id='block_1_101' title="bbox 276 4961 1849 5034">
    <p class='ocr_par' dir='ltr' id='par_1_101' title="bbox 276 4961 1849 5034">
     <span class='ocr_line' id='line_1_101' title="bbox 276 4961 1849 5034; baseline -0.008 -8"><span class='ocrx_word' id='word_1_661' title='bbox 276 4974 377 5026; x_wconf 89' lang='lat' dir='ltr'><strong>lms</strong></span> <span class='ocrx_word' id='word_1_662' title='bbox 405 4971 642 5024; x_wconf 67' lang='lat' dir='ltr'><strong>ecclesiis</strong></span> <span class='ocrx_word' id='word_1_663' title='bbox 670 4967 938 5021; x_wconf 78' lang='lat' dir='ltr'><strong>Concessis</strong></span> <span class='ocrx_word' id='word_1_664' title='bbox 958 5007 974 5028; x_wconf 89' lang='lat'><strong>,</strong></span> <span class='ocrx_word' id='word_1_665' title='bbox 1004 4969 1156 5034; x_wconf 90' lang='lat' dir='ltr'><strong>eique</strong></span> <span class='ocrx_word' id='word_1_666' title='bbox 1187 4965 1496 5034; x_wconf 83' lang='lat' dir='ltr'><strong>plerumque</strong></span> <span class='ocrx_word' id='word_1_667' title='bbox 1533 4961 1687 5034; x_wconf 70' lang='lat' dir='ltr'><strong>addi,</strong></span> <span class='ocrx_word' id='word_1_668' title='bbox 1710 4962 1849 5025; x_wconf 87' lang='lat' dir='ltr'><strong>quod</strong></span> 
     </span>
    </p>
   </div>
   <div class='ocr_carea' id='block_1_102' title="bbox 272 5031 1853 5108">
    <p class='ocr_par' dir='ltr' id='par_1_102' title="bbox 272 5031 1853 5108">
     <span class='ocr_line' id='line_1_102' title="bbox 272 5031 1853 5108; baseline -0.008 -15"><span class='ocrx_word' id='word_1_669' title='bbox 272 5041 481 5108; x_wconf 77' lang='lat' dir='ltr'><strong>iudices</strong></span> <span class='ocrx_word' id='word_1_670' title='bbox 514 5048 774 5097; x_wconf 84' lang='lat' dir='ltr'><strong>vetentur,</strong></span> <span class='ocrx_word' id='word_1_671' title='bbox 807 5051 988 5089; x_wconf 89' lang='lat' dir='ltr'><strong>earum</strong></span> <span class='ocrx_word' id='word_1_672' title='bbox 1018 5031 1282 5108; x_wconf 67' lang='lat' dir='ltr'><strong>terrasad</strong></span> <span class='ocrx_word' id='word_1_673' title='bbox 1311 5033 1595 5108; x_wconf 72' lang='lat' dir='ltr'><strong>audiendas</strong></span> <span class='ocrx_word' id='word_1_674' title='bbox 1637 5031 1853 5082; x_wconf 80' lang='lat' dir='ltr'><strong>alterca-</strong></span> 
     </span>
    </p>
   </div>
   <div class='ocr_carea' id='block_1_103' title="bbox 277 5103 1849 5177">
    <p class='ocr_par' dir='ltr' id='par_1_103' title="bbox 277 5103 1849 5177">
     <span class='ocr_line' id='line_1_103' title="bbox 277 5103 1849 5177; baseline -0.007 -13"><span class='ocrx_word' id='word_1_675' title='bbox 277 5103 438 5164; x_wconf 73' lang='lat' dir='ltr'><strong>lionrs</strong></span> <span class='ocrx_word' id='word_1_676' title='bbox 468 5108 684 5177; x_wconf 77' lang='lat' dir='ltr'><strong>ingredi,</strong></span> <span class='ocrx_word' id='word_1_677' title='bbox 725 5107 869 5174; x_wconf 75' lang='lat' dir='ltr'><strong>{reda</strong></span> <span class='ocrx_word' id='word_1_678' title='bbox 901 5109 962 5156; x_wconf 85' lang='lat' dir='ltr'><strong>de</strong></span> <span class='ocrx_word' id='word_1_679' title='bbox 992 5104 1295 5177; x_wconf 69' lang='lat' dir='ltr'><strong>quibuslibet</strong></span> <span class='ocrx_word' id='word_1_680' title='bbox 1320 5104 1486 5177; x_wconf 71' lang='lat' dir='ltr'><strong>causis</strong></span> <span class='ocrx_word' id='word_1_681' title='bbox 1516 5103 1738 5177; x_wconf 53' lang='lat' dir='ltr'><strong>egique,</strong></span> <span class='ocrx_word' id='word_1_682' title='bbox 1764 5114 1849 5153; x_wconf 85' lang='lat' dir='ltr'><strong>aut</strong></span> 
     </span>
    </p>
   </div>
   <div class='ocr_carea' id='block_1_104' title="bbox 280 5172 1851 5244">
    <p class='ocr_par' dir='ltr' id='par_1_104' title="bbox 280 5172 1851 5244">
     <span class='ocr_line' id='line_1_104' title="bbox 280 5172 1851 5244; baseline -0.006 -13"><span class='ocrx_word' id='word_1_683' title='bbox 280 5172 568 5232; x_wconf 42' lang='lat' dir='ltr'><strong>ntansionis</strong></span> <span class='ocrx_word' id='word_1_684' title='bbox 596 5178 671 5229; x_wconf 88' lang='lat' dir='ltr'><strong>vel</strong></span> <span class='ocrx_word' id='word_1_685' title='bbox 717 5172 939 5244; x_wconf 62' lang='lat' dir='ltr'><strong>pur-alas</strong></span> <span class='ocrx_word' id='word_1_686' title='bbox 967 5173 1159 5226; x_wconf 84' lang='lat' dir='ltr'><strong>tollere.</strong></span> <span class='ocrx_word' id='word_1_687' title='bbox 1209 5175 1298 5244; x_wconf 62' lang='lat' dir='ltr'><strong>titi</strong></span> <span class='ocrx_word' id='word_1_688' title='bbox 1352 5173 1487 5235; x_wconf 87' lang='lat' dir='ltr'><strong>apud</strong></span> <span class='ocrx_word' id='word_1_689' title='bbox 1520 5172 1851 5244; x_wconf 61' lang='lat' dir='ltr'><strong>hlarcullnm,</strong></span> 
     </span>
    </p>
   </div>
   <div class='ocr_carea' id='block_1_105' title="bbox 283 5242 1857 5314">
    <p class='ocr_par' dir='ltr' id='par_1_105' title="bbox 283 5242 1857 5314">
     <span class='ocr_line' id='line_1_105' title="bbox 283 5242 1857 5314; baseline -0.008 -11"><span class='ocrx_word' id='word_1_690' title='bbox 283 5249 378 5303; x_wconf 88' lang='lat' dir='ltr'><strong>lib.</strong></span> <span class='ocrx_word' id='word_1_691' title='bbox 412 5263 446 5314; x_wconf 86' lang='grc' dir='ltr'>ι,</span> <span class='ocrx_word' id='word_1_692' title='bbox 482 5247 636 5300; x_wconf 77' lang='lat' dir='ltr'><strong>form.</strong></span> <span class='ocrx_word' id='word_1_693' title='bbox 686 5242 737 5301; x_wconf 72' lang='lat'><strong>5.</strong></span> <span class='ocrx_word' id='word_1_694' title='bbox 769 5245 861 5305; x_wconf 62' lang='grc' dir='ltr'>ιη,</span> <span class='ocrx_word' id='word_1_695' title='bbox 916 5243 1006 5306; x_wconf 72' lang='lat'><strong>‘25,</strong></span> <span class='ocrx_word' id='word_1_696' title='bbox 1054 5253 1160 5296; x_wconf 89' lang='lat' dir='ltr'><strong>etc.</strong></span> <span class='ocrx_word' id='word_1_697' title='bbox 1206 5242 1720 5314; x_wconf 79' lang='lat' dir='ltr'><strong>quue_ver_lmrmn_</strong></span> <span class='ocrx_word' id='word_1_698' title='bbox 1755 5242 1857 5314; x_wconf 77' lang='lat' dir='ltr'><strong>cir-</strong></span> 
     </span>
    </p>
   </div>
   <div class='ocr_carea' id='block_1_106' title="bbox 283 5308 1854 5381">
    <p class='ocr_par' dir='ltr' id='par_1_106' title="bbox 283 5308 1854 5381">
     <span class='ocr_line' id='line_1_106' title="bbox 283 5308 1854 5381; baseline -0.008 -9"><span class='ocrx_word' id='word_1_699' title='bbox 283 5308 583 5372; x_wconf 48' lang='lat' dir='ltr'><strong>cuitn&#39;nihil</strong></span> <span class='ocrx_word' id='word_1_700' title='bbox 611 5315 750 5369; x_wconf 88' lang='lat' dir='ltr'><strong>aliud</strong></span> <span class='ocrx_word' id='word_1_701' title='bbox 783 5317 1021 5381; x_wconf 79' lang='lat' dir='ltr'><strong>intelligi,</strong></span> <span class='ocrx_word' id='word_1_702' title='bbox 1055 5327 1211 5380; x_wconf 83' lang='lat' dir='ltr'><strong>quam</strong></span> <span class='ocrx_word' id='word_1_703' title='bbox 1241 5321 1295 5362; x_wconf 91' lang='lat' dir='ltr'><strong>nt</strong></span> <span class='ocrx_word' id='word_1_704' title='bbox 1321 5311 1480 5376; x_wconf 79' lang='lat' dir='ltr'><strong>iudex</strong></span> <span class='ocrx_word' id='word_1_705' title='bbox 1514 5311 1562 5361; x_wconf 92' lang='lat' dir='ltr'><strong>in</strong></span> <span class='ocrx_word' id='word_1_706' title='bbox 1591 5308 1772 5381; x_wconf 67' lang='lat' dir='ltr'><strong>terris,</strong></span> <span class='ocrx_word' id='word_1_707' title='bbox 1806 5311 1854 5360; x_wconf 92' lang='lat' dir='ltr'><strong>in</strong></span> 
     </span>
    </p>
   </div>
   <div class='ocr_carea' id='block_1_107' title="bbox 283 5378 1860 5453">
    <p class='ocr_par' dir='ltr' id='par_1_107' title="bbox 283 5378 1860 5453">
     <span class='ocr_line' id='line_1_107' title="bbox 283 5378 1860 5453; baseline -0.004 -16"><span class='ocrx_word' id='word_1_708' title='bbox 283 5390 476 5453; x_wconf 79' lang='lat' dir='ltr'><strong>quibus</strong></span> <span class='ocrx_word' id='word_1_709' title='bbox 509 5389 810 5438; x_wconf 82' lang='lat' dir='ltr'><strong>immunitas</strong></span> <span class='ocrx_word' id='word_1_710' title='bbox 854 5378 1105 5436; x_wconf 76' lang='lat' dir='ltr'><strong>concessa</strong></span> <span class='ocrx_word' id='word_1_711' title='bbox 1161 5390 1261 5443; x_wconf 84' lang='lat' dir='ltr'><strong>est,</strong></span> <span class='ocrx_word' id='word_1_712' title='bbox 1306 5382 1392 5448; x_wconf 85' lang='lat' dir='ltr'><strong>ius</strong></span> <span class='ocrx_word' id='word_1_713' title='bbox 1427 5394 1530 5430; x_wconf 90' lang='lat' dir='ltr'><strong>non</strong></span> <span class='ocrx_word' id='word_1_714' title='bbox 1571 5378 1729 5440; x_wconf 85' lang='lat' dir='ltr'><strong>dicat,</strong></span> <span class='ocrx_word' id='word_1_715' title='bbox 1769 5388 1860 5430; x_wconf 84' lang='lat' dir='ltr'><strong>aut</strong></span> 
     </span>
    </p>
   </div>
   <div class='ocr_carea' id='block_1_108' title="bbox 282 5457 981 5525">
    <p class='ocr_par' dir='ltr' id='par_1_108' title="bbox 282 5457 981 5525">
     <span class='ocr_line' id='line_1_108' title="bbox 282 5457 981 5525; baseline -0.004 -16"><span class='ocrx_word' id='word_1_716' title='bbox 282 5457 539 5525; x_wconf 86' lang='lat' dir='ltr'><strong>iustitiam</strong></span> <span class='ocrx_word' id='word_1_717' title='bbox 571 5472 674 5508; x_wconf 89' lang='lat' dir='ltr'><strong>non</strong></span> <span class='ocrx_word' id='word_1_718' title='bbox 716 5464 981 5507; x_wconf 70' lang='lat' dir='ltr'><strong>exerceat.</strong></span> 
     </span>
    </p>
   </div>
   <div class='ocr_carea' id='block_1_109' title="bbox 362 5516 1860 5591">
    <p class='ocr_par' dir='ltr' id='par_1_109' title="bbox 362 5516 1860 5591">
     <span class='ocr_line' id='line_1_109' title="bbox 362 5516 1860 5591; baseline -0.009 -8"><span class='ocrx_word' id='word_1_719' title='bbox 362 5538 384 5565; x_wconf 72' lang='grc' dir='ltr'>ο</span> <span class='ocrx_word' id='word_1_720' title='bbox 428 5526 637 5582; x_wconf 64' lang='grc' dir='ltr'><strong>δίηται.</strong></span> <span class='ocrx_word' id='word_1_721' title='bbox 672 5525 895 5588; x_wconf 68' lang='lat' dir='ltr'><strong>Angarin</strong></span> <span class='ocrx_word' id='word_1_722' title='bbox 930 5526 980 5576; x_wconf 89' lang='lat' dir='ltr'><strong>in</strong></span> <span class='ocrx_word' id='word_1_723' title='bbox 1009 5522 1158 5591; x_wconf 86' lang='lat' dir='ltr'><strong>equis</strong></span> <span class='ocrx_word' id='word_1_724' title='bbox 1185 5521 1265 5572; x_wconf 88' lang='lat' dir='ltr'><strong>vel</strong></span> <span class='ocrx_word' id='word_1_725' title='bbox 1297 5517 1415 5591; x_wconf 78' lang='lat' dir='ltr'><strong>aliis</strong></span> <span class='ocrx_word' id='word_1_726' title='bbox 1439 5516 1693 5591; x_wconf 79' lang='lat' dir='ltr'><strong>servitiis.</strong></span> <span class='ocrx_word' id='word_1_727' title='bbox 1728 5517 1860 5591; x_wconf 83' lang='lat' dir='ltr'><strong>llinc</strong></span> 
     </span>
    </p>
   </div>
   <div class='ocr_carea' id='block_1_110' title="bbox 286 5587 1858 5657">
    <p class='ocr_par' dir='ltr' id='par_1_110' title="bbox 286 5587 1858 5657">
     <span class='ocr_line' id='line_1_110' title="bbox 286 5587 1858 5657; baseline -0.008 -8"><span class='ocrx_word' id='word_1_728' title='bbox 286 5595 523 5650; x_wconf 70' lang='lat' dir='ltr'><strong>Csesario</strong></span> <span class='ocrx_word' id='word_1_729' title='bbox 555 5587 974 5648; x_wconf 60' lang='lat' dir='ltr'><strong>lleistetbacensi</strong></span> <span class='ocrx_word' id='word_1_730' title='bbox 1026 5587 1240 5645; x_wconf 76' lang='lat' dir='ltr'><strong>Scarmn</strong></span> <span class='ocrx_word' id='word_1_731' title='bbox 1286 5589 1469 5657; x_wconf 78' lang='lat' dir='ltr'><strong>facere,</strong></span> <span class='ocrx_word' id='word_1_732' title='bbox 1512 5597 1583 5638; x_wconf 76' lang='lat' dir='ltr'><strong>est</strong></span> <span class='ocrx_word' id='word_1_733' title='bbox 1629 5587 1858 5657; x_wconf 77' lang='lat' dir='ltr'><strong>domino,</strong></span> 
     </span>
    </p>
   </div>
   <div class='ocr_carea' id='block_1_111' title="bbox 288 5655 1860 5733">
    <p class='ocr_par' dir='ltr' id='par_1_111' title="bbox 288 5655 1860 5733">
     <span class='ocr_line' id='line_1_111' title="bbox 288 5655 1860 5733; baseline -0.007 -13"><span class='ocrx_word' id='word_1_734' title='bbox 288 5669 494 5733; x_wconf 72' lang='lat' dir='ltr'><strong>quando</strong></span> <span class='ocrx_word' id='word_1_735' title='bbox 524 5667 631 5730; x_wconf 83' lang='lat' dir='ltr'><strong>ipse</strong></span> <span class='ocrx_word' id='word_1_736' title='bbox 647 5666 882 5733; x_wconf 74' lang='lat' dir='ltr'><strong>jusserit,</strong></span> <span class='ocrx_word' id='word_1_737' title='bbox 901 5663 1102 5724; x_wconf 70' lang='lat' dir='ltr'><strong>seri-ire,</strong></span> <span class='ocrx_word' id='word_1_738' title='bbox 1135 5671 1180 5713; x_wconf 78' lang='lat' dir='ltr'><strong>et</strong></span> <span class='ocrx_word' id='word_1_739' title='bbox 1210 5655 1441 5733; x_wconf 73' lang='lat' dir='ltr'><strong>nantium</strong></span> <span class='ocrx_word' id='word_1_740' title='bbox 1474 5660 1582 5726; x_wconf 83' lang='lat' dir='ltr'><strong>ejus</strong></span> <span class='ocrx_word' id='word_1_741' title='bbox 1611 5673 1698 5709; x_wconf 84' lang='lat' dir='ltr'><strong>seu</strong></span> <span class='ocrx_word' id='word_1_742' title='bbox 1724 5655 1860 5709; x_wconf 84' lang='lat' dir='ltr'><strong>litte-</strong></span> 
     </span>
    </p>
   </div>
   <div class='ocr_carea' id='block_1_112' title="bbox 291 5730 1432 5795">
    <p class='ocr_par' dir='ltr' id='par_1_112' title="bbox 291 5730 1432 5795">
     <span class='ocr_line' id='line_1_112' title="bbox 291 5730 1432 5795; baseline -0.006 -9"><span class='ocrx_word' id='word_1_743' title='bbox 291 5730 378 5788; x_wconf 60' lang='grc' dir='ltr'><strong>ξω</strong></span> <span class='ocrx_word' id='word_1_744' title='bbox 408 5736 473 5786; x_wconf 82' lang='lat' dir='ltr'><strong>ad</strong></span> <span class='ocrx_word' id='word_1_745' title='bbox 503 5730 666 5786; x_wconf 74' lang='lat' dir='ltr'><strong>locum</strong></span> <span class='ocrx_word' id='word_1_746' title='bbox 686 5732 788 5785; x_wconf 76' lang='lat' dir='ltr'><strong>sibi</strong></span> <span class='ocrx_word' id='word_1_747' title='bbox 810 5733 1193 5784; x_wconf 60' lang='lat' dir='ltr'><strong>determinatam</strong></span> <span class='ocrx_word' id='word_1_748' title='bbox 1219 5730 1432 5795; x_wconf 75' lang='lat' dir='ltr'><strong>deferre.</strong></span> 
     </span>
    </p>
   </div>
   <div class='ocr_carea' id='block_1_113' title="bbox 369 5797 1860 5865">
    <p class='ocr_par' dir='ltr' id='par_1_113' title="bbox 369 5797 1860 5865">
     <span class='ocr_line' id='line_1_113' title="bbox 369 5797 1860 5865; baseline -0.004 -7"><span class='ocrx_word' id='word_1_749' title='bbox 369 5805 394 5843; x_wconf 75' lang='grc' dir='ltr'><strong><em>ἀ</em></strong></span> <span class='ocrx_word' id='word_1_750' title='bbox 423 5803 838 5858; x_wconf 71' lang='lat' dir='ltr'><strong>Hansionaticos.</strong></span> <span class='ocrx_word' id='word_1_751' title='bbox 887 5801 1224 5856; x_wconf 82' lang='lat' dir='ltr'><strong>incumbebat</strong></span> <span class='ocrx_word' id='word_1_752' title='bbox 1267 5797 1681 5865; x_wconf 62' lang='lat' dir='ltr'><strong>proiincialibus</strong></span> <span class='ocrx_word' id='word_1_753' title='bbox 1728 5813 1860 5852; x_wconf 88' lang='lat' dir='ltr'><strong>onus</strong></span> 
     </span>
    </p>
   </div>
   <div class='ocr_carea' id='block_1_114' title="bbox 2026 4548 3536 4620">
    <p class='ocr_par' dir='ltr' id='par_1_114' title="bbox 2026 4548 3536 4620">
     <span class='ocr_line' id='line_1_114' title="bbox 2026 4548 3536 4620; baseline 0.003 -18"><span class='ocrx_word' id='word_1_754' title='bbox 2026 4551 2044 4590; x_wconf 76' lang='grc' dir='ltr'>ί</span> <span class='ocrx_word' id='word_1_755' title='bbox 2088 4552 2160 4604; x_wconf 91' lang='lat' dir='ltr'><strong>De</strong></span> <span class='ocrx_word' id='word_1_756' title='bbox 2190 4551 2426 4620; x_wconf 81' lang='lat' dir='ltr'><strong>carrigio.</strong></span> <span class='ocrx_word' id='word_1_757' title='bbox 2463 4549 2684 4604; x_wconf 87' lang='lat' dir='ltr'><strong>Vectura</strong></span> <span class='ocrx_word' id='word_1_758' title='bbox 2734 4565 2854 4606; x_wconf 92' lang='lat' dir='ltr'><strong>cum</strong></span> <span class='ocrx_word' id='word_1_759' title='bbox 2901 4565 3079 4616; x_wconf 88' lang='lat' dir='ltr'><strong>carro,</strong></span> <span class='ocrx_word' id='word_1_760' title='bbox 3121 4565 3278 4620; x_wconf 87' lang='lat' dir='ltr'><strong>quam</strong></span> <span class='ocrx_word' id='word_1_761' title='bbox 3309 4548 3536 4606; x_wconf 84' lang='lat' dir='ltr'><strong>domino</strong></span> 
     </span>
    </p>
   </div>
   <div class='ocr_carea' id='block_1_115' title="bbox 1943 4619 2523 4690">
    <p class='ocr_par' dir='ltr' id='par_1_115' title="bbox 1943 4619 2523 4690">
     <span class='ocr_line' id='line_1_115' title="bbox 1943 4619 2523 4690; baseline 0.002 -22"><span class='ocrx_word' id='word_1_762' title='bbox 1943 4623 2281 4690; x_wconf 57' lang='lat' dir='ltr'><strong>praestabant</strong></span> <span class='ocrx_word' id='word_1_763' title='bbox 2305 4619 2523 4690; x_wconf 75' lang='lat' dir='ltr'><strong>subditi.</strong></span> 
     </span>
    </p>
   </div>
   <div class='ocr_carea' id='block_1_116' title="bbox 2024 4687 3537 4758">
    <p class='ocr_par' dir='ltr' id='par_1_116' title="bbox 2024 4687 3537 4758">
     <span class='ocr_line' id='line_1_116' title="bbox 2024 4687 3537 4758; baseline 0.006 -22"><span class='ocrx_word' id='word_1_764' title='bbox 2024 4699 2049 4736; x_wconf 81' lang='grc' dir='ltr'>ις</span> <span class='ocrx_word' id='word_1_765' title='bbox 2103 4687 2178 4742; x_wconf 85' lang='lat' dir='ltr'><strong>De</strong></span> <span class='ocrx_word' id='word_1_766' title='bbox 2221 4687 2538 4758; x_wconf 77' lang='lat' dir='ltr'><strong>parafredos.</strong></span> <span class='ocrx_word' id='word_1_767' title='bbox 2588 4687 2718 4756; x_wconf 82' lang='lat' dir='ltr'><strong>Eqni</strong></span> <span class='ocrx_word' id='word_1_768' title='bbox 2767 4687 2833 4744; x_wconf 90' lang='lat' dir='ltr'><strong>ad</strong></span> <span class='ocrx_word' id='word_1_769' title='bbox 2879 4691 3217 4758; x_wconf 78' lang='lat' dir='ltr'><strong>equitandum</strong></span> <span class='ocrx_word' id='word_1_770' title='bbox 3273 4691 3537 4745; x_wconf 85' lang='lat' dir='ltr'><strong>ministris</strong></span> 
     </span>
    </p>
   </div>
   <div class='ocr_carea' id='block_1_117' title="bbox 1955 4758 3535 4830">
    <p class='ocr_par' dir='ltr' id='par_1_117' title="bbox 1955 4758 3535 4830">
     <span class='ocr_line' id='line_1_117' title="bbox 1955 4758 3535 4830; baseline 0.001 -21"><span class='ocrx_word' id='word_1_771' title='bbox 1955 4759 2182 4830; x_wconf 79' lang='lat' dir='ltr'><strong>publicis</strong></span> <span class='ocrx_word' id='word_1_772' title='bbox 2233 4758 2497 4830; x_wconf 75' lang='lat' dir='ltr'><strong>exhiberi</strong></span> <span class='ocrx_word' id='word_1_773' title='bbox 2527 4762 2789 4813; x_wconf 89' lang='lat' dir='ltr'><strong>consueti.</strong></span> <span class='ocrx_word' id='word_1_774' title='bbox 2836 4761 3068 4826; x_wconf 81' lang='lat' dir='ltr'><strong>Capitul.</strong></span> <span class='ocrx_word' id='word_1_775' title='bbox 3099 4760 3274 4830; x_wconf 78' lang='lat' dir='ltr'><strong>Caroli</strong></span> <span class='ocrx_word' id='word_1_776' title='bbox 3334 4759 3535 4830; x_wconf 78' lang='lat' dir='ltr'><strong>Magni,</strong></span> 
     </span>
    </p>
   </div>
   <div class='ocr_carea' id='block_1_118' title="bbox 1955 4827 3534 4895">
    <p class='ocr_par' dir='ltr' id='par_1_118' title="bbox 1955 4827 3534 4895">
     <span class='ocr_line' id='line_1_118' title="bbox 1955 4827 3534 4895; baseline -0.001 -13"><span class='ocrx_word' id='word_1_777' title='bbox 1955 4827 2048 4883; x_wconf 86' lang='lat' dir='ltr'><strong>lib.</strong></span> <span class='ocrx_word' id='word_1_778' title='bbox 2084 4845 2140 4890; x_wconf 92' lang='lat' dir='ltr'><strong>tt,</strong></span> <span class='ocrx_word' id='word_1_779' title='bbox 2169 4843 2220 4882; x_wconf 91' lang='lat' dir='ltr'><strong>c.</strong></span> <span class='ocrx_word' id='word_1_780' title='bbox 2265 4830 2369 4880; x_wconf 82' lang='lat' dir='ltr'><strong>t6:</strong></span> <span class='ocrx_word' id='word_1_781' title='bbox 2411 4847 2428 4879; x_wconf 74' lang='grc' dir='ltr'><strong>ι</strong></span> <span class='ocrx_word' id='word_1_782' title='bbox 2466 4829 2565 4892; x_wconf 82' lang='lat' dir='ltr'><strong>Qui</strong></span> <span class='ocrx_word' id='word_1_783' title='bbox 2616 4830 2904 4895; x_wconf 71' lang='lat' dir='ltr'><strong>legationes</strong></span> <span class='ocrx_word' id='word_1_784' title='bbox 2946 4831 3010 4882; x_wconf 92' lang='lat' dir='ltr'><strong>ad</strong></span> <span class='ocrx_word' id='word_1_785' title='bbox 3061 4845 3157 4881; x_wconf 83' lang='lat' dir='ltr'><strong>nos</strong></span> <span class='ocrx_word' id='word_1_786' title='bbox 3203 4827 3438 4882; x_wconf 78' lang='lat' dir='ltr'><strong>directas</strong></span> <span class='ocrx_word' id='word_1_787' title='bbox 3477 4827 3534 4881; x_wconf 89' lang='lat' dir='ltr'><strong>in</strong></span> 
     </span>
    </p>
   </div>
   <div class='ocr_carea' id='block_1_119' title="bbox 1955 4897 3534 4966">
    <p class='ocr_par' dir='ltr' id='par_1_119' title="bbox 1955 4897 3534 4966">
     <span class='ocr_line' id='line_1_119' title="bbox 1955 4897 3534 4966; baseline -0.003 -14"><span class='ocrx_word' id='word_1_788' title='bbox 1955 4903 2068 4953; x_wconf 81' lang='lat' dir='ltr'><strong>Suis</strong></span> <span class='ocrx_word' id='word_1_789' title='bbox 2095 4897 2455 4951; x_wconf 82' lang='lat' dir='ltr'><strong>mansionibus</strong></span> <span class='ocrx_word' id='word_1_790' title='bbox 2483 4908 2572 4950; x_wconf 85' lang='lat' dir='ltr'><strong>aut</strong></span> <span class='ocrx_word' id='word_1_791' title='bbox 2600 4901 2737 4951; x_wconf 81' lang='lat' dir='ltr'><strong>male</strong></span> <span class='ocrx_word' id='word_1_792' title='bbox 2765 4900 3046 4966; x_wconf 82' lang='lat' dir='ltr'><strong>rccipiunt,</strong></span> <span class='ocrx_word' id='word_1_793' title='bbox 3071 4907 3164 4950; x_wconf 90' lang='lat' dir='ltr'><strong>aut</strong></span> <span class='ocrx_word' id='word_1_794' title='bbox 3191 4897 3534 4950; x_wconf 84' lang='lat' dir='ltr'><strong>constitutam</strong></span> 
     </span>
    </p>
   </div>
   <div class='ocr_carea' id='block_1_120' title="bbox 1955 4967 3536 5035">
    <p class='ocr_par' dir='ltr' id='par_1_120' title="bbox 1955 4967 3536 5035">
     <span class='ocr_line' id='line_1_120' title="bbox 1955 4967 3536 5035; baseline -0.001 -15"><span class='ocrx_word' id='word_1_795' title='bbox 1955 4984 1982 5020; x_wconf 89' lang='lat' dir='ltr'><strong>a</strong></span> <span class='ocrx_word' id='word_1_796' title='bbox 2013 4968 2166 5020; x_wconf 78' lang='lat' dir='ltr'><strong>nobis</strong></span> <span class='ocrx_word' id='word_1_797' title='bbox 2198 4970 2472 5033; x_wconf 88' lang='lat' dir='ltr'><strong>pecuniam</strong></span> <span class='ocrx_word' id='word_1_798' title='bbox 2515 4982 2619 5020; x_wconf 92' lang='lat' dir='ltr'><strong>non</strong></span> <span class='ocrx_word' id='word_1_799' title='bbox 2665 4969 2922 5034; x_wconf 81' lang='lat' dir='ltr'><strong>tribuunt,</strong></span> <span class='ocrx_word' id='word_1_800' title='bbox 2965 4978 3054 5019; x_wconf 89' lang='lat' dir='ltr'><strong>aut</strong></span> <span class='ocrx_word' id='word_1_801' title='bbox 3085 4970 3374 5035; x_wconf 85' lang='lat' dir='ltr'><strong>paravreda</strong></span> <span class='ocrx_word' id='word_1_802' title='bbox 3405 4967 3536 5020; x_wconf 81' lang='lat' dir='ltr'><strong>dare</strong></span> 
     </span>
    </p>
   </div>
   <div class='ocr_carea' id='block_1_121' title="bbox 1959 5039 2222 5090">
    <p class='ocr_par' dir='ltr' id='par_1_121' title="bbox 1959 5039 2222 5090">
     <span class='ocr_line' id='line_1_121' title="bbox 1959 5039 2222 5090; baseline -0.004 -1"><span class='ocrx_word' id='word_1_803' title='bbox 1959 5039 2165 5090; x_wconf 84' lang='lat' dir='ltr'><strong>uolunt.</strong></span> <span class='ocrx_word' id='word_1_804' title='bbox 2205 5055 2222 5087; x_wconf 81' lang='grc' dir='ltr'><strong>ι</strong></span> 
     </span>
    </p>
   </div>
   <div class='ocr_carea' id='block_1_122' title="bbox 2031 5103 3534 5170">
    <p class='ocr_par' dir='ltr' id='par_1_122' title="bbox 2031 5103 3534 5170">
     <span class='ocr_line' id='line_1_122' title="bbox 2031 5103 3534 5170; baseline -0.001 -13"><span class='ocrx_word' id='word_1_805' title='bbox 2031 5103 2054 5142; x_wconf 66' lang='grc' dir='ltr'>δ</span> <span class='ocrx_word' id='word_1_806' title='bbox 2089 5103 2298 5161; x_wconf 81' lang='lat' dir='ltr'><strong>Franci.</strong></span> <span class='ocrx_word' id='word_1_807' title='bbox 2335 5107 2444 5158; x_wconf 82' lang='lat' dir='ltr'><strong>Hoc</strong></span> <span class='ocrx_word' id='word_1_808' title='bbox 2488 5107 2604 5158; x_wconf 88' lang='lat' dir='ltr'><strong>loco</strong></span> <span class='ocrx_word' id='word_1_809' title='bbox 2651 5103 2920 5168; x_wconf 80' lang='lat' dir='ltr'><strong>Francus,</strong></span> <span class='ocrx_word' id='word_1_810' title='bbox 2973 5104 3045 5156; x_wconf 85' lang='grc' dir='ltr'>ιιιί</span> <span class='ocrx_word' id='word_1_811' title='bbox 3090 5117 3232 5170; x_wconf 68' lang='grc' dir='ltr'><strong>εωρο</strong></span> <span class='ocrx_word' id='word_1_812' title='bbox 3274 5103 3402 5156; x_wconf 90' lang='lat' dir='ltr'><strong>alias</strong></span> <span class='ocrx_word' id='word_1_813' title='bbox 3436 5116 3534 5168; x_wconf 91' lang='lat' dir='ltr'><strong>pro</strong></span> 
     </span>
    </p>
   </div>
   <div class='ocr_carea' id='block_1_123' title="bbox 1961 5175 3530 5242">
    <p class='ocr_par' dir='ltr' id='par_1_123' title="bbox 1961 5175 3530 5242">
     <span class='ocr_line' id='line_1_123' title="bbox 1961 5175 3530 5242; baseline -0.003 -14"><span class='ocrx_word' id='word_1_814' title='bbox 1961 5175 2174 5228; x_wconf 89' lang='lat' dir='ltr'><strong>hontine</strong></span> <span class='ocrx_word' id='word_1_815' title='bbox 2203 5175 2361 5228; x_wconf 82' lang='lat' dir='ltr'><strong>libero</strong></span> <span class='ocrx_word' id='word_1_816' title='bbox 2410 5184 2462 5227; x_wconf 89' lang='lat' dir='ltr'><strong>et</strong></span> <span class='ocrx_word' id='word_1_817' title='bbox 2510 5178 2726 5242; x_wconf 67' lang='lat' dir='ltr'><strong>ingenuo</strong></span> <span class='ocrx_word' id='word_1_818' title='bbox 2772 5178 2911 5241; x_wconf 79' lang='lat' dir='ltr'><strong>apud</strong></span> <span class='ocrx_word' id='word_1_819' title='bbox 2952 5185 3177 5235; x_wconf 86' lang='lat' dir='ltr'><strong>veteres,</strong></span> <span class='ocrx_word' id='word_1_820' title='bbox 3229 5181 3530 5242; x_wconf 54' lang='lat' dir='ltr'><strong>usugpatur.</strong></span> 
     </span>
    </p>
   </div>
   <div class='ocr_carea' id='block_1_124' title="bbox 1964 5237 3437 5309">
    <p class='ocr_par' dir='ltr' id='par_1_124' title="bbox 1964 5237 3437 5309">
     <span class='ocr_line' id='line_1_124' title="bbox 1964 5237 3437 5309; baseline -0.004 -11"><span class='ocrx_word' id='word_1_821' title='bbox 1964 5245 2077 5298; x_wconf 72' lang='lat' dir='ltr'><strong>V&#39;id.</strong></span> <span class='ocrx_word' id='word_1_822' title='bbox 2109 5243 2331 5297; x_wconf 75' lang='lat' dir='ltr'><strong>Eckhat&#39;t</strong></span> <span class='ocrx_word' id='word_1_823' title='bbox 2364 5245 2485 5295; x_wconf 65' lang='lat' dir='ltr'><strong>Iier.</strong></span> <span class='ocrx_word' id='word_1_824' title='bbox 2515 5237 2773 5304; x_wconf 47' lang='grc' dir='ltr'><strong>Εἰῗθιιρίοη</strong></span> <span class='ocrx_word' id='word_1_825' title='bbox 2805 5237 2894 5294; x_wconf 71' lang='lat' dir='ltr'><strong>illi.</strong></span> <span class='ocrx_word' id='word_1_826' title='bbox 2923 5258 3050 5302; x_wconf 77' lang='lat' dir='ltr'><strong>xui,</strong></span> <span class='ocrx_word' id='word_1_827' title='bbox 3080 5259 3133 5296; x_wconf 90' lang='lat' dir='ltr'><strong>tt.</strong></span> <span class='ocrx_word' id='word_1_828' title='bbox 3163 5242 3217 5303; x_wconf 85' lang='lat'><strong>9,</strong></span> <span class='ocrx_word' id='word_1_829' title='bbox 3253 5257 3307 5309; x_wconf 90' lang='lat' dir='ltr'><strong>p.</strong></span> <span class='ocrx_word' id='word_1_830' title='bbox 3335 5237 3437 5292; x_wconf 74' lang='lat'><strong>377</strong></span> 
     </span>
    </p>
   </div>
   <div class='ocr_carea' id='block_1_125' title="bbox 2039 5309 3528 5378">
    <p class='ocr_par' dir='ltr' id='par_1_125' title="bbox 2039 5309 3528 5378">
     <span class='ocr_line' id='line_1_125' title="bbox 2039 5309 3528 5378; baseline -0.005 -12"><span class='ocrx_word' id='word_1_831' title='bbox 2039 5323 2053 5350; x_wconf 76' lang='grc' dir='ltr'><strong>ι</strong></span> <span class='ocrx_word' id='word_1_832' title='bbox 2080 5314 2452 5371; x_wconf 75' lang='grc' dir='ltr'><strong>ΙΙεΥἰὸαηηωη.</strong></span> <span class='ocrx_word' id='word_1_833' title='bbox 2475 5314 2551 5365; x_wconf 85' lang='lat' dir='ltr'><strong>vel</strong></span> <span class='ocrx_word' id='word_1_834' title='bbox 2575 5313 2707 5363; x_wconf 67' lang='lat' dir='ltr'><strong>brum</strong></span> <span class='ocrx_word' id='word_1_835' title='bbox 2730 5313 2938 5367; x_wconf 66' lang='lat' dir='ltr'><strong>:m.\’ox</strong></span> <span class='ocrx_word' id='word_1_836' title='bbox 2958 5312 3246 5378; x_wconf 76' lang='lat' dir='ltr'><strong>coinposita</strong></span> <span class='ocrx_word' id='word_1_837' title='bbox 3277 5325 3340 5362; x_wconf 86' lang='lat' dir='ltr'><strong>ex</strong></span> <span class='ocrx_word' id='word_1_838' title='bbox 3373 5309 3528 5372; x_wconf 80' lang='lat' dir='ltr'><strong>ﬂeer,</strong></span> 
     </span>
    </p>
   </div>
   <div class='ocr_carea' id='block_1_126' title="bbox 1962 5377 3534 5448">
    <p class='ocr_par' dir='ltr' id='par_1_126' title="bbox 1962 5377 3534 5448">
     <span class='ocr_line' id='line_1_126' title="bbox 1962 5377 3534 5448; baseline -0.003 -12"><span class='ocrx_word' id='word_1_839' title='bbox 1962 5385 2248 5441; x_wconf 61' lang='lat' dir='ltr'><strong>exercitus.</strong></span> <span class='ocrx_word' id='word_1_840' title='bbox 2290 5393 2343 5435; x_wconf 87' lang='lat' dir='ltr'><strong>et</strong></span> <span class='ocrx_word' id='word_1_841' title='bbox 2389 5384 2629 5448; x_wconf 79' lang='lat' dir='ltr'><strong>bannum,</strong></span> <span class='ocrx_word' id='word_1_842' title='bbox 2679 5385 2817 5448; x_wconf 81' lang='lat' dir='ltr'><strong>quod</strong></span> <span class='ocrx_word' id='word_1_843' title='bbox 2866 5395 2949 5436; x_wconf 84' lang='lat' dir='ltr'><strong>est</strong></span> <span class='ocrx_word' id='word_1_844' title='bbox 2992 5377 3192 5442; x_wconf 81' lang='lat' dir='ltr'><strong>citatio,</strong></span> <span class='ocrx_word' id='word_1_845' title='bbox 3236 5377 3406 5448; x_wconf 88' lang='lat' dir='ltr'><strong>iussio</strong></span> <span class='ocrx_word' id='word_1_846' title='bbox 3437 5393 3534 5432; x_wconf 89' lang='lat' dir='ltr'><strong>seu</strong></span> 
     </span>
    </p>
   </div>
   <div class='ocr_carea' id='block_1_127' title="bbox 1963 5450 3540 5517">
    <p class='ocr_par' dir='ltr' id='par_1_127' title="bbox 1963 5450 3540 5517">
     <span class='ocr_line' id='line_1_127' title="bbox 1963 5450 3540 5517; baseline -0.003 -12"><span class='ocrx_word' id='word_1_847' title='bbox 1963 5455 2196 5505; x_wconf 71' lang='lat' dir='ltr'><strong>inductio.</strong></span> <span class='ocrx_word' id='word_1_848' title='bbox 2225 5450 2515 5517; x_wconf 87' lang='lat' dir='ltr'><strong>Usurpatnr</strong></span> <span class='ocrx_word' id='word_1_849' title='bbox 2535 5463 2708 5505; x_wconf 83' lang='lat' dir='ltr'><strong>autem</strong></span> <span class='ocrx_word' id='word_1_850' title='bbox 2731 5468 2827 5506; x_wconf 80' lang='lat' dir='ltr'><strong>vox</strong></span> <span class='ocrx_word' id='word_1_851' title='bbox 2851 5451 3205 5506; x_wconf 78' lang='lat' dir='ltr'><strong>Heributmum</strong></span> <span class='ocrx_word' id='word_1_852' title='bbox 3227 5463 3318 5514; x_wconf 86' lang='lat' dir='ltr'><strong>pro</strong></span> <span class='ocrx_word' id='word_1_853' title='bbox 3341 5451 3540 5501; x_wconf 67' lang='lat' dir='ltr'><strong>inuida</strong></span> 
     </span>
    </p>
   </div>
   <div class='ocr_carea' id='block_1_128' title="bbox 1962 5519 3540 5589">
    <p class='ocr_par' dir='ltr' id='par_1_128' title="bbox 1962 5519 3540 5589">
     <span class='ocr_line' id='line_1_128' title="bbox 1962 5519 3540 5589; baseline -0.003 -15"><span class='ocrx_word' id='word_1_854' title='bbox 1962 5538 2079 5581; x_wconf 68' lang='lat' dir='ltr'><strong>«tua:</strong></span> <span class='ocrx_word' id='word_1_855' title='bbox 2107 5524 2156 5574; x_wconf 91' lang='lat' dir='ltr'><strong>in</strong></span> <span class='ocrx_word' id='word_1_856' title='bbox 2185 5522 2474 5574; x_wconf 70' lang='lat' dir='ltr'><strong>exercitum</strong></span> <span class='ocrx_word' id='word_1_857' title='bbox 2509 5536 2748 5589; x_wconf 78' lang='lat' dir='ltr'><strong>per-gere,</strong></span> <span class='ocrx_word' id='word_1_858' title='bbox 2777 5531 2896 5586; x_wconf 71' lang='lat' dir='ltr'><strong>post.</strong></span> <span class='ocrx_word' id='word_1_859' title='bbox 2928 5523 3154 5573; x_wconf 87' lang='lat' dir='ltr'><strong>bannum</strong></span> <span class='ocrx_word' id='word_1_860' title='bbox 3178 5530 3233 5572; x_wconf 88' lang='lat' dir='ltr'><strong>et</strong></span> <span class='ocrx_word' id='word_1_861' title='bbox 3262 5519 3540 5570; x_wconf 76' lang='lat' dir='ltr'><strong>submoui-</strong></span> 
     </span>
    </p>
   </div>
   <div class='ocr_carea' id='block_1_129' title="bbox 1966 5591 2950 5652">
    <p class='ocr_par' dir='ltr' id='par_1_129' title="bbox 1966 5591 2950 5652">
     <span class='ocr_line' id='line_1_129' title="bbox 1966 5591 2950 5652; baseline 0.001 -9"><span class='ocrx_word' id='word_1_862' title='bbox 1966 5591 2184 5652; x_wconf 85' lang='lat' dir='ltr'><strong>tiuuem,</strong></span> <span class='ocrx_word' id='word_1_863' title='bbox 2216 5593 2574 5642; x_wconf 78' lang='lat' dir='ltr'><strong>contemnenti</strong></span> <span class='ocrx_word' id='word_1_864' title='bbox 2603 5592 2950 5644; x_wconf 56' lang='lat' dir='ltr'><strong>indicebatur.</strong></span> 
     </span>
    </p>
   </div>
   <div class='ocr_carea' id='block_1_130' title="bbox 2044 5655 3544 5717">
    <p class='ocr_par' dir='ltr' id='par_1_130' title="bbox 2044 5655 3544 5717">
     <span class='ocr_line' id='line_1_130' title="bbox 2044 5655 3544 5717; baseline 0.002 -8"><span class='ocrx_word' id='word_1_865' title='bbox 2044 5661 2058 5709; x_wconf 86' lang='lat' dir='ltr'><strong>l</strong></span> <span class='ocrx_word' id='word_1_866' title='bbox 2098 5659 2492 5714; x_wconf 87' lang='lat' dir='ltr'><strong>Conlirmarnnt</strong></span> <span class='ocrx_word' id='word_1_867' title='bbox 2535 5662 2648 5714; x_wconf 66' lang='lat' dir='ltr'><strong>haec</strong></span> <span class='ocrx_word' id='word_1_868' title='bbox 2690 5661 2882 5717; x_wconf 81' lang='lat' dir='ltr'><strong>deinde</strong></span> <span class='ocrx_word' id='word_1_869' title='bbox 2927 5674 3064 5715; x_wconf 90' lang='lat' dir='ltr'><strong>anno</strong></span> <span class='ocrx_word' id='word_1_870' title='bbox 3091 5656 3199 5712; x_wconf 68' lang='lat'><strong>226</strong></span> <span class='ocrx_word' id='word_1_871' title='bbox 3231 5655 3544 5712; x_wconf 81' lang='lat' dir='ltr'><strong>Ludovicus</strong></span> 
     </span>
    </p>
   </div>
   <div class='ocr_carea' id='block_1_131' title="bbox 1966 5729 2521 5798">
    <p class='ocr_par' dir='ltr' id='par_1_131' title="bbox 1966 5729 2521 5798">
     <span class='ocr_line' id='line_1_131' title="bbox 1966 5729 2521 5798; baseline -0.004 -14"><span class='ocrx_word' id='word_1_872' title='bbox 1966 5741 2019 5786; x_wconf 87' lang='lat' dir='ltr'><strong>ct</strong></span> <span class='ocrx_word' id='word_1_873' title='bbox 2051 5729 2328 5784; x_wconf 57' lang='lat' dir='ltr'><strong>Lothat-ius</strong></span> <span class='ocrx_word' id='word_1_874' title='bbox 2358 5729 2521 5798; x_wconf 84' lang='lat' dir='ltr'><strong>itnpp.</strong></span> 
     </span>
    </p>
   </div>
  </div>
