4034 6182
490 268 506 286 ’
575 305 714 366 tuss

1489 305 1548 362 Β.
1587 304 1835 362 cauom
1874 302 2082 358 mem
2120 297 2270 356 opp.
2305 262 2480 358 mas
2517 303 2556 368 ι,
2597 299 2834 358 εεοτιο
2873 301 2938 355 ιι.

3688 308 3818 366 1056

572 433 728 485 quam
746 417 960 484 futuris,
985 425 1165 473 notum
1187 417 1278 480 sit,
1301 417 1528 486 qualiter
1547 416 1814 476 dominus.
1842 425 1896 470 et
1923 416 2130 484 genitor
2165 416 2215 471 Δ
2241 415 2395 467 nibus
2418 413 2703 482 episcopis,
2733 413 3038 481 abbatibus,
3059 415 3366 483 comitibus,
3400 419 3707 488 vestrisque
3735 423 3814 488 iu-

581 521 764 564 troster
806 511 957 564 bona;
1005 509 1275 564 memoria
1310 507 1563 576 Pippinus
1601 507 1865 575 quondam
1908 520 2000 560 rex
2030 519 2144 558 mo-

573 599 884 664 nasterium,
915 597 1058 666 quod
1090 605 1310 651 vocatur
1348 596 1580 657 Prumia,
1610 597 1661 648 in
1721 594 1925 648 honore
1972 592 2145 648 sancti

571 686 864 742 Saivatoris
885 703 913 739 a
946 701 1084 740 novo
1112 685 1417 739 fundamine
1443 686 1585 739 visus
1599 684 1964 749 sitzdilicare,
1983 693 2035 736 et
2056 696 2142 737 res

581 777 778 831 ﬁscalis
799 791 862 829 ac
881 776 1221 842 praprietatis
1248 775 1312 828 ad
1346 776 1516 842 ipsum
1543 784 1782 829 sanctum
1806 774 1978 826 locum
2002 773 2147 827 visus

575 867 668 920 luit
698 867 974 935 delegasse
996 879 1049 921 et
1071 867 1123 921 in
1153 868 1399 921 omnibus
1421 866 1790 929 conﬁrmasse,
1814 865 1900 918 ubi
1925 879 2150 918 venera-

573 956 732 1010 bilem
770 958 939 1011 virutn
978 958 1266 1012 Assuerum
1295 957 1538 1012 abbatem
1569 971 1821 1030 una‘cum
1864 955 2149 1010 monacho-

573 1063 688 1099 rum
715 1057 906 1111 turma,
933 1057 1195 1102 rectorem
1218 1063 1446 1116 pra-esse
1466 1046 1831 1114 constitttil,et
1855 1045 2146 1100 secundum

573 1135 814 1190 ordinem
862 1147 1106 1190 sanctum
1160 1138 1287 1190 illud
1321 1137 1494 1191 locum
1546 1137 1843 1205 gubernare
1874 1134 2146 1202 praecepit,

573 1228 715 1282 unde
760 1229 1041 1297 praedictus
1070 1230 1228 1293 abba,
1257 1238 1311 1284 et
1338 1229 1584 1283 monachi
1632 1229 1685 1282 in
1734 1228 1854 1296 ipso
1903 1227 2150 1298 eoenobio

573 1319 958 1386 consistentes,
1015 1319 1314 1372 clementia
1355 1317 1502 1386 regni
1551 1317 1716 1371 nostri
1765 1315 2052 1382 petierunt,
2094 1323 2151 1368 ut

576 1407 674 1473 ipsi
703 1408 964 1472 homines,
989 1425 1146 1476 quem
1178 1409 1450 1472 dominus,
1479 1418 1530 1460 et
1557 1409 1767 1476 genitor
1794 1413 1975 1460 noster
1999 1403 2150 1459 bona:

580 1497 852 1549 memoria:
885 1498 1138 1566 Pippiuus
1163 1498 1433 1566 quondam
1465 1513 1557 1551 rex
1587 1496 1652 1550 ad
1681 1497 1850 1562 ipsum
1883 1503 2151 1549 monaste-

575 1588 712 1639 rium
744 1588 1031 1654 concessit,
1059 1589 1138 1642 vel
1169 1587 1458 1655 delegavit,
1491 1589 1542 1641 itt
1574 1587 1688 1656 ipsa
1722 1596 1925 1650 tenore,
1945 1595 1999 1640 et
2023 1600 2152 1640 ccu-

574 1677 872 1747 suetudine,
899 1677 1035 1734 sicut
1078 1690 1234 1735 antea
1281 1679 1511 1743 l’ueruul,
1563 1687 1617 1732 et
1659 1678 1837 1733 caeteri
1869 1684 1894 1712 ι
1924 1675 2150 1730 liscalini

2243 503 2502 569 uioribus,
2531 503 2691 573 atque
2728 505 2905 558 missis
2932 506 3130 560 nostris
3157 504 3603 564 discurrentibus.
3654 511 3816 578 Quic-

2241 595 2367 664 quid
2393 611 2488 664 pro
2525 594 2889 663 Oportunitale
2927 595 3286 651 Eeclesiarum
3328 599 3408 653 vel
3434 603 3618 667 quiete
3642 617 3821 656 seno-

2244 703 2360 740 rum
2391 687 2485 740 Dei
2516 688 2862 750 erexerimns,
2885 687 2986 742 hoc
3012 690 3164 742 nobis
3195 691 3379 758 procul
3407 691 3568 745 dubio
3596 692 3814 748 Domino

2243 775 2526 843 adiuvante
2553 777 2620 830 ad
2661 787 2916 831 aeternam
2957 778 3338 834 beatitudinem
3369 782 3636 849 prolicere
3661 785 3820 837 conli-

2244 867 2438 922 dimus.
2467 868 2627 937 lgitttr
2653 869 2779 922 dum
2809 879 3000 924 vestrae
3029 872 3264 926 solertia:
3305 882 3489 928 notum
3521 886 3632 937 est,
3663 879 3824 944 quali-

2247 967 2328 1013 ter
2352 959 2503 1012 bonaa
2532 960 2914 1014 recordationis
2939 960 3166 1015 domnus
3193 962 3538 1034 Rnotgangtts
3559 965 3823 1034 archiepi-

2247 1065 2441 1120 scopus
2504 1051 2824 1124 [episcopus]
2891 1053 2946 1107 in
3001 1056 3333 1109 monasterio
3397 1056 3540 1125 quod
3604 1070 3816 1112 vocatur

2250 1139 2593 1202 Lauresham,
2625 1141 2766 1208 quod
2790 1141 2840 1194 ei
2872 1156 2966 1209 per
3002 1142 3339 1197 traditionem
3363 1143 3744 1201 Williswiudte
3773 1159 3820 1203 et

2248 1227 2494 1284 Canerini
2517 1229 2826 1294 obvenerat,
2851 1233 3230 1286 monachorum
3247 1242 3471 1287 turmam
3521 1251 3632 1289 non
3664 1237 3822 1290 mndi-

2248 1332 2363 1372 cam
2391 1331 2606 1386 propter
2633 1321 2910 1375 servitium
2935 1323 3318 1387 omnipotentis
3342 1325 3432 1378 Dei
3473 1327 3819 1382 coadunavit:

2251 1411 2337 1464 ubi
2368 1411 2438 1464 ob
2465 1411 2719 1479 integram
2749 1411 3088 1467 devotionem
3123 1426 3368 1470 sanctum
3407 1431 3608 1484 corpus
3638 1420 3820 1474 beatis-

2251 1503 2368 1557 simi
2399 1502 2606 1556 Nazarii
2659 1505 2982 1570 recondidit,
3013 1521 3174 1575 supra
3224 1508 3363 1574 quod
3397 1511 3563 1564 etiam
3614 1511 3818 1566 Gunde-

2254 1595 2466 1650 landutn
2490 1596 2796 1650 monasterii
2816 1597 3060 1651 abbatem
3081 1610 3239 1664 atque
3267 1599 3536 1655 hmredem
3569 1601 3621 1655 in
3645 1604 3818 1657 eodem

2254 1694 2440 1739 sancto
2471 1688 2586 1740 loco
2617 1694 2738 1755 post
2764 1700 2823 1740 se
2863 1687 3010 1742 visus
3039 1697 3123 1742 est
3167 1689 3469 1759 reliquisse.
3497 1693 3604 1746 Sed
3653 1704 3818 1761 postea

575 1777 701 1821 sunt
731 1771 920 1836 nostri,
964 1771 1165 1838 absque
1207 1771 1428 1839 alicujus
1471 1769 1891 1825 contradictione
1937 1769 2002 1822 ad
2039 1767 2150 1836 iam
2185 1753 2378 1830 Bdum
2427 1753 2674 1840 prmfatus
2723 1777 3102 1834 Gundclandus
3148 1753 3315 1835 abbas
3359 1793 3609 1837 cerneret
3654 1753 3822 1852 ipsius

575 1860 720 1912 dicto
749 1859 866 1913 loco
894 1859 1126 1914 debeant
1155 1875 1486 1929 permanere,
1513 1871 1620 1913 tam
1651 1859 1721 1914 d'e
1745 1873 1935 1915 causas
1961 1873 2147 1914 eorum

578 1952 632 2005 iu
660 1953 956 2022 responsis,
988 1967 1251 2022 quamque
1273 1954 1455 2018 aliam,
1497 1954 1666 2021 legem
1697 1951 1780 2008 vel
1808 1951 2151 2006 consuetudi-

579 2055 722 2107 nem,
740 2041 878 2096 sicut
909 2042 1096 2112 reliqui
1128 2042 1262 2096 infra
1293 2055 1452 2111 regna
1491 2053 1666 2097 nostra
1694 2041 1968 2096 habuerint
1998 2041 2150 2095 iisca-

588 2131 702 2194 lini,
734 2142 791 2184 et
809 2144 962 2186 antea
994 2135 1046 2187 in
1075 2147 1500 2203 unumquemque
1529 2145 1663 2202 pago
1695 2131 1992 2186 habuerunt
2017 2145 2151 2184 cott-

579 2225 940 2279 suetudinem.

646 2313 812 2385 Cuius
835 2331 933 2371 nos
961 2326 1176 2386 propter
1203 2331 1398 2372 nomen
1428 2316 1634 2371 Domini
1661 2323 1714 2370 et
1739 2313 1932 2369 anima:
1954 2322 2152 2369 nostra:

579 2407 901 2475 remedium,
933 2423 1114 2462 eorum
1138 2409 1482 2477 petitionibus
1507 2408 1839 2476 nequivimus
1868 2407 2150 2474 denegare,

576 2497 670 2550 sed
724 2498 776 2550 in
824 2498 1072 2552 omnibus
1112 2500 1442 2566 praestitisse,
1478 2508 1532 2552 et
1569 2497 1916 2552 conﬁrmasse
1956 2509 2152 2564 cogno-

580 2587 735 2640 scite.
769 2585 1149 2654 Praacipientes
1173 2602 1300 2657 ergo
1318 2587 1583 2655 iubemus,
1601 2596 1760 2655 atque
1790 2585 2149 2654 prmeipimus,

576 2688 636 2732 ut
687 2678 860 2732 nullus
903 2678 1154 2747 quislibet
1207 2678 1274 2732 de
1327 2675 1572 2731 lidelibus
1624 2675 1842 2741 nostris,
1889 2687 2059 2741 neque
2087 2673 2153 2726 de

576 2768 858 2839 iudiciaria
893 2777 1177 2837 potestate,
1212 2767 1299 2836 qui
1318 2767 1430 2835 iam
1462 2766 1565 2818 lata
1595 2779 1716 2819 casa
1744 2763 1838 2818 Dei
1870 2762 1951 2817 vel
1982 2773 2153 2816 recto-

580 2875 665 2914 res
687 2859 822 2927 eius,
853 2873 951 2913 nee
980 2857 1220 2912 homines
1267 2857 1332 2910 ad
1380 2858 1548 2926 ipsum
1578 2863 1820 2909 sanetum
1850 2852 2022 2906 locum
2053 2851 2150 2904 de-

578 2954 900 3015 servientes,
951 2965 1110 3020 quem
1170 2949 1430 3004 Dominus
1485 2962 1548 3001 ae
1602 2949 1809 3015 genitor
1854 2952 2036 2999 noster
2081 2944 2151 2996 ibi

577 3045 864 3109 concessit,
892 3041 959 3094 de
987 3041 1085 3094 hac
1112 3054 1173 3095 re
1218 3039 1534 3108 inquietare,
1580 3051 1681 3092 nec
1712 3035 2030 3091 calumniam
2058 3049 2154 3104 ge-

579 3147 769 3188 nerare
815 3131 1117 3186 nullatenus
1177 3128 1546 3200 praesumatis,
1600 3127 1734 3193 nisi,
1789 3135 1848 3181 ut
1897 3125 2150 3192 diximus,

581 3221 802 3285 nostris,
833 3231 886 3275 et
925 3221 1118 3276 futuris
1167 3218 1518 3286 temporibus,
1561 3219 1698 3272 sicut
1743 3223 2030 3285 antequam
2059 3215 2153 3268 do-

581 3313 760 3367 minus
789 3325 851 3365 ac
876 3313 1084 3380 genitor
1106 3316 1289 3364 noster
1313 3321 1406 3362 eos
1431 3305 1498 3360 ad
1520 3303 1880 3374 superscripta
1907 3317 2030 3358 casa
2060 3302 2152 3357 Dei

579 3403 902 3472 delegasset,
927 3401 1165 3470 partibus
1203 3400 1315 3454 suis
1341 3397 1737 3453 deservierunt.

653 3494 725 3548 Ita
755 3493 915 3547 simili
946 3493 1104 3546 modo
1140 3490 1206 3544 ad
1250 3489 1481 3544 eundem
1524 3496 1766 3541 sanetum
1799 3485 1972 3539 locum
2015 3485 2066 3538 in
2093 3499 2154 3539 ea

583 3591 771 3636 tenore
795 3579 1070 3635 deservire
1098 3577 1347 3641 debeant,
1391 3587 1496 3629 tam
1539 3575 1592 3628 in
1641 3573 1913 3642 responsis
1955 3572 2154 3640 damlo,

583 3683 852 3738 quamque
901 3678 955 3723 et
997 3668 1252 3736 reliquam
1303 3666 1506 3734 legem.
1557 3678 1620 3716 ac
1674 3661 2150 3728 consuetudinem,

581 3759 720 3814 sicut
745 3757 926 3814 caeteri
957 3755 1181 3810 lisealini
1213 3753 1409 3808 habere
1430 3750 1694 3806 videntur.

657 3849 720 3902 Et
742 3860 798 3902 ut
828 3847 940 3901 haec
966 3846 1251 3916 prmeeptio
1282 3843 1484 3896 lirmior
1514 3841 1796 3903 habeatur,
1825 3855 1888 3896 ac
1918 3854 2010 3910 per
2033 3852 2159 3894 lem-

589 3954 722 4012 pora
750 3938 941 3993 melius
963 3944 1331 4002 conservetur,
1355 3947 1510 3986 manu
1542 3931 1751 3998 propria
1777 3929 1960 3984 subter
1981 3930 2159 3983 ﬁrma-

582 4034 779 4098 vimus,
808 4039 864 4086 et
889 4029 1089 4084 attnqu
1120 4036 1300 4080 nostro
1328 4023 1559 4093 sigillare
1582 4021 1861 4092 iussimus.

652 4124 871 4191 Signum
896 4118 1071 4174 Caroli
1099 4112 1461 4187 gloriosissimi
1495 4115 1657 4179 regis.

655 4215 783 4266 Data
838 4224 1022 4265 mense
1076 4203 1392 4262 Novembris
1436 4200 1464 4242 δ
1519 4217 1660 4257 anno
1691 4210 1864 4257 vutct
1905 4217 1956 4255 Vl
2012 4202 2157 4270 regni

583 4304 776 4359 nostri.

2181 3083 2228 3147 C

2253 1868 2421 1923 sancti
2464 1869 2563 1923 loci
2614 1869 2894 1924 imminere
2937 1871 3226 1939 periculum
3251 1915 3266 1938 ,
3323 1881 3482 1942 atque
3528 1886 3818 1938 vereretur,

2255 1973 2320 2012 ne
2345 1957 2604 2013 desolatio
2646 1969 2860 2027 propter
2898 1961 3244 2015 intentionem
3291 1961 3590 2028 iniquorum
3655 1966 3818 2019 homi-

2255 2065 2378 2103 num
2407 2058 2461 2104 et
2505 2049 2635 2118 ipsis
2673 2052 2949 2106 monachis
2981 2051 3151 2118 ﬂeret,
3196 2052 3263 2107 ad
3297 2065 3522 2108 nostram
3566 2057 3720 2112 visus
3749 2071 3822 2112 est

2251 2140 2543 2194 accessisse
2568 2141 2926 2210 prmscntiam,
2951 2144 3038 2210 qui
3063 2152 3118 2198 et
3149 2143 3321 2210 ipsum
3356 2149 3746 2203 monasterium
3775 2151 3820 2204 in

2255 2245 2414 2284 tnanu
2455 2241 2634 2284 nostra
2665 2231 2905 2296 tradidit,
2955 2233 3118 2287 etiam
3148 2244 3200 2288 et
3231 2250 3412 2290 secum
3453 2251 3672 2294 omnem
3699 2256 3821 2295 con-

2251 2321 2615 2390 gregationem
2660 2335 2810 2376 suam
2842 2324 2892 2376 in
2922 2324 3346 2380 mundeburdem
3373 2335 3430 2381 et
3455 2326 3818 2384 defensionem

2256 2419 2493 2466 nostram
2542 2412 2749 2480 plenius
2788 2413 3184 2469 commendavit
3224 2430 3241 2470 :
3291 2431 3448 2482 quem
3498 2433 3596 2473 nos
3647 2434 3822 2486 gratu-

2255 2501 2383 2556 lanti
2439 2503 2619 2556 animo
2674 2511 2780 2556 tam
2869 2511 3087 2572 propter
3157 2505 3425 2561 mercedis
3486 2520 3814 2578 augmentum

2254 2607 2411 2662 quam
2442 2601 2497 2648 et
2529 2607 2624 2659 pro
2653 2593 2840 2647 eodem
2883 2609 3043 2664 grege
3069 2596 3326 2651 salvando
3355 2597 3456 2651 visi
3487 2598 3683 2654 ieiunus
3705 2616 3812 2666 per-

2254 2682 2480 2749 cepisse.
2526 2682 2683 2737 Petiit
2725 2684 2884 2736 etiam
2931 2695 3257 2740 memoratus
3287 2686 3451 2741 abbas
3495 2689 3684 2758 suique
3710 2705 3813 2743 mo-

2255 2776 2408 2829 nachi
2438 2775 2595 2828 talem
2631 2788 2660 2826 a
2690 2774 2844 2828 nobis
2865 2774 3262 2842 auctoritatem,
3297 2787 3352 2830 ut
3392 2779 3813 2850 quodescumque

2255 2865 2499 2921 abbatem
2527 2865 2635 2934 iam
2675 2865 2802 2921 dicti
2847 2868 3155 2923 monasterii
3187 2884 3254 2924 ex
3282 2869 3383 2925 hoc
3413 2873 3702 2942 contigerit
3737 2889 3808 2927 se-

2256 2956 2380 3010 culo
2409 2957 2638 3026 migrare
2685 2957 2749 3010 ad
2781 2955 3088 3025 Dominum,
3132 2959 3271 3014 inter
3315 2974 3375 3014 se
3418 2976 3582 3028 quem
3624 2963 3809 3026 dignust

2257 3048 2476 3103 honoris
2517 3048 2678 3118 huius
2721 3049 3020 3104 invenerint
3074 3051 3394 3106 unanimiter
3421 3067 3488 3107 ex
3538 3053 3813 3122 semetipsis

2257 3140 2456 3205 eligere
2493 3138 2772 3192 deberent.
2817 3138 3054 3203 Quorum
3087 3141 3343 3210 petitione
3371 3141 3442 3195 ob
3471 3157 3708 3196 amorem
3735 3141 3810 3195 Dei

2256 3237 2313 3284 et
2343 3237 2540 3282 nostrae
2562 3228 2827 3283 mercedis
2849 3228 3121 3282 cumulum
3153 3230 3496 3298 nequivimus
3527 3231 3809 3300 denegare:

2255 3320 2349 3374 sed
2379 3317 2451 3372 ita
2491 3317 2805 3384 praestitisse
2853 3317 2936 3373 vel
2990 3318 3042 3372 in
3073 3319 3322 3374 omnibus
3360 3320 3703 3376 conﬁrmasse
3734 3336 3813 3377 co-

2255 3409 2515 3480 gnoscite.
2551 3408 2926 3476 Praecipientes
2950 3407 3090 3464 enim
3111 3409 3380 3478 iubemus,
3402 3411 3524 3478 quia
3551 3412 3810 3480 cognosci-

2257 3514 2376 3554 mus
2403 3497 2544 3568 quod
2571 3499 2685 3568 ipsa
2713 3498 3055 3568 congregatio
3093 3499 3194 3554 sub
3243 3510 3389 3554 recto
3418 3498 3607 3555 ordine
3633 3504 3809 3562 vivere,

2256 3598 2311 3644 et
2339 3590 2388 3642 in
2432 3588 2616 3658 regula
2644 3587 2704 3644 S.
2756 3588 3031 3643 Benedicti
3080 3591 3386 3644 conversari
3439 3590 3711 3651 desiderat,
3760 3598 3813 3642 ut

2258 3690 2442 3736 nostro
2471 3681 2682 3748 quidem
2707 3682 2968 3750 permisso
2985 3695 3196 3749 semper
3217 3697 3378 3748 super
3394 3698 3454 3735 se
3478 3697 3543 3736 ex
3566 3683 3670 3750 ipsa
3697 3696 3813 3732 cnn-

2258 3774 2588 3844 gregatione,
2624 3772 2710 3838 qui
2755 3770 2865 3825 Deo
2895 3770 3235 3838 acccptabilis
3276 3771 3364 3834 sit,
3396 3771 3599 3838 eligere
3627 3770 3816 3822 valeant

2257 3863 2525 3927 abbatem,
2568 3872 2831 3930 quatenus
2876 3862 3013 3916 inter
3045 3862 3217 3929 ipsum
3263 3875 3501 3930 gregem,
3545 3862 3664 3930 quia
3706 3860 3814 3915 boni

2259 3952 2453 4008 ibidem
2483 3954 2787 4022 congregati
2819 3954 2869 4006 in
2898 3966 3060 4006 unum
3097 3961 3372 4016 praestare,
3406 3966 3474 4007 ne
3493 3957 3618 4020 quis
3643 3967 3701 4006 ex
3731 3952 3812 4004 ad-

2260 4059 2420 4099 verso
2462 4059 2584 4098 eum
2624 4043 2980 4111 diripiendum
3046 4043 3317 4106 adveniat,
3369 4042 3463 4096 sed
3506 4041 3578 4097 de
3627 4041 3814 4110 proprio

2259 4149 2472 4204 semper
2499 4134 2734 4203 gaudere
2783 4144 3007 4203 patrono
3040 4135 3254 4186 valeant
3281 4150 3292 4185 :
3325 4134 3448 4199 quia
3490 4134 3736 4186 nolum
3763 4137 3812 4181 ut

2263 4240 2360 4294 per
2380 4226 2610 4294 aliquam
2639 4224 2979 4278 occasionem
3019 4222 3121 4289 ipsi
3147 4221 3417 4287 monachi,
3448 4233 3587 4290 quos
3611 4221 3812 4272 domnus

2262 4318 2620 4388 Ruodgangus
2675 4317 2834 4370 etiant
2892 4323 2946 4368 et
3003 4311 3386 4368 Gundelundus
3439 4309 3506 4364 ad
3561 4325 3687 4380 opus
3734 4307 3808 4360 Dei

654 4398 842 4448 Αθίίηη
873 4391 1177 4447 Τῇθθάθηῖε
1218 4388 1338 4442 'ma
1369 4385 1595 4456 publice’
1629 4385 1680 4437 in
1714 4383 1805 4438 Dei
1839 4383 2054 4437 ¹¹⁰¹¹¹Ῐ¹¹θ
2085 4381 2156 4436 re'
2193 4429 2240 4486 ι)
2263 4381 2622 4465 exercendum
2653 4411 3138 4476 cougregavernnt,
3180 4403 3288 4455 ullo
3317 4415 3548 4469 unquam
3591 4410 3804 4464 tempore

585 4485 779 4550 liciter,
810 4498 990 4538 amen.
1331 4550 1398 4606 lx

587 4642 800 4696 Carolus
845 4641 1065 4711 Magnus
1095 4643 1398 4696 monasterio
1442 4638 1694 4702 Lam-eali,
1721 4635 2064 4711 priuilegium
2097 4635 2162 4686 li-

657 4714 859 4766 bertatis
907 4707 1130 4764 concedit
1171 4728 1276 4765 una
1323 4726 1441 4763 cum
1477 4711 1637 4762 libera
1679 4709 1873 4759 abbatis
1922 4707 2162 4758 electione

659 4783 818 4853 (anno
845 4781 994 4851 775).

790 4883 887 4946 (Ex
907 4883 1151 4947 Helvich.,
1178 4882 1499 4944 Antiquitates
1519 4875 2009 4933 Laureshamenses.)

655 4976 879 5031 Karolus
903 4977 994 5032 Dei
1019 4975 1186 5047 gratia
1211 4990 1305 5028 rex
1336 4972 1659 5028 Francorum
1686 4969 1765 5020 vir
1797 4967 2024 5024 illuster,
2045 4979 2161 5016 ont-

660 5119 684 5147 ι
719 5109 987 5163 Εἰδοιιέἱσιὶ.
1019 5107 1272 5165 Homines
1298 5120 1390 5160 seu
1421 5103 1561 5157 servi
1589 5099 1808 5176 ﬁscalini
1839 5098 1891 5176 in
1923 5098 2156 5150 nonnul-

588 5180 654 5235 lis
675 5178 979 5246 benigniore
997 5181 1115 5244 iure
1136 5177 1420 5232 utebantur
1441 5187 1606 5246 quam
1617 5171 1758 5246 servi
1775 5171 2061 5246 privatoru
2075 5183 2150 5246 in:

588 5239 1216 5317 nempe‘admittebautur
1247 5247 1310 5317 ad
1343 5239 1982 5317 tesdmoniidtetiouettt;
2016 5239 2158 5315 iniu-

587 5321 684 5372 ria
717 5309 799 5371 eis
843 5318 999 5371 illata:
1041 5316 1437 5370 vindicabuntur
1463 5314 1756 5385 severius;
1804 5309 2030 5385 amplior
2079 5309 2158 5385 eis

586 5397 706 5441 erat
746 5395 974 5456 potestas
1023 5386 1090 5440 de
1120 5387 1295 5456 rebus,
1315 5385 1427 5439 suis
1459 5384 1598 5456 inter
1632 5383 1790 5456 vivos
1817 5374 2155 5456 disponendi,

590 5458 658 5510 ita
693 5447 906 5522 tamen,
950 5465 1006 5510 ut
1044 5471 1146 5510 non
1199 5455 1298 5508 nisi
1347 5455 1506 5508 certis
1555 5451 1868 5520 quibusdam
1917 5447 2159 5522 ecclesiis

591 5526 728 5579 bona
782 5513 1128 5580 sua'donare
1171 5525 1250 5579 vel
1295 5526 1532 5582 vendere
1569 5513 1804 5586 possent,
1845 5527 1951 5571 etc.
1999 5513 2153 5568 Cotti.

591 5594 915 5665 Pottgieller,
943 5595 1010 5650 de
1037 5596 1187 5652 Statu
1218 5609 1382 5665 scrv.,
1416 5593 1576 5665 lib._t,
1595 5605 1726 5665 ξυνα
1759 5588 1813 5665 4:
1847 5587 1986 5665 "27°

665 5664 691 5710 δ
712 5653 1000 5738 ’Ἇηιιιίνιιι
1031 5679 1076 5720 et
1109 5680 1159 5720 γι
1173 5664 1329 5738 regni
1369 5653 1568 5738 nostri.
1595 5653 1766 5738 Recte
1789 5653 2152 5738 ltne.loco.oh-

504 5773 548 5807 --κ
587 5743 808 5792 servant
833 5736 1060 5790 Marteuc
1089 5744 1141 5789 et
1171 5727 1383 5790 thrattd
1428 5745 1661 5788 errorem
1715 5727 1936 5791 librarii,
1967 5727 2054 5793 qui
2101 5738 2150 5776 γι

2263 4501 2457 4556 exinde
2487 4498 2700 4553 alienati
2731 4507 2821 4549 aut
2843 4495 3090 4564 dispersi,
3123 4506 3219 4546 nec
3249 4491 3347 4559 ipsi
3377 4506 3476 4544 nec
3496 4501 3807 4545 successores

2262 4609 2444 4648 eorum
2483 4607 2602 4646 esse
2631 4590 2897 4645 debeant:
2940 4588 3032 4640 sed
3085 4587 3220 4640 sicut
3261 4584 3312 4637 in
3346 4593 3657 4638 testamento
3685 4581 3810 4632 illius

2263 4685 2585 4753 donationis,
2617 4699 2772 4754 quam
2823 4697 2914 4751 per
2956 4678 3364 4736 Williswindam
3413 4688 3466 4731 et
3513 4675 3809 4729 Cancrinutn

2262 4779 2438 4846 adepti
2467 4785 2612 4843 sunt,
2655 4776 2980 4836 continetur,
3016 4774 3085 4824 ita
3133 4771 3184 4824 in
3216 4770 3466 4823 omnibus
3494 4770 3632 4822 circa
3664 4766 3810 4834 ipsam

2262 4871 2723 4939 congregationem
2748 4865 2815 4919 sit
2843 4873 3236 4927 conservatum,
3269 4871 3325 4914 ιιι
3349 4861 3562 4913 valeant
3598 4856 3809 4925 regulam

2263 4965 2320 5020 S.
2363 4961 2633 5016 Benedicti
2665 4957 3041 5029 perpetualiter
3081 4957 3219 5010 sicut
3242 4955 3374 5008 ordo
3397 4954 3608 5015 edocet,
3630 4960 3681 5005 et
3708 4962 3812 5002 cor-

2265 5113 2358 5162 pro
2381 5110 2417 5146 tt
2445 5091 2690 5161 apposuit
2707 5110 2719 5158 ;
2735 5092 2927 5159 quippe
2941 5087 3083 5162 quod
3099 5090 3172 5162 ita
3196 5085 3580 5162 distinguenda:
3604 5085 3704 5137 sint
3725 5095 3806 5161 tto-

2265 5153 2329 5218 im
2358 5153 2626 5218 ebur-uicae
2665 5153 2811 5228 reg-ui
2831 5153 3023 5213 'Carnli
3068 5159 3112 5213 Μ
3134 5161 3237 5226 tgui
3281 5167 3335 5209 ttt
3367 5153 3571 5228 initium
3603 5154 3738 5228 regni
3768 5153 3808 5202 iu

2264 5236 2480 5290 Francia
2509 5249 2604 5288 sex
2636 5224 2789 5286 annis
2820 5239 3126 5282 atttevertat
3157 5224 3362 5280 initium
3395 5226 3659 5297 regniiut
3687 5224 3807 5297 Leu:

2261 5289 2554 5375 gobardici.
2578 5305 2832 5375 —_i\nno
2858 5299 2963 5375 Titi
2995 5298 3332 5375 consignatur
3355 5289 3806 5375 obitusweomadi

2262 5357 2616 5436 iitetrnpolitze
2661 5371 2996 5426 Trevirensis
3027 5410 3041 5430 ,
3097 5357 3232 5436 teste
3285 5357 3802 5436 alabitlonioMAmtal.

2261 5430 2556 5509 Benediet.,
2583 5453 2710 5496 tom.
2736 5442 2801 5505 ll,
2823 5443 2912 5493 lib.
2941 5453 3174 5512 xxtv,gn._
3201 5435 3295 5512 67:
3314 5435 3438 5512 Post
3464 5449 3586 5512 _e_om
3609 5430 3808 5512 llichhrr

2259 5517 2356 5568 dus
2383 5503 2657 5567 ordinatur
2684 5503 2995 5580 episcopus,
3038 5509 3138 5580 uti,
3165 5508 3216 5560 in
3256 5503 3436 5580 pestis
3465 5503 3804 5558 Trevirorum,

2257 5601 2376 5650 cap.
2401 5583 2472 5638 40
2503 5576 2732 5651 tegitori
2756 5581 2896 5636 Itu‘lu
2913 5579 3014 5632 alia
3036 5576 3231 5631 ibidem
3260 5576 3424 5646 ipsius
3448 5581 3805 5629 commemora-

2261 5659 2402 5710 tione
2431 5655 2496 5708 fat
2517 5663 2589 5710 ta.
