4034 6182
224 266 354 323 1051

497 260 727 320 CODEX
767 260 1362 319 DlPLOMATlCUS.—-
1380 259 1864 316 PRIVILEGIA.—
1891 257 1979 314 Ill.
2022 256 2265 315 PRIVIL.
2310 255 2444 312 PER
2485 254 2750 312 PARTES
2788 253 3185 310 GERMANL‘E.

3336 255 3474 314 1058

217 387 360 458 poris
397 381 654 450 fragilitas
696 379 978 448 permittit,
1020 379 1313 442 custodire,
1360 389 1414 434 et
1454 381 1554 433 sub
1595 385 1776 432 nostra
1811 382 1857 436 Α
1883 386 2208 441 aquarumve
2249 369 2584 435 decursibus,
2636 368 2924 423 mobilibus
2975 379 3026 423 et
3077 368 3472 429 immobilibus.

218 480 298 544 (ut
347 469 604 534 diximus)
670 467 1037 521 mundeburde
1085 467 1167 522 vel
1218 466 1527 522 defensione
1567 469 1619 523 in
1672 469 1786 536 ipso
1887 465 2064 517 omnia
2107 473 2159 526 et
2186 477 2251 515 ex
2296 463 2542 515 omnibus
2580 461 2646 515 ad
2694 460 2970 530 praelatum
3000 473 3243 518 sanctum
3293 465 3469 520 locum

217 565 540 618 monasterio
595 560 772 629 quiete
815 559 998 613 vivere
1047 561 1132 613 vel
1193 562 1446 614 residere.
1500 559 1786 628 Propterea

219 658 351 711 hanc
379 651 789 722 prmeeptionem
817 659 1052 703 nostram
1082 651 1160 704 eis
1199 649 1442 704 dedimus
1491 665 1583 718 per
1614 665 1781 713 quam

1893 548 2208 602 tradidimus
2241 549 2623 617 perpetualiter
2649 549 2714 602 ad
2761 549 3160 615 possidendum,
3189 563 3472 620 propterea

1893 637 2032 690 hanc
2086 644 2497 705 praeceptionem
2529 637 2862 691 auctoritatis
2892 648 3091 693 nostra:
3132 643 3478 698 conscribere

217 744 432 799 omnino
460 743 732 812 jubemu,
757 749 814 793 ut
843 739 1018 792 nullus
1040 739 1292 808 quislibet
1318 741 1386 794 de
1414 741 1786 808 episcoporum
1889 728 2166 796 Ῑυεδίιιιιιει
2217 737 2270 781 ιιι
2305 729 2373 781 3b
2420 728 2516 780 “ac
2555 728 2641 781 die
2696 737 2801 781 iam
2850 740 3178 784 ωϐωυΐειιυε
3236 732 3477 786 Slurmio

217 837 484 907 personis,
521 836 572 888 in
602 833 756 900 cujus
784 831 1031 900 parocbia
1064 833 1234 894 ipsum
1268 831 1645 885 monasterium
1673 831 1794 885 lun-

216 927 398 981 datum
426 939 546 979 esse
570 925 826 986 cernitur,
857 930 951 975 aut
987 921 1055 976 de
1085 922 1298 976 caeteris
1337 922 1642 976 hominibus
1675 923 1794 992 quis

214 1014 327 1086 jam
353 1014 551 1067 dictum
583 1010 987 1067 Gundelandum
1010 1010 1255 1063 abbatem
1289 1010 1372 1063 vel
1399 1010 1692 1064 monachus
1724 1027 1790 1065 ex

218 1106 342 1172 ipso
393 1101 717 1158 monasterio
771 1110 826 1154 et
873 1100 1134 1163 homines,
1175 1101 1264 1169 qui
1319 1100 1385 1152 ad
1423 1115 1516 1154 eos
1559 1101 1701 1170 juste
1742 1111 1793 1154 et

218 1195 611 1250 rationabiliter
646 1205 889 1260 spectare
915 1192 1182 1252 videntur,
1227 1191 1523 1260 inquietare
1548 1203 1639 1246 aut
1670 1209 1798 1248 con-

216 1289 446 1356 tingere,
476 1287 559 1340 vel
599 1293 788 1339 contra
837 1284 1056 1338 rationis
1085 1283 1327 1338 ordinem
1379 1283 1550 1338 facere
1601 1301 1799 1352 praesu-

222 1387 355 1442 mat,
387 1377 482 1431 sed
519 1391 731 1444 semper
762 1377 975 1428 valeant
1002 1375 1102 1428 sub
1131 1367 1309 1427 nostra
1337 1374 1672 1442 defensione,
1703 1392 1795 1431 seu

219 1469 323 1523 sub
365 1467 652 1523 heredibus
701 1468 900 1520 nostris
931 1465 1075 1518 omni
1125 1475 1363 1532 tempore
1413 1466 1497 1535 (ut
1543 1465 1798 1535 diximus)

128 1616 134 1628 ,
221 1558 391 1630 quieti
420 1557 678 1620 residere,
703 1564 758 1608 et
776 1568 840 1609 ea
862 1569 981 1624 qua:
1010 1553 1116 1609 illis
1131 1562 1345 1623 prepter
1368 1569 1563 1608 nomen
1588 1555 1796 1608 Domini

221 1648 614 1711 concessimus,
665 1645 804 1700 bene
875 1659 1088 1712 semper
1141 1643 1194 1697 in
1251 1643 1501 1698 omnibus
1550 1643 1796 1714 perfrui:

1893 821 2078 884 abbas,
2108 834 2375 888 quamque
2403 819 2484 873 sui
2527 821 2854 874 successoris
2895 821 2984 890 qui
3026 819 3223 876 fuerint
3254 827 3480 881 rectoris

1895 913 2132 979 ejusdem
2154 911 2322 965 sancti
2343 912 2466 977 loci,
2503 911 2768 980 praedictis
2800 913 2960 968 rebus
2985 915 3050 968 ad
3079 931 3214 984 opus
3239 916 3350 985 jam
3383 919 3466 971 di-

1896 1016 1996 1055 eue
2043 1004 2283 1057 ecclesiae
2327 1004 2556 1056 habeant
2600 1014 2814 1060 teneant
2879 1015 3040 1076 atque
3079 1009 3388 1075 possideant
3423 1021 3480 1065 et

1896 1093 2144 1161 quicquid
2181 1093 2376 1147 exinde
2404 1094 2467 1145 ad
2498 1094 2797 1163 proiectum
2822 1096 2992 1163 ipsius
3020 1101 3192 1153 sancti
3240 1100 3344 1156 loci
3401 1104 3480 1156 la-

1897 1197 2017 1238 cere
2060 1184 2321 1252 elegerint
2375 1183 2601 1238 liberum
2676 1186 3020 1254 perfruantur
3067 1190 3373 1257 arbitrium,
3429 1201 3486 1244 et

1899 1272 2072 1327 nullus
2097 1274 2346 1342 quislibet
2373 1275 2440 1329 de
2463 1275 2744 1343 iudiciaria
2804 1288 3065 1346 potestate
3110 1291 3202 1336 aut
3241 1285 3480 1352 qualibet

1902 1378 2126 1430 persona
2158 1365 2414 1430 prmdicto
2443 1365 2737 1421 Sturmioni
2755 1369 2956 1434 abbati,
2982 1386 3152 1440 neque
3177 1377 3486 1431 auctoribus

1899 1464 1992 1507 aut
2039 1455 2550 1525 successoribusqne
2595 1459 2704 1512 suis
2741 1458 2808 1514 de
2855 1464 3168 1517 memoratis
3217 1464 3377 1520 rebus
3408 1467 3487 1520 in.-

1901 1543 2224 1612 quietionom
2272 1546 2354 1601 vel
2397 1549 2716 1603 calumniam
2765 1565 3024 1618 generare
3079 1569 3292 1623 quoque
3349 1568 3484 1612 tem-

1906 1649 2036 1702 pore
2078 1651 2183 1690 non
2216 1647 2508 1705 presumat,
2555 1640 2651 1694 sed
2709 1655 2803 1709 per
2848 1652 3095 1697 nostrum
3151 1655 3489 1714 preceptum,

221 1751 489 1811 quatenus
536 1736 769 1792 delectet
821 1733 1070 1789 abbatem
1119 1734 1202 1790 vel
1245 1734 1536 1788 monachos
1563 1749 1630 1788 ex
1684 1733 1802 1803 ipso
1837 1716 2023 1794 Bjure
2052 1724 2154 1780 hoc
2190 1727 2401 1783 valeant
2449 1730 2728 1796 pOSsidere
2783 1723 3172 1802 ﬁrmissimum,
3220 1747 3485 1804 quati-nus

223 1830 557 1890 monasterio
586 1842 682 1897 pro
712 1827 870 1882 nobis
911 1836 966 1881 et
997 1836 1178 1880 nostra
1219 1825 1579 1893 subsequente
1611 1841 1810 1896 proge-

225 1926 318 1978 nie
345 1937 439 1976 seu
461 1931 621 1992 gente
652 1918 1001 1981 Francorum,
1035 1915 1243 1970 Domini
1276 1917 1700 1972 misericordiam
1730 1927 1811 1972 at-

224 2014 429 2070 tentius
457 2010 755 2080 deprecari.
785 2008 850 2062 Et
895 2017 950 2062 ut
985 2010 1099 2063 haec
1139 2008 1431 2063 auctoritas
1462 2007 1668 2062 firmior
1710 2008 1807 2061 lia-

228 2106 438 2163 beatur.
471 2101 552 2156 vel
586 2115 676 2168 per
708 2109 948 2165 tempora
979 2098 1172 2152 melius
1201 2110 1468 2162 servetur,
1495 2113 1656 2152 manu
1689 2113 1806 2166 pro-

224 2196 344 2265 pria
385 2193 568 2246 subter
609 2189 954 2252 firmavimus,
985 2196 1041 2242 et
1086 2187 1155 2242 de
1193 2188 1391 2243 annulo
1436 2200 1622 2244 nostro
1665 2189 1812 2260 sigil-

223 2284 326 2338 lari
371 2280 650 2351 jussimus.

302 2374 526 2442 Signum
555 2368 733 2424 Karoli
779 2369 1147 2437 gloriOSIsSImi
1189 2369 1349 2440 regis.

305 2461 592 2530 Witigowo
623 2455 933 2528 recognovi.

990 2587 1060 2642 Χ.

231 2705 557 2770 Praeceptum
583 2699 751 2752 Caroli
780 2696 980 2770 Magni,
1014 2713 1112 2762 quo
1150 2699 1379 2770 ecclesiis
1422 2699 1666 2755 Fuldenst
1699 2700 1814 2754 Ηαο

363 2769 680 2826 malumburc
709 2785 822 2821 cum
851 2769 1132 2823 attinentiis
1150 2769 1304 2823 donat
1333 2773 1492 2842 (anno
1523 2773 1678 2841 777).

583 2885 674 2947 (Ex
700 2882 980 2941 Schannat.,
1006 2881 1134 2932 Hist.
1159 2883 1456 2948 Fuldensis.)

310 2993 536 3048 Carolus
565 2994 732 3064 gratia
758 2996 848 3050 Dei
878 3009 971 3050 rex
1005 2993 1332 3048 Francorum
1361 3001 1416 3046 et
1435 2990 1813 3062 Longobardo-

232 3100 358 3139 rum
406 3096 469 3137 ac
516 3063 773 3152 patricius
822 3083 1208 3148 Romanorum,
1259 3082 1510 3152 quicquid
1556 3083 1699 3136 enim
1746 3063 1890 3137 obc

236 3189 426 3229 amore
456 3173 668 3229 Domini
710 3186 763 3229 et
795 3175 1151 3244 oportunitate
1195 3187 1471 3228 servorum
1523 3173 1640 3236 Dei,
1683 3171 1817 3227 locis

234 3265 638 3322 venerabilibus
665 3269 1030 3333 concedimus,
1058 3265 1159 3320 hoc
1189 3264 1340 3318 nobis
1353 3265 1417 3318 ad
1445 3262 1704 3318 mercedis
1719 3277 1817 3316 au-

236 3366 514 3430 gmentum
529 3360 608 3412 vel
637 3358 980 3412 stabilitatem
1003 3358 1150 3427 regni
1175 3357 1340 3411 nostri
1365 3356 1628 3425 pertinere
1649 3355 1817 3408 conli-

236 3451 464 3504 dimus:
507 3456 832 3517 quapropter
867 3457 1178 3516 conpertum
1211 3448 1284 3501 sit
1318 3446 1552 3500 omnium
1585 3446 1818 3498 ﬁdelium

243 3551 549 3595 nostrorum
589 3537 962 3608 magnitudini,
996 3539 1223 3606 qualiter
1257 3539 1518 3594 donamus
1546 3538 1612 3592 ad
1643 3552 1821 3592 mona-

243 3630 468 3685 sterium
492 3628 666 3692 Fulta,
695 3628 838 3697 quod
862 3638 944 3682 est
966 3627 1019 3682 in
1045 3629 1248 3682 honore
1274 3629 1552 3683 beatorum
1586 3629 1731 3684 Petri
1761 3637 1821 3683 et

247 3719 404 3776 Pauli
437 3721 489 3772 in
537 3718 679 3790 Pago
703 3718 947 3786 Graplett
977 3729 1366 3785 constructum,
1395 3720 1484 3774 tibi
1519 3719 1821 3790 preciosnm

241 3826 441 3882 corpus
469 3811 717 3866 Bouilatii
769 3812 1022 3882 martyris
1073 3813 1381 3879 requiescit,
1423 3829 1581 3882 quam
1621 3815 1702 3868 vir
1733 3828 1824 3869 ve-

242 3904 501 3960 nerabilis
530 3903 768 3960 Sturmio
787 3903 924 3958 abba
967 3905 1020 3959 in
1069 3906 1326 3973 regimine
1364 3904 1563 3960 habere
1593 3905 1822 3972 videtur,

243 3995 300 4049 id
331 4003 458 4048 sunt
485 4008 572 4048 res
603 3993 943 4062 proprietatis
972 4005 1169 4049 nostra:
1215 3995 1633 4051 l-lamalumburc
1660 3996 1822 4052 situm

242 4087 299 4141 in
333 4100 467 4155 pago
491 4085 800 4155 Salecgavio
839 4101 1000 4154 super
1039 4085 1199 4140 ﬂuvio
1224 4087 1368 4151 Sala,
1401 4102 1521 4141 cum
1553 4103 1714 4142 omne
1741 4088 1821 4142 iu-

247 4183 497 4250 tegritate
523 4181 604 4235 vel
625 4181 946 4251 adjecencys
970 4194 1060 4234 seu
1087 4180 1413 4252 appendicys
1433 4182 1544 4236 suis
1578 4181 1826 4251 Achyne-

245 4273 408 4336 bach,
438 4272 860 4339 Thinpersbacli,
899 4271 1120 4340 ltarital,
1154 4276 1252 4328 lioc
1283 4285 1368 4329 est
1408 4287 1826 4344 quantumcum-

244 4382 356 4436 que
385 4367 440 4420 in
465 4366 707 4435 superius
735 4367 1002 4419 nominata
1045 4365 1158 4419 luca
1203 4366 1401 4420 habere
1445 4365 1716 4431 videmini,
1770 4366 1818 4418 id

246 4465 336 4513 est
381 4467 490 4527 tam
540 4457 720 4523 terris,
771 4457 1038 4523 domibus,
1079 4456 1338 4521 aediliciis,
1369 4457 1640 4522 acolabus,
1669 4471 1822 4511 man-

245 4547 426 4618 cipiis,
455 4547 649 4614 vineis,
679 4548 850 4612 silvis,
881 4548 1105 4617 campis,
1140 4548 1327 4617 pratis,
1382 4549 1618 4616 pascuis,
1671 4547 1825 4617 aquis

327 4716 353 4743 ι
393 4705 671 4772 Rudolfus,
705 4704 986 4760 Fnldensis
1032 4703 1324 4760 monachus
1364 4701 1715 4772 percelebris,
1771 4703 1823 4756 in

249 4778 374 4832 Vita
410 4777 604 4830 Bahani
648 4771 785 4846 apud
835 4776 1070 4831 Brower.
1103 4775 1282 4844 Antiq.
1331 4773 1504 4846 ῐνυιιι.Δ
1539 4789 1660 4843 pag.
1693 4771 1820 4846 230,

253 4848 442 4902 nescio
472 4862 576 4915 quo
597 4843 848 4902 seductus
866 4861 1071 4910 errore,
1114 4843 1297 4900 villain
1324 4843 1668 4968 llamalburg‘,
1699 4845 1824 4896 olim

253 4920 442 4968 [iscum
470 4918 694 4968 reaium.
727 4930 866 4968 nunc
891 4916 1168 4968 oooidum.
1219 4929 1286 4968 ex
1333 4913 1580 4968 largitate
1663 4915 1824 4968 iouini

248 4920 442 4972 [iscum
470 4913 694 4984 regium,
727 4930 866 4969 nunc
891 4916 1168 4984 Oppidum,
1219 4929 1286 4970 ex
1333 4913 1580 4981 largitate
1620 4913 1826 4982 Pippini

249 4988 398 5067 regis
430 4985 766 5067 raucorum
789 4986 1032 5067 partibus
1161 4984 1414 5067 Doni-facii
1445 4985 1694 5067 martyris
1716 4985 1827 5067 col-

251 5059 420 5111 latam
453 5057 614 5110 luisse
643 5055 866 5110 scribit:
911 5055 1034 5110 liine
1076 5055 1212 5110 torte
1254 5057 1423 5108 visum
1454 5062 1540 5110 est
1581 5055 1828 5122 imperito

251 5126 492 5189 cuidam,
538 5126 640 5180 hoc
667 5126 881 5194 elegans
925 5140 985 5179 ac
1019 5126 1222 5194 optime
1248 5135 1620 5179 conservatum
1649 5124 1826 5178 Caroli

251 5196 431 5263 Magni
469 5196 702 5264 diploma
741 5199 1122 5265 autograpliam
1165 5195 1441 5249 continere
1485 5194 1828 5248 donationem

252 5268 396 5319 villa:
438 5265 691 5319 llamelen
721 5267 772 5321 in
802 5267 1046 5320 Saxonis:
1089 5265 1350 5334 partibus,
1389 5279 1493 5318 non
1548 5273 1724 5334 autem
1767 5265 1831 5334 il-

251 5335 358 5391 lam
409 5336 546 5390 vilke
578 5335 1023 5390 Hamalumburc:
1062 5333 1226 5391 erasit
1275 5334 1452 5398 itaque
1492 5333 1648 5403 hujus
1683 5333 1828 5386 vocis

252 5406 775 5474 ultimam‘syllabam
801 5406 924 5475 burg
952 5406 1100 5474 quasi
1141 5406 1483 5473 superﬂuam,
1512 5419 1668 5473 quam
1695 5415 1832 5468 p05!-

253 5477 473 5528 inodum
500 5476 655 5538 alius,
705 5492 808 5530 non
856 5482 1028 5530 minus
1055 5487 1274 5540 temere,
1307 5476 1574 5538 restituit;
1609 5483 1830 5538 uterque

254 5545 552 5600 consultius
601 5547 855 5611 lat-turus,
890 5546 932 5599 si
983 5546 1369 5608 membranam,
1413 5553 1571 5598 aetate
1600 5553 1653 5597 et
1689 5545 1831 5610 prin-

255 5615 390 5739 citas
419 5616 899 5672 muniliccntissitni
939 5617 1092 5686 signo
1121 5615 1500 5684 venerabilem,
1527 5613 1830 5685 reliquisset

256 5698 310 5738 in
369 5695 530 5739 ctam.

256 5695 530 5742 intactam.

1909 1815 2099 1872 melius
2126 1817 2354 1874 delectet
2407 1820 2520 1888 ipsa
2576 1823 3044 1891 congregationem
3083 1841 3177 1893 pro
3225 1827 3380 1881 nobis
3404 1830 3488 1884 vel

1907 1906 2196 1962 stabilitate
2225 1908 2372 1977 regni
2401 1909 2571 1965 nostri
2627 1913 2788 1966 etiam
2813 1929 2977 1970 uxore
3003 1924 3056 1970 et
3085 1916 3250 1984 prolis
3283 1917 3490 1974 Domini

1915 1997 2337 2053 miscricordiam
2359 2000 2556 2070 jugiter
2581 2015 2832 2069 exorare,
2873 2015 2926 2059 et
2959 2019 3013 2058 ut
3056 2005 3171 2060 liaic
3195 2009 3489 2064 auctoritas

1909 2089 2109 2144 firmior
2138 2091 2208 2144 sit
2237 2106 2424 2145 manus
2457 2102 2652 2148 nostrae
2687 2096 2976 2166 signaculis
3015 2098 3200 2154 subter
3240 2115 3356 2154 eam
3395 2102 3491 2156 de-

1908 2180 2174 2235 crevimus
2205 2180 2461 2238 roborare
2478 2194 2531 2238 et
2555 2183 2622 2240 de
2645 2187 2804 2241 anolo
2834 2199 3018 2242 nostro
3043 2189 3301 2258 jussimus
3326 2193 3479 2262 sigil-

1911 2270 2042 2324 lare.

1989 2361 2210 2428 Signum
2239 2361 2420 2416 Caroli
2447 2363 2818 2432 gloriosissimi
2850 2367 3010 2434 regis.

1987 2447 2312 2518 Vnighaldus
2343 2453 2408 2504 ad
2441 2455 2613 2508 vicem
2648 2453 2902 2510 “adonis.

1984 2539 2110 2592 Data
2140 2542 2370 2607 septimo
2389 2540 2514 2596 ldus
2531 2541 2775 2610 Januar.,
2803 2561 2944 2599 anno
2971 2561 3112 2601 nono
3133 2560 3187 2603 et
3215 2551 3370 2606 tertio
3401 2567 3493 2608 re-

1909 2635 2020 2703 gni.
2053 2635 2244 2687 Actum
2273 2631 2575 2690 Hatistallio
2597 2635 2792 2706 palatio
2815 2638 3045 2708 publico,
3075 2638 3128 2694 iit
3151 2641 3247 2698 Dei
3280 2647 3494 2701 nomine

1914 2727 2145 2781 [eliciter
2200 2733 2251 2781 ⁸.

2661 2796 2756 2851 XI.

1916 2905 1940 2942 ι)
1970 2907 2200 2962 Traditt'o
2225 2905 2398 2961 Caroli
2430 2905 2609 2980 Magni
2636 2908 2699 2980 de
2732 2908 2978 2980 Lisiduna
3009 2908 3348 2980 Πισαίοιιὶηο
3387 2933 3495 2970 meo

2402 2978 2625 3030 uastario
2677 2978 2832 3047 (anno
2863 2979 3008 3049 777).

2244 3083 2338 3148 (Ex
2359 3083 2520 3148 Heda,
2544 3083 2667 3136 Hist.
2695 3087 3172 3154 episcop.-'l'raject.)

1991 3187 2216 3243 Karolus
2240 3187 2333 3243 Dei
2362 3189 2529 3258 gratia
2560 3203 2651 3244 rex
2685 3187 3010 3246 Francorum
3041 3203 3090 3247 et
3122 3193 3500 3264 Langobardo-

1923 3293 2063 3342 rum,
2111 3291 2174 3331 ac
2201 3279 2458 3346 patricius
2493 3277 2876 3334 Romanorum.
2923 3281 2979 3336 Si
3009 3283 3149 3337 enim
3174 3299 3241 3340 ex
3272 3284 3353 3339 bis
3381 3303 3500 3355 qua:

1922 3369 2096 3421 divina
2121 3368 2286 3438 pietas
2313 3369 2464 3423 nobis
2487 3367 2665 3438 largiri
2688 3370 2888 3439 dignita
2902 3381 3004 3437 est,
3024 3372 3154 3428 locis
3177 3377 3500 3432 venerabili-

1925 3457 2022 3510 bus
2041 3456 2383 3512 concedimus
2408 3473 2423 3512 :
2449 3457 2549 3514 hoc
2572 3459 2724 3513 nobis
2737 3459 2804 3513 ad
2840 3469 3091 3517 asternam
3114 3463 3498 3521 beatitudinem

1925 3548 2106 3618 procul
2131 3547 2297 3603 dubio
2329 3549 2599 3617 pertinere
2624 3549 2963 3607 conﬁdimus.
3017 3553 3139 3609 Ideo
3167 3557 3498 3622 comper'ltlttt

1923 3639 1994 3693 sit
2037 3641 2183 3693 omni
2232 3637 2467 3694 ﬁdelium
2515 3652 2817 3697 nostrorum
2869 3631 3250 3714 magnitudini,
3279 3647 3507 3716 qualiter

1931 3726 2198 3783 donamus
2218 3729 2284 3783 ad
2307 3728 2580 3786 basilicam
2605 3729 2661 3787 S.
2687 3730 2920 3798 Martini,
2943 3748 3064 3803 qua:
3090 3744 3173 3790 est
3199 3747 3504 3792 constructa

1931 3818 1984 3873 iti
2015 3819 2270 3888 'l‘rajecto
2297 3822 2462 3875 veteri
2487 3822 2676 3876 subtus
2713 3821 3025 3890 Dorestado,
3068 3825 3154 3880 ubi
3185 3829 3506 3882 venerabilis

1931 3909 2017 3964 vir
2046 3909 2291 3965 Albrtcus
2327 3911 2606 3983 presbyter
2634 3921 2792 3980 atque
2823 3914 3026 3994 electus
3057 3927 3233 3971 reetor
3273 3934 3507 3986 praeesse

1927 4000 2160 4068 videtur,
2208 4000 2310 4057 hoc
2340 4013 2421 4058 est
2446 4042 2462 4068 ,
2501 4002 2679 4057 villam
2727 4015 2962 4058 nostram
3001 4019 3334 4074 nuticupante
3364 4009 3504 4064 Lisi-

1926 4089 2064 4144 duna
2091 4129 2109 4157 ,
2151 4091 2203 4145 in
2247 4106 2380 4161 pago
2421 4092 2510 4160 qui
2557 4103 2780 4146 vocatur
2821 4091 3044 4158 Flehite,
3093 4109 3254 4165 super
3295 4098 3502 4153 alveum

1931 4181 2112 4248 llemi,
2145 4196 2266 4236 cum
2300 4182 2446 4236 omni
2494 4181 2797 4251 integtitate
2828 4184 2909 4238 vel
2947 4183 3255 4252 adjacentiis
3287 4201 3380 4240 seu
3407 4203 3500 4257 ap-

1929 4270 2178 4339 penditiis
2209 4271 2320 4325 suis
2339 4311 2354 4336 ,
2383 4272 2434 4326 id
2463 4282 2576 4339 est,
2605 4287 2724 4327 cuni
2759 4273 2950 4339 terris,
2982 4278 3204 4342 mansis,
3235 4278 3502 4342 domibus,

1927 4363 2187 4428 aediliciis,
2219 4363 2516 4432 mancipiis,
2546 4365 2731 4433 sylvis,
2761 4364 2992 4432 eampis,
3030 4368 3194 4434 pratis
3214 4411 3227 4432 ,
3272 4370 3502 4433 pascuis,

1925 4453 2080 4522 aquis
2112 4466 2443 4522 aquarumve
2471 4453 2820 4518 decursibus,
2869 4454 3150 4508 mobilibus
3181 4466 3236 4510 et
3263 4456 3506 4511 immobi-

1926 4549 2080 4620 libus,
2106 4549 2349 4606 omniaet
2371 4563 2434 4604 ex
2461 4547 2708 4603 omnibus
2721 4558 3207 4619 quantumcumque
3228 4548 3383 4621 Wigg
3404 4567 3508 4607 -rus

1997 4709 2025 4749 ι)
2063 4709 2301 4764 Traditio
2347 4707 2523 4764 Caroli
2559 4707 2624 4762 de
2671 4707 2942 4763 Lisiduna.
2988 4708 3210 4763 Donatio
3247 4707 3360 4763 haec
3388 4723 3510 4764 cori-

1930 4781 2062 4837 tinet
2113 4795 2328 4836 omnem
2377 4789 2601 4834 tractum
2651 4781 2791 4833 circa
2841 4779 3068 4833 llemum
3125 4777 3372 4842 ﬂuvium,
3420 4780 3506 4832 ubi

1931 4850 2250 4913 Emersl’nrt.
2286 4848 2528 4904 Leusden
2568 4863 2738 4918 usque
2775 4849 2840 4902 ad
2875 4848 3250 4912 Dorestadum,
3281 4849 3506 4901 lorestas

1927 4935 2059 4990 quas
2081 4921 2454 4990 Milderuissen
2486 4929 2540 4974 et
2567 4921 2748 4973 Denen
2771 4929 2989 4990 vocant,
3016 4933 3135 4990 quae
3157 4931 3322 4984 prope
3339 4922 3506 4990 ΔΛευεὶ-

1929 4986 2149 5060 rongen,
2182 4991 2314 5056 Elst,
2349 4988 2735 5060 Wageningen,
2768 4988 2932 5054 Ecde,
2969 4989 3143 5040 adhuc
3169 4986 3506 5060 conspiciun-

1929 5006 2149 5060 rongen,
2182 5004 2314 5056 ISISI,
2355 5004 2607 5057 wagenni
2647 5005 2735 5052 en,
2768 5004 2932 5054 neue,
2969 5004 3143 5040 annue
3169 5004 3504 5054 conspiciun-

1929 5070 2044 5127 tur;
2076 5063 2126 5114 in
2141 5061 2334 5129 quibus
2354 5060 2590 5127 episcopi
2611 5004 2864 5127 g‘raject"
2885 5065 2981 5129 aut
3005 5069 3192 5129 eorum
3205 5055 3504 5129 donatione

1930 5125 2245 5200 praepositus
2287 5125 2457 5200 sancti
2489 5125 2724 5200 Joannis
2759 5127 2988 5200 tnaxitne
3028 5127 3080 5200 i‘ll
3113 5125 3254 5180 Ecde
3310 5125 3501 5200 Ἔντιμ-

1929 5194 2122 5270 iiiiigeti
2168 5209 2223 5253 et
2273 5195 2891 5270 Weelchmourhoutius,
2939 5194 3193 5270 decimas,
3253 5206 3364 5254 etc.
3411 5194 3509 5251 lia-

1929 5266 2075 5325 ben't.
2117 5271 2196 5325 Ad
2229 5271 2332 5325 hoc
2375 5269 2608 5337 diploma
2659 5281 2830 5337 nuper
2871 5266 3086 5336 quidam
3129 5267 3406 5336 impostor,
3451 5277 3508 5320 ut

1931 5355 2123 5412 magno
2149 5339 2306 5394 alieni
2355 5341 2471 5412 viro
2521 5337 2872 5403 blandiretur,
2920 5351 3266 5412 corrumpere
3305 5346 3359 5412 et
3389 5352 3509 5412 per-

1931 5405 2142 5465 vertere
2188 5427 2290 5462 non
2341 5409 2637 5473 dubitavit;
2674 5417 2728 5460 et
2773 5422 2869 5475 pro
2912 5405 3162 5460 Lisiduna
3201 5407 3504 5462 Lindinium

1931 5495 2210 5547 reponere,
2241 5480 2329 5548 qui
2364 5479 2507 5532 locus
2543 5489 2627 5533 est
2667 5479 2716 5530 in
2763 5479 2933 5548 Belua,
2963 5476 3146 5545 quales
3181 5493 3309 5532 sane
3339 5476 3508 5528 homi-

1933 5566 2029 5606 nes
2056 5561 2232 5616 pestes
2261 5547 2384 5603 sunt
2416 5549 2468 5600 in
2498 5549 2719 5615 antiqua
2751 5547 2993 5611 historia,
3022 5557 3078 5601 et
3110 5549 3234 5602 odio
3259 5557 3506 5608 omnibus

1937 5620 2180 5676 veritatis
2205 5621 2438 5690 antiqua:
2468 5618 2800 5674 amatoribus
2829 5631 2951 5675 esse
2977 5618 3194 5674 debent.
