4034 6182
567 279 699 334 1059

1442 271 1500 328 Β.
1540 270 1784 327 CAROLI
1826 271 2035 326 MAGNI
2077 272 2225 327 OPP.
2269 270 2443 328 PARS
2481 272 2524 325 l.
2565 269 2805 328 SEC'I'IO
2843 268 2906 323 ll.

3659 272 3813 332 1060

553 409 731 449 comes
755 391 945 447 ibidem
993 403 1088 458 per
1125 397 1364 442 nostrum
1397 389 1710 442 benehcium
1759 389 1929 441 tenuit
1953 387 2113 441 etiam
2145 389 2193 446 Α
2232 384 2372 452 quod
2403 399 2500 439 nos
2521 384 2585 438 ad
2614 385 2994 438 monasterium
3027 385 3168 454 quod
3199 385 3405 454 dicitur
3443 388 3816 455 Laureaharlt,

552 493 606 536 et
637 483 862 537 forestas
893 480 1007 534 illas
1030 522 1046 545 ,
1097 492 1322 545 quarum
1372 477 1632 530 vocabula
1679 487 1820 540 sunt,
1853 476 2118 544 Ilengest-

551 573 752 637 schate,
783 571 1078 634 Tornhese,
1131 565 1430 632 Mokoroth,
1476 565 1729 629 Widock,
1755 583 1870 632 quae
1904 575 2027 618 sunt
2053 565 2120 619 de

551 666 803 718 ambabus
844 663 1076 729 partibus
1123 659 1292 712 llemi.
1346 658 1602 713 Similiter
1645 658 1906 711 donamus
1935 657 1999 709 ad
2028 657 2122 708 ba-

550 753 751 808 silicam
782 753 842 806 S.
868 751 1078 805 Martini
1107 749 1390 803 ecclesiam
1418 762 1535 814 qnze
1571 756 1652 799 est
1674 761 1832 815 super
1862 743 2118 798 Dorestad

549 854 874 907 constructa,
903 851 956 895 et
979 849 1198 894 vocatur
1243 851 1268 879 ι
1300 837 1570 900 Uhkirica,
1603 837 1670 889 de
1700 836 1946 903 omnique
1974 841 2121 901 parte

550 945 760 988 centum
811 933 1042 1001 perticas
1094 939 1270 995 terrae,
1317 938 1377 982 ut
1423 927 1835 992 omnitempore
1866 923 2118 992 praedicta

551 1021 765 1076 basilica
813 1020 1050 1085 spacium
1094 1026 1252 1070 terra:
1291 1023 1502 1068 centum
1545 1013 1771 1079 perticas
1798 1009 1998 1062 habere
2029 1007 2122 1061 de-

551 1112 705 1176 beat,
742 1119 796 1163 et
843 1123 965 1162 cum
1016 1123 1076 1161 ea
1114 1107 1140 1145 δ
1167 1106 1439 1174 ripaticum
1481 1104 1624 1157 illum
1674 1116 1834 1168 super
1861 1099 2115 1154 Loeltiam

549 1213 602 1257 et
633 1214 654 1241 ο
687 1202 910 1256 insulam
942 1201 1084 1254 illam
1116 1213 1280 1266 prope
1311 1198 1479 1264 ipsam
1516 1194 1796 1249 ecclesiam
1820 1193 1884 1244 ad
1918 1199 2119 1260 partem

550 1293 859 1347 orientalem
910 1291 1049 1344 inter
1096 1291 1340 1343 Rhenum
1387 1294 1442 1339 et
1491 1283 1766 1337 Loekiam.
1825 1282 1946 1334 llaec
1993 1294 2125 1333 vero

550 1384 726 1437 omnia
788 1382 1044 1435 tradimus
1117 1394 1145 1432 a
1201 1380 1290 1431 die
1335 1376 1578 1442 praesenti
1633 1373 1697 1426 ad
1749 1372 1856 1439 jam
1909 1369 2122 1437 przrl‘ata

551 1487 734 1530 sancta
759 1475 874 1528 loca
909 1472 1290 1540 perpetualiter
1324 1466 1716 1535 possidendum.
1759 1461 1788 1503 ἆ
1839 1463 1958 1516 Ideo
1992 1462 2126 1514 hanc

551 1563 966 1633 praeceptionem
993 1559 1333 1613 authoritatis
1357 1566 1554 1608 nostra!
1575 1552 1808 1606 scribere
1833 1549 2122 1620 iussimus,

553 1666 610 1707 t
655 1655 723 1708 ab
771 1655 866 1706 hac
907 1653 996 1706 die
1041 1651 1150 1720 iam
1200 1658 1522 1702 memoratus
1565 1644 1810 1698 AlbriCus
1850 1640 2126 1710 presbyter

2220 475 2358 543 quod
2385 485 2462 528 est
2496 483 2853 528 constructum
2885 474 2936 527 in
2965 474 3170 529 honore
3215 475 3492 531 beatorum
3525 479 3821 547 apostolo-

2223 578 2342 617 rum
2374 563 2514 618 Petri
2540 576 2590 617 et
2618 564 2763 618 Pauli
2797 563 2879 618 vel
2909 574 3223 619 ceterorum
3265 577 3560 622 sanctorum
3580 614 3596 636 ,
3622 579 3676 624 et
3708 569 3818 623 ubi

2222 655 2482 720 pretiosus
2510 654 2746 707 domnus
2793 663 2848 708 ct
2885 666 3101 710 sanctus
3132 658 3417 724 preclams
3457 667 3658 728 martyr
3685 658 3822 712 Na-

2218 745 2396 798 aarins
2427 747 2476 797 in
2509 759 2734 810 corpore
2756 745 3064 810 requiescit,
3089 755 3144 800 et
3169 748 3221 799 in
3247 747 3439 800 virtute
3463 749 3732 818 l‘nlgescit,
3760 757 3821 801 et

2220 834 2533 887 venerabilis
2560 834 2638 886 vir
2659 833 3040 888 Gundelandus
3059 836 3189 889 abba
3208 852 3310 888 una
3334 852 3452 890 cum
3477 853 3654 889 norma
3681 851 3820 889 rno-

2223 924 2512 978 nachornm
2541 912 3020 990 pra-esse‘videtnr,
3052 927 3182 978 intra
3215 942 3405 995 pagum
3439 927 3823 989 Bhenensem,

2221 1030 2381 1080 super
2402 1013 2617 1065 ﬂuvium
2663 1013 2902 1083 Wisgnz,
2947 1018 3206 1085 integram
3254 1018 3635 1071 immunitatem
3679 1017 3825 1086 ejus

2221 1105 2411 1158 merito
2438 1104 2792 1166 compellente
2817 1105 2964 1170 plena
2987 1115 3040 1159 et
3063 1110 3264 1176 integra
3287 1109 3451 1175 gratia
3476 1123 3567 1175 pm
3589 1124 3825 1163 merce-

2221 1197 2302 1250 dis
2328 1205 2525 1249 nostrae
2555 1205 2858 1266 augmento,
2875 1196 2955 1250 vel
2977 1211 3070 1266 pro
3085 1201 3201 1262 ejus
3217 1200 3396 1266 quiete
3414 1211 3501 1250 aut
3525 1215 3824 1254 successo-

2223 1303 2336 1340 rum
2371 1287 2466 1341 visi
2522 1286 2721 1340 luimus
2761 1289 3115 1342 concessisse.
3171 1290 3506 1358 Quapropter
3535 1292 3633 1343 hoc
3660 1307 3823 1358 pra:-

2223 1388 2438 1447 ceptum
2489 1377 2814 1447 specialibus
2861 1377 3200 1432 decernimus
3243 1381 3626 1444 ordinandum,
3655 1381 3823 1448 quod

2225 1467 2631 1536 inperpetuum
2679 1467 2928 1520 volumus
2972 1483 3094 1522 esse
3138 1484 3468 1534 mansurum,
3521 1479 3579 1524 ut
3627 1487 3826 1540 neque

2229 1570 2350 1621 vos,
2385 1571 2557 1624 neque
2580 1556 2820 1622 iuniores
2845 1571 2938 1610 seu
2967 1572 3308 1612 successores
3339 1568 3497 1613 vestri
3524 1576 3623 1612 nec
3649 1564 3824 1629 quis-

2229 1647 2358 1702 libet
2386 1648 2454 1702 de
2476 1647 2762 1716 iudiciaria
2789 1656 3050 1717 potestate
3075 1651 3344 1704 accinctus
3366 1691 3381 1714 ,
3422 1653 3472 1703 in
3519 1652 3695 1705 ruitis
3730 1655 3822 1706 vel

556 1747 670 1798 sive
696 1758 1058 1800 successores.
1085 1741 1172 1809 qui
1199 1741 1393 1793 fuerint
1415 1747 1652 1791 rectores
1679 1736 1918 1806 ejusdem
1953 1731 2122 1788 sancti
2157 1738 2198 1796 Β
2228 1738 2371 1794 villis
2397 1739 2562 1807 ipsius
2595 1740 2909 1794 monasterii
2953 1748 3045 1793 aut
3073 1741 3316 1796 ecclesia:
3346 1757 3456 1796 suae
3481 1745 3825 1811 aspicientes

557 1837 680 1900 loci,
714 1834 964 1903 praedicta
1009 1833 1122 1884 loca
1169 1832 1234 1882 ad
1281 1845 1412 1895 opus
1449 1828 1556 1894 iatn
1585 1827 1741 1880 dicta:
1773 1825 2002 1879 basilica:
2033 1824 2123 1876 ba-

557 1925 738 1992 beant,
769 1930 1007 1986 teneant,
1036 1919 1358 1988 gubernem,
1382 1925 1589 1986 regant,
1621 1925 1779 1984 atque
1812 1914 2122 1983 disponant,

551 2027 605 2071 et
634 2013 880 2085 quicquid
911 2010 1106 2066 exinde
1154 2009 1218 2063 ad
1273 2007 1565 2077 profectum
1613 2006 1777 2074 ipsius
1821 2004 1989 2058 sancti
2023 2003 2122 2057 loci

559 2107 734 2162 facere
783 2104 1082 2173 elegerint,
1137 2101 1310 2154 libero
1353 2098 1697 2167 perfruantur
1741 2095 1986 2149 arbitrio.
2062 2095 2126 2148 Et

559 2198 734 2252 nullus
759 2194 1013 2265 quislibet
1039 2191 1106 2248 de
1127 2189 1402 2260 iudiciaria
1431 2196 1691 2258 potestate
1711 2231 1726 2256 ,
1757 2195 1851 2240 aut
1875 2185 2127 2254 qmelibet

559 2299 785 2356 persona
812 2284 1063 2354 pradicto
1098 2281 1311 2336 Albrico
1340 2279 1671 2347 presbytero,
1705 2289 1880 2343 neque
1907 2288 2117 2328 succes-

554 2377 764 2433 soribus
793 2374 907 2426 suis
938 2373 1003 2425 de
1027 2372 1134 2438 iam
1165 2369 1324 2424 dictis
1356 2369 1513 2422 rebus
1545 2367 1836 2432 inquietare
1867 2373 1958 2416 aut
1990 2377 2125 2416 con-

561 2477 642 2520 tra
671 2465 891 2517 rationis
922 2462 1194 2526 ordinent,
1231 2460 1312 2513 vel
1355 2458 1675 2512 calumniam
1705 2469 1964 2525 generare
1994 2469 2130 2522 quo-

557 2573 664 2626 quo
689 2565 930 2623 tempore
961 2561 1316 2621 praesumant,
1347 2550 1438 2604 sed
1481 2565 1574 2619 per
1601 2560 1838 2603 nostrum
1871 2547 2127 2618 largitatis

561 2657 884 2714 praceptum
936 2641 1186 2710 praedicta
1233 2639 1448 2693 basilica
1508 2637 1628 2707 iure
1672 2638 1847 2690 valeat
1884 2637 2128 2691 obtinere

554 2736 884 2790 ﬁrmissimo.
950 2732 1017 2785 Et
1055 2739 1112 2784 ut
1144 2729 1254 2784 haec
1285 2730 1580 2782 autboritas
1610 2729 1816 2780 lirmior
1847 2727 2124 2790 habeatur,

551 2826 638 2881 vel
663 2823 927 2877 diuturnis
951 2820 1280 2887 temporibus
1309 2825 1674 2882 conservetur,
1725 2832 1882 2870 rnanu
1915 2819 2126 2885 proiiria

555 2917 742 2971 subter
761 2927 877 2968 eam
907 2911 1236 2966 decrevimus
1267 2910 1545 2972 roborare,
1588 2915 1643 2961 et
1671 2906 1739 2961 de
1781 2908 1980 2962 annulo
2027 2923 2126 2960 no-

555 3017 667 3061 stro
687 3005 946 3075 iussimus
975 3000 1215 3070 sigil’lari.

625 3117 843 3186 Signum
868 3113 1044 3168 Karuli
1069 3110 1442 3182 gloriosissimi
1474 3111 1634 3180 regis.

624 3231 752 3282 Data
775 3242 847 3281 vn
877 3226 995 3281 idus
1024 3223 1189 3290 Junii,
1221 3240 1360 3278 anno
1397 3237 1538 3278 nono
1573 3221 1808 3290 eiusdem
1851 3220 2126 3290 gloriosis—

565 3321 684 3376 simi
711 3319 872 3389 regis.

624 3436 812 3487 Actum
851 3429 1090 3500 Numaga
1138 3426 1336 3500 palatio
1393 3425 1633 3494 publico,
1687 3426 1740 3481 in
1784 3425 1878 3484 Dei
1910 3423 2129 3482 nomine

554 3522 801 3577 leliciter.

1279 3628 1392 3681 XII.

557 3742 732 3800 Caroli
759 3739 1304 3813 Hagniipriuilegium
1342 3755 1433 3813 pro
1471 3737 1786 3813 immunitate
1832 3737 2126 3790 monasterii

941 3808 1393 3865 Laurealtamemia
1422 3813 1575 3860 Ianno
1608 3808 1754 3876 779).

711 3947 804 4009 (Ex
832 3949 1078 4009 Helvicb.,
1107 3947 1436 4008 Autiquitates
1461 3943 1942 4002 Lauresbatnenses.)

625 4077 849 4131 Carolus
899 4075 989 4129 Dei
1041 4073 1208 4143 gratia
1249 4086 1338 4124 rex
1393 4071 1751 4130 Francorum,
1785 4073 1862 4122 vir
1893 4071 2121 4132 illuster,

555 4168 804 4221 omnibus
832 4165 1075 4219 ﬁdelibus
1103 4161 1300 4215 nostris
1331 4171 1435 4214 tam
1479 4161 1831 4226 prmsentihus
1873 4175 2032 4228 quani
2073 4171 2126 4213 et

555 4255 764 4312 futuris.
795 4255 924 4307 Cum
957 4263 1098 4308 recta
1132 4251 1314 4319 petitio
1350 4249 1684 4304 sacerdotum
1719 4267 1812 4317 pro
1840 4251 2123 4318 Oportuni-

556 4345 752 4398 tatihus
785 4344 1025 4396 locorum
1063 4349 1370 4394 sanctorum
1412 4340 1685 4407 pertinens
1723 4340 1787 4392 ad
1826 4353 1985 4392 aures
2012 4338 2124 4393 cle-

555 4436 768 4488 mentia:
817 4445 1012 4486 nostra)
1063 4431 1412 4497 processerit,
1476 4430 1639 4483 talem
1689 4428 1842 4482 decet
1890 4442 2009 4483 esse
2054 4431 2124 4483 ob
2157 4426 2206 4485 D

554 4523 786 4576 auditam
819 4523 903 4576 vel
935 4521 1127 4576 effectu
1157 4521 1210 4574 in
1244 4519 1335 4573 Dei
1369 4521 1583 4572 nomine
1610 4523 1956 4588 mancipatam
1978 4560 1992 4582 ,
2026 4536 2124 4573 un—

555 4611 623 4665 de
651 4611 839 4663 aeterni
871 4611 1206 4664 retributoris
1237 4607 1443 4661 veniam
1477 4623 1773 4660 mereamur
1802 4608 2045 4675 adipisci,
2074 4618 2127 4662 et

555 4716 650 4758 eos
679 4702 916 4755 delectet
944 4715 1039 4767 pro
1068 4699 1358 4752 stabilitate
1402 4700 1548 4769 regni
1585 4699 1752 4752 nostri
1781 4699 1975 4767 iugiter
2025 4714 2122 4754 ex-

556 4807 729 4857 orare,
756 4792 838 4846 vel
869 4793 920 4844 in
952 4791 1094 4843 omni
1128 4802 1273 4857 parte
1310 4805 1431 4858 erga
1461 4801 1697 4844 nostrum
1741 4792 1966 4845 ﬁdeliter
1993 4791 2124 4844 assi-

551 4897 716 4942 stere.
759 4886 922 4955 Igitur
943 4893 1229 4952 cognoscat
1265 4883 1572 4952 magnitudo
1601 4898 1696 4938 seu
1723 4883 1923 4937 utilitas
1947 4891 2120 4937 vestra

628 5065 656 5094 ³
699 5055 961 5111 υὺΙιίνὲΙία.
1032 5055 1084 5107 Id
1131 5066 1211 5111 est
1260 5057 1500 5125 superior
1526 5058 1750 5130 ecclesia
1796 5073 1913 5128 qua:
1961 5075 2118 5130 supra

558 5128 909 5209 Dores'tatnni.
949 5137 1098 5190 erat,
1149 5142 1304 5209 quem
1352 5141 1478 5208 vero
1524 5129 1667 5182 hisce
1717 5131 1893 5183 verbis
1941 5128 2118 5184 locum

563 5199 774 5267 proprie
801 5198 1060 5276 designet.
1093 5198 1336 5264 equidem
1367 5198 1569 5262 ignoro.

634 5265 661 5304 δ
687 5265 994 5336 γκίραιισυηι
1017 5267 1163 5318 illum
1189 5280 1340 5331 super
1365 5265 1623 5322 Leckium.
1673 5265 1966 5335 Bipaticmn
1999 5285 2118 5325 esse

563 5335 706 5412 quod
733 5335 828 5412 pro
862 5335 1227 5388 conservanda
1276 5337 1354 5388 vel
1413 5337 1696 5390 munienda
1746 5341 1858 5406 ripa
1899 5339 2126 5394 debetur

561 5406 782 5526 vectigal
814 5414 1013 5486 putant.
1227 5473 1238 5484 .

564 5546 599 5556 Λ
637 5485 675 5556 ξ
730 5474 931 5556 ‘nsulain
979 5473 1147 5556 illam.
1187 5474 1472 5556 signaotur
1521 5478 1603 5532 hic
1649 5478 1766 5556 pagi
1819 5478 2034 5556 Duorne
2067 5489 2122 5532 et

555 5546 920 5615 Cotlieuaqui
968 5551 1091 5595 sunt
1135 5546 1274 5615 inter
1317 5546 1521 5600 alveum
1563 5547 1836 5615 antiquum
1869 5548 2036 5600 Rheni
2065 5559 2121 5602 et

789 5613 930 5687 _Nam
961 5627 1084 5687 cum
1114 5613 1330 5687 libertus
1367 5617 1494 5668 olim
1523 5632 1552 5671 a
1580 5613 1730 5686 parte
1754 5617 2000 5670 orientali
2029 5633 2124 5687 op-

565 5683 672 5748 pidi
693 5683 758 5737 de
788 5681 1010 5738 Duratad
1042 5682 1342 5750 Traiectum
1377 5700 1558 5742 versus
1581 5681 1730 5741 inter
1761 5687 1913 5740 villas
1948 5681 2122 5744 Thor-

2230 1829 2282 1883 in
2307 1830 2632 1899 quibuslibet
2661 1831 2807 1900 pagis
2843 1840 3005 1901 atque
3047 1834 3330 1887 territoriis
3358 1843 3461 1886 tam
3489 1837 3631 1903 quod
3667 1853 3827 1902 pne-

2229 1919 2366 1972 senti
2414 1927 2654 1988 tempore
2707 1920 2914 1974 videtur
2961 1922 3234 1988 possidere
3295 1923 3376 1977 vel
3438 1924 3822 1991 dominicam,

2226 2023 2380 2078 quam
2408 1995 2546 2077 quod
2569 2010 2742 2064 adhuc
2759 2025 2823 2064 ex
2857 2025 3077 2066 munere
3115 2027 3298 2081 regum
3329 2028 3421 2067 seu
3468 2030 3823 2083 reginarum.

2234 2112 2326 2152 seu
2357 2098 2499 2166 quod
2532 2113 2627 2166 pro
2667 2099 2855 2153 collata
2889 2099 3108 2168 populi,
3140 2102 3224 2154 vel
3265 2103 3332 2153 de
3357 2114 3690 2168 comparato,
3731 2108 3823 2160 vel

2231 2187 2297 2241 de
2328 2188 2565 2255 quolibet
2604 2198 2827 2243 attractu
2857 2199 3204 2257 augmentare
3232 2192 3314 2245 vel
3341 2192 3685 2250 inmeliorare
3721 2212 3829 2251 sea

2233 2281 2507 2332 attrahere
2535 2279 2824 2346 potuerint,
2857 2280 2921 2331 ad
2952 2293 3144 2333 causas
3173 2282 3514 2346 audiendum,
3543 2290 3630 2337 vel
3652 2284 3824 2339 [reda

2230 2367 2465 2436 undique
2508 2367 2900 2432 exactandutn,
2955 2384 3054 2423 nec
3101 2369 3442 2438 ﬁdeiussores
3485 2373 3822 2440 tollenda,

2231 2474 2328 2511 nec
2353 2460 2658 2513 mansiones
2689 2470 2781 2513 ant
2812 2469 3023 2528 paratas
3076 2459 3374 2515 faciendum
3403 2504 3418 2526 ,
3463 2479 3558 2517 nec
3597 2466 3663 2516 ad
3703 2465 3825 2520 ho-

2232 2552 2398 2604 mines
2426 2567 2550 2605 suos
2580 2562 2684 2604 latri
2712 2553 2967 2621 ingenuos
2998 2567 3157 2621 quam
3205 2555 3498 2610 servientes
3525 2571 3621 2610 seu
3651 2572 3822 2613 arco—
3859 2613 3864 2616 _

2232 2641 2309 2692 las
2333 2640 2497 2708 ipsius
2530 2640 2838 2694 monasterii
2870 2642 3294 2712 distringentnm,
3327 2659 3426 2699 nec
3457 2647 3594 2700 ullas
3623 2649 3821 2702 redhi-

2227 2729 2454 2784 bitiones
2485 2731 2718 2796 publicas
2749 2732 3124 2799 requirendum
3158 2748 3254 2788 nec
3289 2737 3638 2790 exacuudum
3660 2740 3817 2808 quod

2231 2820 2300 2872 ad
2354 2830 2553 2886 partem
2609 2821 2718 2873 lieci
2774 2824 2938 2872 nostri
2985 2821 3179 2876 exinde
3225 2825 3563 2889 redhibetur,
3600 2831 3821 2894 persius

2235 2908 2437 2978 ingredi
2477 2909 2758 2977 iudiciaria
2807 2919 3079 2978 potestas,
3108 2920 3198 2964 aut
3229 2914 3376 2967 missi
3410 2917 3575 2968 nostri
3602 2917 3818 2969 discur~

2234 3011 2415 3055 rentes
2460 3015 2563 3053 non
2613 3007 2956 3066 pra-sumant.
3019 3000 3122 3055 Sed
3151 3016 3335 3056 omnes
3370 3003 3526 3058 villas
3555 3019 3680 3058 suas
3712 3008 3817 3060 sub

2152 3079 2198 3139 C
2232 3089 2585 3145 immunitatis
2627 3093 2842 3144 nomine
2889 3107 3009 3144 cum
3037 3095 3283 3146 Omnibus
3317 3095 3481 3148 lredis
3512 3109 3608 3148 aut
3629 3099 3821 3164 cunic-

2230 3193 2345 3236 ctas
2389 3197 2482 3235 seu
2539 3181 2778 3250 publicas
2827 3182 3207 3236 redhibitimcs
3251 3199 3574 3247 concessas,
3631 3201 3818 3241 omnia

2231 3276 2392 3346 (sicut
2421 3275 2666 3344 superius
2715 3275 3160 3344 comprehensum
3199 3280 3304 3346 est)
3354 3289 3460 3332 tam
3504 3280 3624 3348 ipse
3645 3283 3820 3334 abbas

2232 3380 2390 3439 quam
2424 3375 2476 3418 et
2502 3379 2838 3420 successores
2867 3381 2948 3419 sui
2993 3367 3044 3420 in
3081 3367 3174 3421 Dei
3208 3371 3421 3422 nomine
3445 3373 3657 3425 valeant
3685 3388 3819 3439 pos-

2224 3437 2406 3507 sidere
2436 3455 2518 3508 vel
2543 3455 2804 3508 dominari
2833 3473 2845 3508 :
2891 3467 2945 3509 ut
2991 3458 3162 3510 nullus
3183 3458 3434 3525 quislibet
3459 3462 3529 3513 de.
3556 3437 3820 3518 ﬁdelibus

2233 3548 2430 3598 nostris
2462 3554 2566 3599 tam
2609 3545 2958 3612 praesentibus
2985 3562 3141 3616 quam
3187 3557 3239 3601 et
3285 3549 3498 3614 futuris,
3526 3553 3629 3603 hoc
3657 3553 3819 3617 quid

2233 3653 2330 3690 nos
2356 3651 2454 3705 pro
2481 3645 2663 3690 nostra
2695 3639 2940 3691 mercede
2971 3640 3053 3693 vel
3102 3654 3196 3706 pro
3229 3641 3507 3693 stabilitate
3537 3635 3679 3704 (Deo
3706 3644 3819 3698 ad-

2225 3727 2473 3797 iuvante)
2515 3729 2660 3797 regni
2707 3728 3036 3781 Francorum
3076 3730 3141 3780 ad
3182 3729 3351 3796 ipsam
3389 3742 3563 3782 casam
3595 3729 3693 3784 Dei
3726 3733 3819 3788 in-

2229 3817 2490 3870 dulsimus
2519 3818 2629 3872 ullo
2657 3833 2886 3888 usquam
2913 3826 3175 3887 tempore,
3211 3821 3289 3871 vel
3331 3820 3570 3886 quolibet
3593 3823 3820 3889 ingenio

2235 3912 2539 3981 irrumpere
2565 3913 2829 3976 videatur,
2862 3914 2954 3966 sed
2988 3913 3406 3981 (sicutsuperius
3436 3915 3820 3985 meminimus)

2230 4005 2426 4056 nostris
2471 4014 2523 4057 et
2551 4001 2741 4057 futuris
2779 4002 3106 4071 temporibus
3145 4002 3345 4071 absque
3374 4006 3476 4056 ulla
3505 4012 3822 4062 contrarie-

2230 4101 2338 4146 tate
2367 4093 2603 4160 partibus
2624 4094 2857 4158 praedicti
2891 4093 3196 4146 monasterii
3223 4093 3463 4146 volumus
3491 4095 3542 4146 in
3564 4095 3822 4150 omnibus

2229 4194 2350 4235 esse
2379 4194 2752 4236 conservatum
2800 4193 2956 4252 atque
2987 4184 3265 4237 indultum.
3292 4183 3358 4238 Et
3386 4195 3442 4237 ut
3475 4185 3590 4239 hac
3627 4196 3820 4241 auclo-

2230 4273 2360 4326 ritas
2392 4273 2592 4326 tlrmior
2623 4274 2900 4339 habeatur,
2949 4274 3013 4326 ad
3044 4289 3137 4342 per
3168 4284 3407 4342 tempora
3458 4276 3657 4330 melius
3680 4291 3819 4332 coa-

2230 4373 2494 4429 servetur,
2533 4381 2690 4418 mauu
2721 4366 2928 4433 propria
2953 4369 3134 4419 subter
3169 4367 3508 4421 decrevimus
3531 4367 3820 4434 reb-ture,

2229 4465 2280 4510 et
2305 4455 2371 4509 de
2400 4457 2595 4508 ammlo
2623 4467 2803 4510 nostro
2829 4457 3048 4525 sigillari
3083 4457 3450 4526 praecepimus.

2301 4549 2523 4617 Signum
2554 4547 2730 4602 Caroli
2764 4549 3132 4617 gloriosissimi
3165 4550 3328 4617 regis.
3356 4549 3500 4603 Bado
3528 4548 3595 4602 ad
3625 4551 3819 4606 vices-

2232 4640 2488 4694 Riutberti
2517 4641 2819 4708 recognovi.

2224 4719 2228 4724 ’
2305 4731 2491 4784 Datum
2521 4731 2570 4782 in
2609 4745 2795 4783 mense
2823 4729 2958 4784 Maio
2987 4745 3124 4784 anno
3151 4741 3344 4798 quarto
3387 4731 3536 4800 regni
3559 4731 3762 4787 nostri.

2301 4825 2489 4878 Actum
2513 4823 2811 4878 'l‘heodoue
2838 4822 2982 4886 villa,
3015 4823 3212 4892 palatio
3243 4823 3458 4891 publico
3487 4822 3744 4879 feliciter.

2232 5081 2316 5127 ne.
2351 5064 2678 5130 Wereunde,
2705 5066 2876 5119 0dike
2902 5075 2958 5120 et
2993 5065 3192 5120 Vechte
3220 5065 3459 5132 ﬂuxerit,
3486 5066 3663 5122 Laeca
3688 5082 3820 5121 vero

2231 5151 2394 5204 parvo
2437 5145 2638 5189 tantum
2679 5138 2848 5190 rivulo
2889 5135 3024 5188 infra
3073 5135 3410 5189 Dnrstadium
3452 5139 3522 5190 ad
3561 5151 3816 5192 occasu-

2232 5210 2558 5274 perrexerit,
2615 5218 2864 5274 tanquam
2917 5209 2966 5258 in
3019 5207 3186 5258 insula
3229 5220 3416 5260 omues
3445 5207 3818 5275 pradietaaes

2231 5276 2535 5341 adiacentes
2571 5279 2731 5329 villas
2761 5277 3066 5342 complexus
3096 5285 3198 5328 est.

2304 5343 2330 5382 d
2382 5345 2502 5382 ιΑη.
2533 5345 2666 5382 ιιηηρ
2692 5348 3080 5382 "mnum..."
3145 5346 3199 5382 ea

2304 5345 2330 5382 ἀ
2376 5345 2502 5398 Ideo
2531 5345 2666 5398 hanc
2692 5348 3102 5414 preceptionem.
3145 5346 3236 5399 Sic
3263 5355 3410 5412 post.
3442 5357 3686 5400 nostrum
3711 5347 3811 5398 lar-

2230 5415 2403 5485 gitatis
2432 5429 2736 5483 praeceptum
2762 5427 2812 5468 et
2835 5417 2886 5468 in
2912 5409 3182 5485 Furmulis‘
3199 5415 3454 5476 hiarculli,
3483 5417 3580 5471 lib.
3608 5432 3668 5478 tr,
3688 5430 3818 5482 prc-

2230 5483 2432 5570 ileptum
2475 5487 2771 5570 deuoriale,
2801 5495 2926 5570 etc."
2949 5483 3110 5570 Grf‘g.
3139 5483 3501 5570 Turon.,‘lib.
3537 5502 3600 5570 ιε
3635 5487 3762 5564 “ist.
3793 5500 3812 5548 ;

2231 5558 2469 5617 Almon.,
2504 5556 2599 5608 lib.
2626 5570 2678 5618 v,
2710 5569 2828 5616 cap.
2861 5554 2965 5606 ὅδε
3025 5553 3333 5623 Prin-cptum
3361 5557 3424 5608 de
3455 5556 3820 5625 δουβτ-,αὐο-

2231 5641 2294 5678 ne
2319 5627 2476 5678 totius
2500 5625 2718 5679 abbatia:
2744 5625 2807 5678 de
2831 5640 2971 5677 more
2998 5625 3283 5693 principum
3313 5624 3453 5693 fecit.
