  <div class='ocr_page' id='page_1' title='image "/cluster/home/n/w/nwhite01/storage/ocr_20150623/97/hvd.32044054759667/539.png"; bbox 0 0 4078 6186; ppageno 0'>
   <div class='ocr_carea' id='block_1_1' title="bbox 558 280 701 340">
    <p class='ocr_par' dir='ltr' id='par_1_1' title="bbox 558 280 701 340">
     <span class='ocr_line' id='line_1_1' title="bbox 558 280 701 340; baseline -0.028 0"><span class='ocrx_word' id='word_1_1' title='bbox 558 280 701 340; x_wconf 75' lang='grc'><strong>1063</strong></span> 
     </span>
    </p>
   </div>
   <div class='ocr_carea' id='block_1_2' title="bbox 1443 273 2925 336">
    <p class='ocr_par' dir='ltr' id='par_1_2' title="bbox 1443 273 2925 336">
     <span class='ocr_line' id='line_1_2' title="bbox 1443 273 2925 336; baseline -0.003 -2"><span class='ocrx_word' id='word_1_2' title='bbox 1443 278 1504 334; x_wconf 80' lang='grc' dir='ltr'><strong>Β.</strong></span> <span class='ocrx_word' id='word_1_3' title='bbox 1544 277 1794 336; x_wconf 82' lang='lat' dir='ltr'><strong>CAllOLl</strong></span> <span class='ocrx_word' id='word_1_4' title='bbox 1835 278 2046 336; x_wconf 78' lang='lat' dir='ltr'><strong>MAGNI</strong></span> <span class='ocrx_word' id='word_1_5' title='bbox 2085 275 2236 334; x_wconf 80' lang='lat' dir='ltr'><strong>OPP.</strong></span> <span class='ocrx_word' id='word_1_6' title='bbox 2281 274 2460 333; x_wconf 78' lang='lat' dir='ltr'><strong>PARS</strong></span> <span class='ocrx_word' id='word_1_7' title='bbox 2500 276 2539 330; x_wconf 92' lang='grc'><strong>1.</strong></span> <span class='ocrx_word' id='word_1_8' title='bbox 2580 273 2822 333; x_wconf 80' lang='lat' dir='ltr'><strong>SECTIO</strong></span> <span class='ocrx_word' id='word_1_9' title='bbox 2863 275 2925 331; x_wconf 83' lang='grc'><strong>11.</strong></span> 
     </span>
    </p>
   </div>
   <div class='ocr_carea' id='block_1_3' title="bbox 3720 283 3878 340">
    <p class='ocr_par' dir='ltr' id='par_1_3' title="bbox 3720 283 3878 340">
     <span class='ocr_line' id='line_1_3' title="bbox 3720 283 3878 340; baseline 0.013 -2"><span class='ocrx_word' id='word_1_10' title='bbox 3720 283 3749 338; x_wconf 77' lang='grc'><strong>1</strong></span> <span class='ocrx_word' id='word_1_11' title='bbox 3761 283 3878 340; x_wconf 68' lang='grc' dir='ltr'><strong>(ιιῐι</strong></span> 
     </span>
    </p>
   </div>
   <div class='ocr_carea' id='block_1_4' title="bbox 574 392 3882 467">
    <p class='ocr_par' dir='ltr' id='par_1_4' title="bbox 574 392 3882 467">
     <span class='ocr_line' id='line_1_4' title="bbox 574 392 3882 467; baseline 0.001 -17"><span class='ocrx_word' id='word_1_12' title='bbox 574 397 876 467; x_wconf 76' lang='lat' dir='ltr'><strong>profectum</strong></span> <span class='ocrx_word' id='word_1_13' title='bbox 899 395 1092 451; x_wconf 72' lang='lat' dir='ltr'><strong>animm</strong></span> <span class='ocrx_word' id='word_1_14' title='bbox 1122 405 1279 465; x_wconf 91' lang='lat' dir='ltr'><strong>atque</strong></span> <span class='ocrx_word' id='word_1_15' title='bbox 1309 396 1373 449; x_wconf 88' lang='lat' dir='ltr'><strong>ad</strong></span> <span class='ocrx_word' id='word_1_16' title='bbox 1412 395 1758 450; x_wconf 71' lang='lat' dir='ltr'><strong>stabilitatem</strong></span> <span class='ocrx_word' id='word_1_17' title='bbox 1801 395 1947 464; x_wconf 93' lang='lat' dir='ltr'><strong>regni</strong></span> <span class='ocrx_word' id='word_1_18' title='bbox 1977 395 2144 450; x_wconf 85' lang='lat' dir='ltr'><strong>nostri</strong></span> <span class='ocrx_word' id='word_1_19' title='bbox 2176 401 2221 455; x_wconf 80' lang='grc' dir='ltr'>Α</span> <span class='ocrx_word' id='word_1_20' title='bbox 2253 392 2509 448; x_wconf 83' lang='lat' dir='ltr'><strong>Bonilacii</strong></span> <span class='ocrx_word' id='word_1_21' title='bbox 2535 393 2764 462; x_wconf 84' lang='lat' dir='ltr'><strong>quiescit</strong></span> <span class='ocrx_word' id='word_1_22' title='bbox 2790 395 3063 446; x_wconf 81' lang='lat' dir='ltr'><strong>humatum</strong></span> <span class='ocrx_word' id='word_1_23' title='bbox 3103 400 3159 448; x_wconf 90' lang='lat' dir='ltr'><strong>et</strong></span> <span class='ocrx_word' id='word_1_24' title='bbox 3186 393 3268 449; x_wconf 91' lang='lat' dir='ltr'><strong>vir</strong></span> <span class='ocrx_word' id='word_1_25' title='bbox 3293 396 3625 453; x_wconf 68' lang='lat' dir='ltr'><strong>Venerabilis</strong></span> <span class='ocrx_word' id='word_1_26' title='bbox 3675 399 3882 455; x_wconf 80' lang='lat' dir='ltr'><strong>Baou-</strong></span> 
     </span>
    </p>
   </div>
   <div class='ocr_carea' id='block_1_5' title="bbox 559 485 2139 558">
    <p class='ocr_par' dir='ltr' id='par_1_5' title="bbox 559 485 2139 558">
     <span class='ocr_line' id='line_1_5' title="bbox 559 485 2139 558; baseline -0.003 -15"><span class='ocrx_word' id='word_1_27' title='bbox 559 489 834 558; x_wconf 83' lang='lat' dir='ltr'><strong>pertinere</strong></span> <span class='ocrx_word' id='word_1_28' title='bbox 857 487 1194 552; x_wconf 88' lang='lat' dir='ltr'><strong>conﬁdimus,</strong></span> <span class='ocrx_word' id='word_1_29' title='bbox 1222 488 1380 557; x_wconf 78' lang='lat' dir='ltr'><strong>igitur</strong></span> <span class='ocrx_word' id='word_1_30' title='bbox 1407 497 1590 540; x_wconf 89' lang='lat' dir='ltr'><strong>nutum</strong></span> <span class='ocrx_word' id='word_1_31' title='bbox 1629 487 1696 541; x_wconf 92' lang='lat' dir='ltr'><strong>sit</strong></span> <span class='ocrx_word' id='word_1_32' title='bbox 1726 487 1962 540; x_wconf 87' lang='lat' dir='ltr'><strong>onmium</strong></span> <span class='ocrx_word' id='word_1_33' title='bbox 2006 485 2139 539; x_wconf 86' lang='lat' dir='ltr'><strong>ﬁde-</strong></span> 
     </span>
    </p>
   </div>
   <div class='ocr_carea' id='block_1_6' title="bbox 565 577 2140 647">
    <p class='ocr_par' dir='ltr' id='par_1_6' title="bbox 565 577 2140 647">
     <span class='ocr_line' id='line_1_6' title="bbox 565 577 2140 647; baseline -0.003 -14"><span class='ocrx_word' id='word_1_34' title='bbox 565 579 692 633; x_wconf 91' lang='lat' dir='ltr'><strong>lium</strong></span> <span class='ocrx_word' id='word_1_35' title='bbox 741 586 1045 632; x_wconf 80' lang='lat' dir='ltr'><strong>astrorum</strong></span> <span class='ocrx_word' id='word_1_36' title='bbox 1093 577 1488 647; x_wconf 84' lang='lat' dir='ltr'><strong>magnitudini,</strong></span> <span class='ocrx_word' id='word_1_37' title='bbox 1537 577 1768 647; x_wconf 85' lang='lat' dir='ltr'><strong>qualiter</strong></span> <span class='ocrx_word' id='word_1_38' title='bbox 1793 591 1891 630; x_wconf 90' lang='lat' dir='ltr'><strong>nos</strong></span> <span class='ocrx_word' id='word_1_39' title='bbox 1922 586 2140 645; x_wconf 76' lang='lat' dir='ltr'><strong>propter</strong></span> 
     </span>
    </p>
   </div>
   <div class='ocr_carea' id='block_1_7' title="bbox 563 666 2138 724">
    <p class='ocr_par' dir='ltr' id='par_1_7' title="bbox 563 666 2138 724">
     <span class='ocr_line' id='line_1_7' title="bbox 563 666 2138 724; baseline -0.003 -1"><span class='ocrx_word' id='word_1_40' title='bbox 563 683 755 724; x_wconf 83' lang='lat' dir='ltr'><strong>nomen</strong></span> <span class='ocrx_word' id='word_1_41' title='bbox 801 667 1009 721; x_wconf 90' lang='lat' dir='ltr'><strong>Domini</strong></span> <span class='ocrx_word' id='word_1_42' title='bbox 1056 676 1110 720; x_wconf 89' lang='lat' dir='ltr'><strong>et</strong></span> <span class='ocrx_word' id='word_1_43' title='bbox 1155 667 1345 721; x_wconf 74' lang='lat' dir='ltr'><strong>anima:</strong></span> <span class='ocrx_word' id='word_1_44' title='bbox 1393 677 1590 722; x_wconf 70' lang='lat' dir='ltr'><strong>nostra:</strong></span> <span class='ocrx_word' id='word_1_45' title='bbox 1619 668 1846 722; x_wconf 82' lang='lat' dir='ltr'><strong>salutem</strong></span> <span class='ocrx_word' id='word_1_46' title='bbox 1874 666 2138 720; x_wconf 81' lang='lat' dir='ltr'><strong>donamus</strong></span> 
     </span>
    </p>
   </div>
   <div class='ocr_carea' id='block_1_8' title="bbox 562 757 2137 826">
    <p class='ocr_par' dir='ltr' id='par_1_8' title="bbox 562 757 2137 826">
     <span class='ocr_line' id='line_1_8' title="bbox 562 757 2137 826; baseline -0.002 -13"><span class='ocrx_word' id='word_1_47' title='bbox 562 770 723 826; x_wconf 87' lang='lat' dir='ltr'><strong>atque</strong></span> <span class='ocrx_word' id='word_1_48' title='bbox 762 757 1128 811; x_wconf 89' lang='lat' dir='ltr'><strong>contradimus</strong></span> <span class='ocrx_word' id='word_1_49' title='bbox 1185 757 1251 810; x_wconf 89' lang='lat' dir='ltr'><strong>ad</strong></span> <span class='ocrx_word' id='word_1_50' title='bbox 1312 757 1567 813; x_wconf 85' lang='lat' dir='ltr'><strong>Fultense</strong></span> <span class='ocrx_word' id='word_1_51' title='bbox 1615 760 1997 813; x_wconf 88' lang='lat' dir='ltr'><strong>monasterium</strong></span> <span class='ocrx_word' id='word_1_52' title='bbox 2049 757 2137 811; x_wconf 91' lang='lat' dir='ltr'><strong>ubi</strong></span> 
     </span>
    </p>
   </div>
   <div class='ocr_carea' id='block_1_9' title="bbox 564 847 2142 919">
    <p class='ocr_par' dir='ltr' id='par_1_9' title="bbox 564 847 2142 919">
     <span class='ocr_line' id='line_1_9' title="bbox 564 847 2142 919; baseline 0.001 -18"><span class='ocrx_word' id='word_1_53' title='bbox 564 847 996 916; x_wconf 71' lang='lat' dir='ltr'><strong>praetiosissimus</strong></span> <span class='ocrx_word' id='word_1_54' title='bbox 1036 847 1234 901; x_wconf 82' lang='lat' dir='ltr'><strong>Christi</strong></span> <span class='ocrx_word' id='word_1_55' title='bbox 1286 859 1486 919; x_wconf 81' lang='lat' dir='ltr'><strong>martyr</strong></span> <span class='ocrx_word' id='word_1_56' title='bbox 1524 850 1825 904; x_wconf 73' lang='lat' dir='ltr'><strong>Bonifacius</strong></span> <span class='ocrx_word' id='word_1_57' title='bbox 1853 850 2142 918; x_wconf 81' lang='lat' dir='ltr'><strong>corporali-</strong></span> 
     </span>
    </p>
   </div>
   <div class='ocr_carea' id='block_1_10' title="bbox 562 940 2138 1009">
    <p class='ocr_par' dir='ltr' id='par_1_10' title="bbox 562 940 2138 1009">
     <span class='ocr_line' id='line_1_10' title="bbox 562 940 2138 1009; baseline 0 -15"><span class='ocrx_word' id='word_1_58' title='bbox 562 952 642 994; x_wconf 88' lang='lat' dir='ltr'><strong>ter</strong></span> <span class='ocrx_word' id='word_1_59' title='bbox 673 940 961 1009; x_wconf 84' lang='lat' dir='ltr'><strong>requiescit</strong></span> <span class='ocrx_word' id='word_1_60' title='bbox 991 951 1042 994; x_wconf 91' lang='lat' dir='ltr'><strong>et</strong></span> <span class='ocrx_word' id='word_1_61' title='bbox 1073 942 1153 994; x_wconf 90' lang='lat' dir='ltr'><strong>vir</strong></span> <span class='ocrx_word' id='word_1_62' title='bbox 1185 942 1505 1006; x_wconf 79' lang='lat' dir='ltr'><strong>venerabilis</strong></span> <span class='ocrx_word' id='word_1_63' title='bbox 1537 943 1752 996; x_wconf 90' lang='lat' dir='ltr'><strong>Surmio</strong></span> <span class='ocrx_word' id='word_1_64' title='bbox 1781 943 1916 996; x_wconf 90' lang='lat' dir='ltr'><strong>abba</strong></span> <span class='ocrx_word' id='word_1_65' title='bbox 1949 951 2138 995; x_wconf 70' lang='lat' dir='ltr'><strong>turmae</strong></span> 
     </span>
    </p>
   </div>
   <div class='ocr_carea' id='block_1_11' title="bbox 562 1025 2138 1102">
    <p class='ocr_par' dir='ltr' id='par_1_11' title="bbox 562 1025 2138 1102">
     <span class='ocr_line' id='line_1_11' title="bbox 562 1025 2138 1102; baseline 0.001 -17"><span class='ocrx_word' id='word_1_66' title='bbox 562 1031 947 1085; x_wconf 84' lang='lat' dir='ltr'><strong>monachorum</strong></span> <span class='ocrx_word' id='word_1_67' title='bbox 1000 1047 1234 1098; x_wconf 70' lang='lat' dir='ltr'><strong>praeesse</strong></span> <span class='ocrx_word' id='word_1_68' title='bbox 1267 1034 1475 1085; x_wconf 87' lang='lat' dir='ltr'><strong>videtur</strong></span> <span class='ocrx_word' id='word_1_69' title='bbox 1501 1025 1880 1102; x_wconf 82' lang='lat' dir='ltr'><strong>donatumque</strong></span> <span class='ocrx_word' id='word_1_70' title='bbox 1918 1033 1970 1086; x_wconf 90' lang='lat' dir='ltr'><strong>in</strong></span> <span class='ocrx_word' id='word_1_71' title='bbox 2019 1048 2138 1102; x_wconf 82' lang='lat' dir='ltr'><strong>per-</strong></span> 
     </span>
    </p>
   </div>
   <div class='ocr_carea' id='block_1_12' title="bbox 560 1121 2138 1191">
    <p class='ocr_par' dir='ltr' id='par_1_12' title="bbox 560 1121 2138 1191">
     <span class='ocr_line' id='line_1_12' title="bbox 560 1121 2138 1191; baseline 0 -18"><span class='ocrx_word' id='word_1_72' title='bbox 560 1131 774 1189; x_wconf 88' lang='lat' dir='ltr'><strong>petuum</strong></span> <span class='ocrx_word' id='word_1_73' title='bbox 821 1135 942 1175; x_wconf 87' lang='lat' dir='ltr'><strong>esse</strong></span> <span class='ocrx_word' id='word_1_74' title='bbox 988 1122 1236 1175; x_wconf 86' lang='lat' dir='ltr'><strong>volumus</strong></span> <span class='ocrx_word' id='word_1_75' title='bbox 1267 1121 1520 1187; x_wconf 83' lang='lat' dir='ltr'><strong>quasdam</strong></span> <span class='ocrx_word' id='word_1_76' title='bbox 1554 1137 1640 1175; x_wconf 86' lang='lat' dir='ltr'><strong>res</strong></span> <span class='ocrx_word' id='word_1_77' title='bbox 1672 1122 2015 1191; x_wconf 84' lang='lat' dir='ltr'><strong>pmprietatis</strong></span> <span class='ocrx_word' id='word_1_78' title='bbox 2041 1140 2138 1175; x_wconf 83' lang='lat' dir='ltr'><strong>no-</strong></span> 
     </span>
    </p>
   </div>
   <div class='ocr_carea' id='block_1_13' title="bbox 557 1209 2138 1281">
    <p class='ocr_par' dir='ltr' id='par_1_13' title="bbox 557 1209 2138 1281">
     <span class='ocr_line' id='line_1_13' title="bbox 557 1209 2138 1281; baseline 0.001 -18"><span class='ocrx_word' id='word_1_79' title='bbox 557 1222 704 1279; x_wconf 54' lang='lat' dir='ltr'><strong>stra’,</strong></span> <span class='ocrx_word' id='word_1_80' title='bbox 734 1213 834 1265; x_wconf 91' lang='lat' dir='ltr'><strong>hoc</strong></span> <span class='ocrx_word' id='word_1_81' title='bbox 861 1220 941 1264; x_wconf 88' lang='lat' dir='ltr'><strong>est</strong></span> <span class='ocrx_word' id='word_1_82' title='bbox 970 1211 1022 1264; x_wconf 90' lang='lat' dir='ltr'><strong>in</strong></span> <span class='ocrx_word' id='word_1_83' title='bbox 1068 1227 1199 1280; x_wconf 84' lang='lat' dir='ltr'><strong>pago</strong></span> <span class='ocrx_word' id='word_1_84' title='bbox 1229 1209 1642 1278; x_wconf 86' lang='lat' dir='ltr'><strong>Wormacense,</strong></span> <span class='ocrx_word' id='word_1_85' title='bbox 1675 1213 1928 1281; x_wconf 84' lang='lat' dir='ltr'><strong>quidquid</strong></span> <span class='ocrx_word' id='word_1_86' title='bbox 1960 1213 2138 1268; x_wconf 88' lang='lat' dir='ltr'><strong>lidelis</strong></span> 
     </span>
    </p>
   </div>
   <div class='ocr_carea' id='block_1_14' title="bbox 558 1293 2138 1372">
    <p class='ocr_par' dir='ltr' id='par_1_14' title="bbox 558 1293 2138 1372">
     <span class='ocr_line' id='line_1_14' title="bbox 558 1293 2138 1372; baseline 0.002 -18"><span class='ocrx_word' id='word_1_87' title='bbox 558 1314 737 1356; x_wconf 90' lang='lat' dir='ltr'><strong>noster</strong></span> <span class='ocrx_word' id='word_1_88' title='bbox 779 1293 1030 1358; x_wconf 79' lang='lat' dir='ltr'><strong>Otkarius</strong></span> <span class='ocrx_word' id='word_1_89' title='bbox 1071 1317 1168 1372; x_wconf 89' lang='lat' dir='ltr'><strong>per</strong></span> <span class='ocrx_word' id='word_1_90' title='bbox 1221 1313 1464 1356; x_wconf 91' lang='lat' dir='ltr'><strong>nostrum</strong></span> <span class='ocrx_word' id='word_1_91' title='bbox 1510 1304 1827 1358; x_wconf 80' lang='lat' dir='ltr'><strong>beneﬁcium</strong></span> <span class='ocrx_word' id='word_1_92' title='bbox 1879 1303 2022 1356; x_wconf 85' lang='lat' dir='ltr'><strong>visus</strong></span> <span class='ocrx_word' id='word_1_93' title='bbox 2056 1315 2138 1357; x_wconf 73' lang='lat' dir='ltr'><strong>est</strong></span> 
     </span>
    </p>
   </div>
   <div class='ocr_carea' id='block_1_15' title="bbox 557 1393 2136 1465">
    <p class='ocr_par' dir='ltr' id='par_1_15' title="bbox 557 1393 2136 1465">
     <span class='ocr_line' id='line_1_15' title="bbox 557 1393 2136 1465; baseline 0.001 -19"><span class='ocrx_word' id='word_1_94' title='bbox 557 1393 810 1449; x_wconf 81' lang='lat' dir='ltr'><strong>habuisse</strong></span> <span class='ocrx_word' id='word_1_95' title='bbox 836 1435 853 1460; x_wconf 93' lang='lat'><strong>,</strong></span> <span class='ocrx_word' id='word_1_96' title='bbox 905 1397 1006 1448; x_wconf 87' lang='lat' dir='ltr'><strong>hoc</strong></span> <span class='ocrx_word' id='word_1_97' title='bbox 1035 1407 1114 1448; x_wconf 89' lang='lat' dir='ltr'><strong>est</strong></span> <span class='ocrx_word' id='word_1_98' title='bbox 1139 1395 1189 1448; x_wconf 93' lang='lat' dir='ltr'><strong>in</strong></span> <span class='ocrx_word' id='word_1_99' title='bbox 1215 1395 1481 1465; x_wconf 80' lang='lat' dir='ltr'><strong>Mogontia</strong></span> <span class='ocrx_word' id='word_1_100' title='bbox 1511 1396 1726 1451; x_wconf 78' lang='lat' dir='ltr'><strong>civitate</strong></span> <span class='ocrx_word' id='word_1_101' title='bbox 1759 1412 1975 1450; x_wconf 82' lang='lat' dir='ltr'><strong>mansos</strong></span> <span class='ocrx_word' id='word_1_102' title='bbox 2009 1413 2136 1461; x_wconf 84' lang='lat' dir='ltr'><strong>xxv,</strong></span> 
     </span>
    </p>
   </div>
   <div class='ocr_carea' id='block_1_16' title="bbox 557 1483 2139 1555">
    <p class='ocr_par' dir='ltr' id='par_1_16' title="bbox 557 1483 2139 1555">
     <span class='ocr_line' id='line_1_16' title="bbox 557 1483 2139 1555; baseline 0.005 -21"><span class='ocrx_word' id='word_1_103' title='bbox 557 1491 614 1535; x_wconf 92' lang='lat' dir='ltr'><strong>et</strong></span> <span class='ocrx_word' id='word_1_104' title='bbox 644 1483 908 1553; x_wconf 89' lang='lat' dir='ltr'><strong>mancipia</strong></span> <span class='ocrx_word' id='word_1_105' title='bbox 949 1499 1070 1538; x_wconf 77' lang='lat' dir='ltr'><strong>mm</strong></span> <span class='ocrx_word' id='word_1_106' title='bbox 1111 1493 1166 1539; x_wconf 86' lang='lat' dir='ltr'><strong>et</strong></span> <span class='ocrx_word' id='word_1_107' title='bbox 1198 1501 1312 1550; x_wconf 86' lang='lat' dir='ltr'><strong>xvi,</strong></span> <span class='ocrx_word' id='word_1_108' title='bbox 1347 1486 1485 1540; x_wconf 85' lang='lat' dir='ltr'><strong>lidos</strong></span> <span class='ocrx_word' id='word_1_109' title='bbox 1515 1498 1570 1540; x_wconf 92' lang='lat' dir='ltr'><strong>et</strong></span> <span class='ocrx_word' id='word_1_110' title='bbox 1600 1488 1782 1540; x_wconf 86' lang='lat' dir='ltr'><strong>vineas</strong></span> <span class='ocrx_word' id='word_1_111' title='bbox 1805 1487 1870 1542; x_wconf 92' lang='lat' dir='ltr'><strong>ad</strong></span> <span class='ocrx_word' id='word_1_112' title='bbox 1901 1487 2015 1555; x_wconf 90' lang='lat' dir='ltr'><strong>ipsa</strong></span> <span class='ocrx_word' id='word_1_113' title='bbox 2049 1488 2139 1542; x_wconf 86' lang='lat' dir='ltr'><strong>be-</strong></span> 
     </span>
    </p>
   </div>
   <div class='ocr_carea' id='block_1_17' title="bbox 558 1573 2140 1643">
    <p class='ocr_par' dir='ltr' id='par_1_17' title="bbox 558 1573 2140 1643">
     <span class='ocr_line' id='line_1_17' title="bbox 558 1573 2140 1643; baseline 0.003 -17"><span class='ocrx_word' id='word_1_114' title='bbox 558 1573 746 1627; x_wconf 80' lang='lat' dir='ltr'><strong>neﬁcia</strong></span> <span class='ocrx_word' id='word_1_115' title='bbox 795 1575 1120 1643; x_wconf 87' lang='lat' dir='ltr'><strong>pertinentes</strong></span> <span class='ocrx_word' id='word_1_116' title='bbox 1168 1575 1415 1630; x_wconf 90' lang='lat' dir='ltr'><strong>similiter</strong></span> <span class='ocrx_word' id='word_1_117' title='bbox 1457 1592 1584 1631; x_wconf 89' lang='lat' dir='ltr'><strong>vero</strong></span> <span class='ocrx_word' id='word_1_118' title='bbox 1612 1578 1664 1631; x_wconf 93' lang='lat' dir='ltr'><strong>in</strong></span> <span class='ocrx_word' id='word_1_119' title='bbox 1697 1577 1803 1632; x_wconf 88' lang='lat' dir='ltr'><strong>alio</strong></span> <span class='ocrx_word' id='word_1_120' title='bbox 1849 1580 1964 1633; x_wconf 91' lang='lat' dir='ltr'><strong>loco</strong></span> <span class='ocrx_word' id='word_1_121' title='bbox 2005 1581 2140 1632; x_wconf 78' lang='lat' dir='ltr'><strong>infra</strong></span> 
     </span>
    </p>
   </div>
   <div class='ocr_carea' id='block_1_18' title="bbox 560 1663 2142 1740">
    <p class='ocr_par' dir='ltr' id='par_1_18' title="bbox 560 1663 2142 1740">
     <span class='ocr_line' id='line_1_18' title="bbox 560 1663 2142 1740; baseline 0.006 -26"><span class='ocrx_word' id='word_1_122' title='bbox 560 1663 766 1718; x_wconf 80' lang='lat' dir='ltr'><strong>ltenurn</strong></span> <span class='ocrx_word' id='word_1_123' title='bbox 812 1668 864 1720; x_wconf 90' lang='lat' dir='ltr'><strong>in</strong></span> <span class='ocrx_word' id='word_1_124' title='bbox 913 1666 1032 1722; x_wconf 82' lang='lat' dir='ltr'><strong>loco</strong></span> <span class='ocrx_word' id='word_1_125' title='bbox 1077 1669 1164 1737; x_wconf 92' lang='lat' dir='ltr'><strong>qui</strong></span> <span class='ocrx_word' id='word_1_126' title='bbox 1210 1669 1407 1723; x_wconf 91' lang='lat' dir='ltr'><strong>dicitur</strong></span> <span class='ocrx_word' id='word_1_127' title='bbox 1457 1669 1849 1740; x_wconf 82' lang='lat' dir='ltr'><strong>Lubringouva,</strong></span> <span class='ocrx_word' id='word_1_128' title='bbox 1901 1672 1954 1724; x_wconf 91' lang='lat' dir='ltr'><strong>in</strong></span> <span class='ocrx_word' id='word_1_129' title='bbox 1984 1672 2142 1726; x_wconf 88' lang='lat' dir='ltr'><strong>tertio</strong></span> 
     </span>
    </p>
   </div>
   <div class='ocr_carea' id='block_1_19' title="bbox 2240 483 3873 560">
    <p class='ocr_par' dir='ltr' id='par_1_19' title="bbox 2240 483 3873 560">
     <span class='ocr_line' id='line_1_19' title="bbox 2240 483 3873 560; baseline 0.007 -24"><span class='ocrx_word' id='word_1_130' title='bbox 2240 483 2414 538; x_wconf 76' lang='lat' dir='ltr'><strong>vultus</strong></span> <span class='ocrx_word' id='word_1_131' title='bbox 2443 485 2493 538; x_wconf 87' lang='lat' dir='ltr'><strong>iti</strong></span> <span class='ocrx_word' id='word_1_132' title='bbox 2526 485 2785 554; x_wconf 84' lang='lat' dir='ltr'><strong>regimine</strong></span> <span class='ocrx_word' id='word_1_133' title='bbox 2818 485 3015 541; x_wconf 90' lang='lat' dir='ltr'><strong>habere</strong></span> <span class='ocrx_word' id='word_1_134' title='bbox 3044 486 3275 541; x_wconf 88' lang='lat' dir='ltr'><strong>videtur.</strong></span> <span class='ocrx_word' id='word_1_135' title='bbox 3315 488 3526 558; x_wconf 90' lang='lat' dir='ltr'><strong>Campo</strong></span> <span class='ocrx_word' id='word_1_136' title='bbox 3567 492 3671 560; x_wconf 89' lang='lat' dir='ltr'><strong>qui</strong></span> <span class='ocrx_word' id='word_1_137' title='bbox 3711 492 3873 547; x_wconf 82' lang='lat' dir='ltr'><strong>diet-</strong></span> 
     </span>
    </p>
   </div>
   <div class='ocr_carea' id='block_1_20' title="bbox 2243 563 3880 646">
    <p class='ocr_par' dir='ltr' id='par_1_20' title="bbox 2243 563 3880 646">
     <span class='ocr_line' id='line_1_20' title="bbox 2243 563 3880 646; baseline 0.005 -22"><span class='ocrx_word' id='word_1_138' title='bbox 2243 582 2328 625; x_wconf 89' lang='lat' dir='ltr'><strong>tur</strong></span> <span class='ocrx_word' id='word_1_139' title='bbox 2377 569 2603 626; x_wconf 84' lang='lat' dir='ltr'><strong>Unofeld</strong></span> <span class='ocrx_word' id='word_1_140' title='bbox 2653 587 2776 628; x_wconf 89' lang='lat' dir='ltr'><strong>cum</strong></span> <span class='ocrx_word' id='word_1_141' title='bbox 2807 574 2957 628; x_wconf 79' lang='lat' dir='ltr'><strong>silvis</strong></span> <span class='ocrx_word' id='word_1_142' title='bbox 2997 563 3110 628; x_wconf 82' lang='lat' dir='ltr'><strong>suis</strong></span> <span class='ocrx_word' id='word_1_143' title='bbox 3145 576 3405 631; x_wconf 88' lang='lat' dir='ltr'><strong>tradimus</strong></span> <span class='ocrx_word' id='word_1_144' title='bbox 3448 582 3880 646; x_wconf 82' lang='lat' dir='ltr'><strong>perpetualiter</strong></span> 
     </span>
    </p>
   </div>
   <div class='ocr_carea' id='block_1_21' title="bbox 2241 663 3870 735">
    <p class='ocr_par' dir='ltr' id='par_1_21' title="bbox 2241 663 3870 735">
     <span class='ocr_line' id='line_1_21' title="bbox 2241 663 3870 735; baseline 0.004 -18"><span class='ocrx_word' id='word_1_145' title='bbox 2241 665 2307 717; x_wconf 88' lang='lat' dir='ltr'><strong>ad</strong></span> <span class='ocrx_word' id='word_1_146' title='bbox 2339 663 2732 730; x_wconf 90' lang='lat' dir='ltr'><strong>possedendum</strong></span> <span class='ocrx_word' id='word_1_147' title='bbox 2771 682 2785 718; x_wconf 87' lang='lat'><strong>:</strong></span> <span class='ocrx_word' id='word_1_148' title='bbox 2819 678 3102 735; x_wconf 84' lang='lat' dir='ltr'><strong>propterea</strong></span> <span class='ocrx_word' id='word_1_149' title='bbox 3134 669 3269 722; x_wconf 89' lang='lat' dir='ltr'><strong>hanc</strong></span> <span class='ocrx_word' id='word_1_150' title='bbox 3309 670 3710 724; x_wconf 85' lang='lat' dir='ltr'><strong>auctoritatem</strong></span> <span class='ocrx_word' id='word_1_151' title='bbox 3762 688 3870 724; x_wconf 85' lang='lat' dir='ltr'><strong>no—</strong></span> 
     </span>
    </p>
   </div>
   <div class='ocr_carea' id='block_1_22' title="bbox 2241 757 3870 829">
    <p class='ocr_par' dir='ltr' id='par_1_22' title="bbox 2241 757 3870 829">
     <span class='ocr_line' id='line_1_22' title="bbox 2241 757 3870 829; baseline 0.005 -21"><span class='ocrx_word' id='word_1_152' title='bbox 2241 767 2405 808; x_wconf 84' lang='lat' dir='ltr'><strong>strain</strong></span> <span class='ocrx_word' id='word_1_153' title='bbox 2456 757 2801 811; x_wconf 88' lang='lat' dir='ltr'><strong>conscribere</strong></span> <span class='ocrx_word' id='word_1_154' title='bbox 2846 757 3144 827; x_wconf 82' lang='lat' dir='ltr'><strong>iussimus,</strong></span> <span class='ocrx_word' id='word_1_155' title='bbox 3192 773 3286 826; x_wconf 85' lang='lat' dir='ltr'><strong>per</strong></span> <span class='ocrx_word' id='word_1_156' title='bbox 3329 775 3491 829; x_wconf 91' lang='lat' dir='ltr'><strong>quam</strong></span> <span class='ocrx_word' id='word_1_157' title='bbox 3521 763 3870 825; x_wconf 71' lang='lat' dir='ltr'><strong>specialiter</strong></span> 
     </span>
    </p>
   </div>
   <div class='ocr_carea' id='block_1_23' title="bbox 2240 847 3864 918">
    <p class='ocr_par' dir='ltr' id='par_1_23' title="bbox 2240 847 3864 918">
     <span class='ocr_line' id='line_1_23' title="bbox 2240 847 3864 918; baseline 0.003 -19"><span class='ocrx_word' id='word_1_158' title='bbox 2240 847 2582 901; x_wconf 83' lang='lat' dir='ltr'><strong>decernimus</strong></span> <span class='ocrx_word' id='word_1_159' title='bbox 2616 847 2969 902; x_wconf 89' lang='lat' dir='ltr'><strong>ordinandum</strong></span> <span class='ocrx_word' id='word_1_160' title='bbox 3020 857 3077 902; x_wconf 95' lang='lat' dir='ltr'><strong>ut</strong></span> <span class='ocrx_word' id='word_1_161' title='bbox 3108 850 3282 902; x_wconf 89' lang='lat' dir='ltr'><strong>nullus</strong></span> <span class='ocrx_word' id='word_1_162' title='bbox 3309 850 3574 918; x_wconf 86' lang='lat' dir='ltr'><strong>quislibet</strong></span> <span class='ocrx_word' id='word_1_163' title='bbox 3601 851 3682 904; x_wconf 83' lang='lat' dir='ltr'><strong>de</strong></span> <span class='ocrx_word' id='word_1_164' title='bbox 3717 854 3864 904; x_wconf 83' lang='lat' dir='ltr'><strong>tide-</strong></span> 
     </span>
    </p>
   </div>
   <div class='ocr_carea' id='block_1_24' title="bbox 2243 938 3869 1006">
    <p class='ocr_par' dir='ltr' id='par_1_24' title="bbox 2243 938 3869 1006">
     <span class='ocr_line' id='line_1_24' title="bbox 2243 938 3869 1006; baseline 0.002 -17"><span class='ocrx_word' id='word_1_165' title='bbox 2243 938 2380 991; x_wconf 90' lang='lat' dir='ltr'><strong>libus</strong></span> <span class='ocrx_word' id='word_1_166' title='bbox 2421 947 2514 992; x_wconf 88' lang='lat' dir='ltr'><strong>aut</strong></span> <span class='ocrx_word' id='word_1_167' title='bbox 2580 938 2979 993; x_wconf 85' lang='lat' dir='ltr'><strong>successoribus</strong></span> <span class='ocrx_word' id='word_1_168' title='bbox 3023 939 3226 992; x_wconf 75' lang='lat' dir='ltr'><strong>nostris</strong></span> <span class='ocrx_word' id='word_1_169' title='bbox 3273 940 3522 1006; x_wconf 89' lang='lat' dir='ltr'><strong>predicto</strong></span> <span class='ocrx_word' id='word_1_170' title='bbox 3581 940 3869 994; x_wconf 77' lang='lat' dir='ltr'><strong>Baovnlio</strong></span> 
     </span>
    </p>
   </div>
   <div class='ocr_carea' id='block_1_25' title="bbox 2240 1028 3870 1098">
    <p class='ocr_par' dir='ltr' id='par_1_25' title="bbox 2240 1028 3870 1098">
     <span class='ocr_line' id='line_1_25' title="bbox 2240 1028 3870 1098; baseline 0.002 -17"><span class='ocrx_word' id='word_1_171' title='bbox 2240 1028 2436 1083; x_wconf 87' lang='lat' dir='ltr'><strong>abbate</strong></span> <span class='ocrx_word' id='word_1_172' title='bbox 2473 1030 2555 1084; x_wconf 88' lang='lat' dir='ltr'><strong>vel</strong></span> <span class='ocrx_word' id='word_1_173' title='bbox 2592 1030 2997 1084; x_wconf 83' lang='lat' dir='ltr'><strong>successoribus</strong></span> <span class='ocrx_word' id='word_1_174' title='bbox 3033 1030 3147 1083; x_wconf 89' lang='lat' dir='ltr'><strong>suis</strong></span> <span class='ocrx_word' id='word_1_175' title='bbox 3177 1029 3246 1084; x_wconf 93' lang='lat' dir='ltr'><strong>de</strong></span> <span class='ocrx_word' id='word_1_176' title='bbox 3275 1031 3383 1098; x_wconf 89' lang='lat' dir='ltr'><strong>jam</strong></span> <span class='ocrx_word' id='word_1_177' title='bbox 3418 1032 3571 1085; x_wconf 89' lang='lat' dir='ltr'><strong>dicto</strong></span> <span class='ocrx_word' id='word_1_178' title='bbox 3603 1033 3738 1085; x_wconf 82' lang='lat' dir='ltr'><strong>locu</strong></span> <span class='ocrx_word' id='word_1_179' title='bbox 3771 1033 3870 1084; x_wconf 83' lang='lat' dir='ltr'><strong>in—</strong></span> 
     </span>
    </p>
   </div>
   <div class='ocr_carea' id='block_1_26' title="bbox 2240 1121 3859 1190">
    <p class='ocr_par' dir='ltr' id='par_1_26' title="bbox 2240 1121 3859 1190">
     <span class='ocr_line' id='line_1_26' title="bbox 2240 1121 3859 1190; baseline 0.001 -16"><span class='ocrx_word' id='word_1_180' title='bbox 2240 1121 2500 1190; x_wconf 87' lang='lat' dir='ltr'><strong>quietare,</strong></span> <span class='ocrx_word' id='word_1_181' title='bbox 2527 1131 2618 1174; x_wconf 89' lang='lat' dir='ltr'><strong>aut</strong></span> <span class='ocrx_word' id='word_1_182' title='bbox 2643 1131 2828 1175; x_wconf 88' lang='lat' dir='ltr'><strong>contra</strong></span> <span class='ocrx_word' id='word_1_183' title='bbox 2853 1121 3091 1175; x_wconf 84' lang='lat' dir='ltr'><strong>rationes</strong></span> <span class='ocrx_word' id='word_1_184' title='bbox 3119 1122 3372 1175; x_wconf 89' lang='lat' dir='ltr'><strong>ordinare</strong></span> <span class='ocrx_word' id='word_1_185' title='bbox 3394 1122 3480 1175; x_wconf 87' lang='lat' dir='ltr'><strong>vel</strong></span> <span class='ocrx_word' id='word_1_186' title='bbox 3507 1123 3859 1176; x_wconf 80' lang='lat' dir='ltr'><strong>calomniam</strong></span> 
     </span>
    </p>
   </div>
   <div class='ocr_carea' id='block_1_27' title="bbox 2239 1211 3858 1282">
    <p class='ocr_par' dir='ltr' id='par_1_27' title="bbox 2239 1211 3858 1282">
     <span class='ocr_line' id='line_1_27' title="bbox 2239 1211 3858 1282; baseline 0.001 -18"><span class='ocrx_word' id='word_1_187' title='bbox 2239 1225 2504 1281; x_wconf 79' lang='lat' dir='ltr'><strong>generare</strong></span> <span class='ocrx_word' id='word_1_188' title='bbox 2550 1226 2653 1264; x_wconf 91' lang='lat' dir='ltr'><strong>non</strong></span> <span class='ocrx_word' id='word_1_189' title='bbox 2688 1219 2994 1279; x_wconf 87' lang='lat' dir='ltr'><strong>presumat,</strong></span> <span class='ocrx_word' id='word_1_190' title='bbox 3046 1211 3139 1265; x_wconf 85' lang='lat' dir='ltr'><strong>sed</strong></span> <span class='ocrx_word' id='word_1_191' title='bbox 3169 1212 3368 1265; x_wconf 85' lang='lat' dir='ltr'><strong>nostris</strong></span> <span class='ocrx_word' id='word_1_192' title='bbox 3399 1211 3607 1267; x_wconf 83' lang='lat' dir='ltr'><strong>futuris</strong></span> <span class='ocrx_word' id='word_1_193' title='bbox 3638 1221 3858 1282; x_wconf 72' lang='lat' dir='ltr'><strong>tempa-</strong></span> 
     </span>
    </p>
   </div>
   <div class='ocr_carea' id='block_1_28' title="bbox 2241 1306 3848 1379">
    <p class='ocr_par' dir='ltr' id='par_1_28' title="bbox 2241 1306 3848 1379">
     <span class='ocr_line' id='line_1_28' title="bbox 2241 1306 3848 1379; baseline -0.002 -17"><span class='ocrx_word' id='word_1_194' title='bbox 2241 1309 2391 1362; x_wconf 91' lang='lat' dir='ltr'><strong>ribus</strong></span> <span class='ocrx_word' id='word_1_195' title='bbox 2447 1309 2512 1362; x_wconf 90' lang='lat' dir='ltr'><strong>ad</strong></span> <span class='ocrx_word' id='word_1_196' title='bbox 2564 1309 2682 1379; x_wconf 89' lang='lat' dir='ltr'><strong>ipsa</strong></span> <span class='ocrx_word' id='word_1_197' title='bbox 2736 1323 2855 1364; x_wconf 86' lang='lat' dir='ltr'><strong>casa</strong></span> <span class='ocrx_word' id='word_1_198' title='bbox 2903 1308 2999 1362; x_wconf 87' lang='lat' dir='ltr'><strong>Dei</strong></span> <span class='ocrx_word' id='word_1_199' title='bbox 3050 1306 3436 1376; x_wconf 87' lang='lat' dir='ltr'><strong>perpetualiter</strong></span> <span class='ocrx_word' id='word_1_200' title='bbox 3487 1306 3762 1374; x_wconf 84' lang='lat' dir='ltr'><strong>proﬁciat</strong></span> <span class='ocrx_word' id='word_1_201' title='bbox 3801 1306 3848 1358; x_wconf 77' lang='lat' dir='ltr'><strong>iu</strong></span> 
     </span>
    </p>
   </div>
   <div class='ocr_carea' id='block_1_29' title="bbox 2243 1395 3835 1466">
    <p class='ocr_par' dir='ltr' id='par_1_29' title="bbox 2243 1395 3835 1466">
     <span class='ocr_line' id='line_1_29' title="bbox 2243 1395 3835 1466; baseline -0.003 -14"><span class='ocrx_word' id='word_1_202' title='bbox 2243 1399 2569 1466; x_wconf 82' lang='lat' dir='ltr'><strong>augmentis,</strong></span> <span class='ocrx_word' id='word_1_203' title='bbox 2599 1409 2655 1454; x_wconf 87' lang='lat' dir='ltr'><strong>et</strong></span> <span class='ocrx_word' id='word_1_204' title='bbox 2695 1398 2875 1452; x_wconf 89' lang='lat' dir='ltr'><strong>uthac</strong></span> <span class='ocrx_word' id='word_1_205' title='bbox 2906 1397 3199 1452; x_wconf 86' lang='lat' dir='ltr'><strong>auctoritas</strong></span> <span class='ocrx_word' id='word_1_206' title='bbox 3225 1395 3434 1450; x_wconf 88' lang='lat' dir='ltr'><strong>ﬁrmior</strong></span> <span class='ocrx_word' id='word_1_207' title='bbox 3460 1396 3535 1449; x_wconf 87' lang='lat' dir='ltr'><strong>sit</strong></span> <span class='ocrx_word' id='word_1_208' title='bbox 3552 1410 3734 1448; x_wconf 86' lang='lat' dir='ltr'><strong>manu</strong></span> <span class='ocrx_word' id='word_1_209' title='bbox 3757 1411 3835 1448; x_wconf 79' lang='lat' dir='ltr'><strong>ao-</strong></span> 
     </span>
    </p>
   </div>
   <div class='ocr_carea' id='block_1_30' title="bbox 2244 1485 3848 1556">
    <p class='ocr_par' dir='ltr' id='par_1_30' title="bbox 2244 1485 3848 1556">
     <span class='ocr_line' id='line_1_30' title="bbox 2244 1485 3848 1556; baseline 0 -16"><span class='ocrx_word' id='word_1_210' title='bbox 2244 1498 2358 1541; x_wconf 89' lang='lat' dir='ltr'><strong>stra</strong></span> <span class='ocrx_word' id='word_1_211' title='bbox 2389 1488 2579 1544; x_wconf 85' lang='lat' dir='ltr'><strong>subter</strong></span> <span class='ocrx_word' id='word_1_212' title='bbox 2605 1488 2938 1544; x_wconf 90' lang='lat' dir='ltr'><strong>ﬁrmavimus</strong></span> <span class='ocrx_word' id='word_1_213' title='bbox 2964 1496 3020 1543; x_wconf 88' lang='lat' dir='ltr'><strong>et</strong></span> <span class='ocrx_word' id='word_1_214' title='bbox 3047 1487 3114 1544; x_wconf 88' lang='lat' dir='ltr'><strong>de</strong></span> <span class='ocrx_word' id='word_1_215' title='bbox 3162 1487 3321 1542; x_wconf 87' lang='lat' dir='ltr'><strong>anolo</strong></span> <span class='ocrx_word' id='word_1_216' title='bbox 3365 1497 3562 1541; x_wconf 87' lang='lat' dir='ltr'><strong>nostro</strong></span> <span class='ocrx_word' id='word_1_217' title='bbox 3607 1485 3848 1556; x_wconf 71' lang='lat' dir='ltr'><strong>sigillam</strong></span> 
     </span>
    </p>
   </div>
   <div class='ocr_carea' id='block_1_31' title="bbox 2237 1577 2529 1648">
    <p class='ocr_par' dir='ltr' id='par_1_31' title="bbox 2237 1577 2529 1648">
     <span class='ocr_line' id='line_1_31' title="bbox 2237 1577 2529 1648; baseline 0.007 -18"><span class='ocrx_word' id='word_1_218' title='bbox 2237 1577 2529 1648; x_wconf 88' lang='lat' dir='ltr'><strong>jussimus.</strong></span> 
     </span>
    </p>
   </div>
   <div class='ocr_carea' id='block_1_32' title="bbox 2317 1669 3859 1742">
    <p class='ocr_par' dir='ltr' id='par_1_32' title="bbox 2317 1669 3859 1742">
     <span class='ocr_line' id='line_1_32' title="bbox 2317 1669 3859 1742; baseline -0.003 -16"><span class='ocrx_word' id='word_1_219' title='bbox 2317 1677 2345 1716; x_wconf 80' lang='lat' dir='ltr'><strong>b</strong></span> <span class='ocrx_word' id='word_1_220' title='bbox 2372 1670 2591 1739; x_wconf 90' lang='lat' dir='ltr'><strong>Signum</strong></span> <span class='ocrx_word' id='word_1_221' title='bbox 2621 1671 2798 1725; x_wconf 83' lang='lat' dir='ltr'><strong>Caroli</strong></span> <span class='ocrx_word' id='word_1_222' title='bbox 2838 1671 3208 1742; x_wconf 70' lang='lat' dir='ltr'><strong>gloriosissimi</strong></span> <span class='ocrx_word' id='word_1_223' title='bbox 3236 1669 3396 1739; x_wconf 83' lang='lat' dir='ltr'><strong>regis.</strong></span> <span class='ocrx_word' id='word_1_224' title='bbox 3415 1669 3770 1724; x_wconf 80' lang='lat' dir='ltr'><strong>Widulaicus</strong></span> <span class='ocrx_word' id='word_1_225' title='bbox 3792 1670 3859 1721; x_wconf 82' lang='lat' dir='ltr'><strong>ad</strong></span> 
     </span>
    </p>
   </div>
   <div class='ocr_carea' id='block_1_33' title="bbox 558 1755 3017 1833">
    <p class='ocr_par' dir='ltr' id='par_1_33' title="bbox 558 1755 3017 1833">
     <span class='ocr_line' id='line_1_33' title="bbox 558 1755 3017 1833; baseline 0.004 -27"><span class='ocrx_word' id='word_1_226' title='bbox 558 1766 688 1808; x_wconf 83' lang='lat' dir='ltr'><strong>vero</strong></span> <span class='ocrx_word' id='word_1_227' title='bbox 729 1755 852 1810; x_wconf 87' lang='lat' dir='ltr'><strong>loco</strong></span> <span class='ocrx_word' id='word_1_228' title='bbox 894 1758 984 1825; x_wconf 91' lang='lat' dir='ltr'><strong>qui</strong></span> <span class='ocrx_word' id='word_1_229' title='bbox 1031 1757 1226 1812; x_wconf 92' lang='lat' dir='ltr'><strong>dicitur</strong></span> <span class='ocrx_word' id='word_1_230' title='bbox 1265 1759 1596 1814; x_wconf 77' lang='lat' dir='ltr'><strong>Nuvenheim</strong></span> <span class='ocrx_word' id='word_1_231' title='bbox 1640 1760 1895 1830; x_wconf 85' lang='lat' dir='ltr'><strong>quidquid</strong></span> <span class='ocrx_word' id='word_1_232' title='bbox 1941 1762 2140 1816; x_wconf 82' lang='lat' dir='ltr'><strong>ibidem</strong></span> <span class='ocrx_word' id='word_1_233' title='bbox 2178 1758 2222 1817; x_wconf 85' lang='grc' dir='ltr'><strong>Β</strong></span> <span class='ocrx_word' id='word_1_234' title='bbox 2250 1761 2420 1817; x_wconf 81' lang='lat' dir='ltr'><strong>vicem</strong></span> <span class='ocrx_word' id='word_1_235' title='bbox 2447 1761 2683 1818; x_wconf 80' lang='lat' dir='ltr'><strong>Rationis</strong></span> <span class='ocrx_word' id='word_1_236' title='bbox 2711 1762 3017 1833; x_wconf 76' lang='lat' dir='ltr'><strong>recognovi.</strong></span> 
     </span>
    </p>
   </div>
   <div class='ocr_carea' id='block_1_34' title="bbox 560 1845 2143 1920">
    <p class='ocr_par' dir='ltr' id='par_1_34' title="bbox 560 1845 2143 1920">
     <span class='ocr_line' id='line_1_34' title="bbox 560 1845 2143 1920; baseline 0.006 -23"><span class='ocrx_word' id='word_1_237' title='bbox 560 1845 828 1913; x_wconf 89' lang='lat' dir='ltr'><strong>predictus</strong></span> <span class='ocrx_word' id='word_1_238' title='bbox 858 1845 1108 1902; x_wconf 81' lang='lat' dir='ltr'><strong>Ottokart</strong></span> <span class='ocrx_word' id='word_1_239' title='bbox 1137 1849 1325 1903; x_wconf 84' lang='lat' dir='ltr'><strong>habuit</strong></span> <span class='ocrx_word' id='word_1_240' title='bbox 1355 1860 1462 1904; x_wconf 90' lang='lat' dir='ltr'><strong>tam</strong></span> <span class='ocrx_word' id='word_1_241' title='bbox 1495 1853 1682 1918; x_wconf 90' lang='lat' dir='ltr'><strong>terris,</strong></span> <span class='ocrx_word' id='word_1_242' title='bbox 1713 1853 1855 1920; x_wconf 87' lang='lat' dir='ltr'><strong>agris</strong></span> <span class='ocrx_word' id='word_1_243' title='bbox 1875 1867 2031 1920; x_wconf 87' lang='lat' dir='ltr'><strong>quam</strong></span> <span class='ocrx_word' id='word_1_244' title='bbox 2064 1853 2143 1906; x_wconf 87' lang='lat' dir='ltr'><strong>vi-</strong></span> 
     </span>
    </p>
   </div>
   <div class='ocr_carea' id='block_1_35' title="bbox 563 1934 2140 2010">
    <p class='ocr_par' dir='ltr' id='par_1_35' title="bbox 563 1934 2140 2010">
     <span class='ocr_line' id='line_1_35' title="bbox 563 1934 2140 2010; baseline 0.004 -22"><span class='ocrx_word' id='word_1_245' title='bbox 563 1934 679 1990; x_wconf 91' lang='lat' dir='ltr'><strong>neis</strong></span> <span class='ocrx_word' id='word_1_246' title='bbox 707 1944 762 1990; x_wconf 89' lang='lat' dir='ltr'><strong>et</strong></span> <span class='ocrx_word' id='word_1_247' title='bbox 793 1937 964 1990; x_wconf 86' lang='lat' dir='ltr'><strong>hortis</strong></span> <span class='ocrx_word' id='word_1_248' title='bbox 1007 1937 1162 1991; x_wconf 87' lang='lat' dir='ltr'><strong>cultis</strong></span> <span class='ocrx_word' id='word_1_249' title='bbox 1189 1949 1244 1992; x_wconf 92' lang='lat' dir='ltr'><strong>et</strong></span> <span class='ocrx_word' id='word_1_250' title='bbox 1264 1940 1510 2004; x_wconf 89' lang='lat' dir='ltr'><strong>incultis;</strong></span> <span class='ocrx_word' id='word_1_251' title='bbox 1557 1941 1609 1994; x_wconf 94' lang='lat' dir='ltr'><strong>in</strong></span> <span class='ocrx_word' id='word_1_252' title='bbox 1651 1951 1845 2010; x_wconf 89' lang='lat' dir='ltr'><strong>quarto</strong></span> <span class='ocrx_word' id='word_1_253' title='bbox 1867 1956 1993 1996; x_wconf 89' lang='lat' dir='ltr'><strong>vero</strong></span> <span class='ocrx_word' id='word_1_254' title='bbox 2019 1942 2140 1996; x_wconf 92' lang='lat' dir='ltr'><strong>luco</strong></span> 
     </span>
    </p>
   </div>
   <div class='ocr_carea' id='block_1_36' title="bbox 563 2026 2145 2101">
    <p class='ocr_par' dir='ltr' id='par_1_36' title="bbox 563 2026 2145 2101">
     <span class='ocr_line' id='line_1_36' title="bbox 563 2026 2145 2101; baseline 0.006 -23"><span class='ocrx_word' id='word_1_255' title='bbox 563 2027 813 2082; x_wconf 80' lang='lat' dir='ltr'><strong>videlicet</strong></span> <span class='ocrx_word' id='word_1_256' title='bbox 854 2029 906 2082; x_wconf 94' lang='lat' dir='ltr'><strong>in</strong></span> <span class='ocrx_word' id='word_1_257' title='bbox 957 2026 1314 2083; x_wconf 81' lang='lat' dir='ltr'><strong>Gunzinheim</strong></span> <span class='ocrx_word' id='word_1_258' title='bbox 1353 2029 1495 2084; x_wconf 82' lang='lat' dir='ltr'><strong>sicut</strong></span> <span class='ocrx_word' id='word_1_259' title='bbox 1541 2030 1738 2086; x_wconf 86' lang='lat' dir='ltr'><strong>ibidem</strong></span> <span class='ocrx_word' id='word_1_260' title='bbox 1769 2031 2054 2101; x_wconf 62' lang='lat' dir='ltr'><strong>prandimus</strong></span> <span class='ocrx_word' id='word_1_261' title='bbox 2083 2034 2145 2087; x_wconf 86' lang='lat' dir='ltr'><strong>ll-</strong></span> 
     </span>
    </p>
   </div>
   <div class='ocr_carea' id='block_1_37' title="bbox 561 2118 2144 2192">
    <p class='ocr_par' dir='ltr' id='par_1_37' title="bbox 561 2118 2144 2192">
     <span class='ocr_line' id='line_1_37' title="bbox 561 2118 2144 2192; baseline 0.003 -19"><span class='ocrx_word' id='word_1_262' title='bbox 561 2118 700 2173; x_wconf 80' lang='lat' dir='ltr'><strong>delis</strong></span> <span class='ocrx_word' id='word_1_263' title='bbox 727 2128 913 2175; x_wconf 92' lang='lat' dir='ltr'><strong>noster</strong></span> <span class='ocrx_word' id='word_1_264' title='bbox 939 2119 1082 2175; x_wconf 88' lang='lat' dir='ltr'><strong>visus</strong></span> <span class='ocrx_word' id='word_1_265' title='bbox 1112 2129 1194 2176; x_wconf 89' lang='lat' dir='ltr'><strong>est</strong></span> <span class='ocrx_word' id='word_1_266' title='bbox 1226 2120 1478 2177; x_wconf 88' lang='lat' dir='ltr'><strong>habuisse</strong></span> <span class='ocrx_word' id='word_1_267' title='bbox 1515 2130 1570 2178; x_wconf 87' lang='lat' dir='ltr'><strong>et</strong></span> <span class='ocrx_word' id='word_1_268' title='bbox 1599 2135 1760 2192; x_wconf 85' lang='lat' dir='ltr'><strong>super</strong></span> <span class='ocrx_word' id='word_1_269' title='bbox 1787 2124 2005 2178; x_wconf 84' lang='lat' dir='ltr'><strong>ﬂuvium</strong></span> <span class='ocrx_word' id='word_1_270' title='bbox 2036 2123 2144 2179; x_wconf 79' lang='lat' dir='ltr'><strong>No-</strong></span> 
     </span>
    </p>
   </div>
   <div class='ocr_carea' id='block_1_38' title="bbox 565 2210 2146 2283">
    <p class='ocr_par' dir='ltr' id='par_1_38' title="bbox 565 2210 2146 2283">
     <span class='ocr_line' id='line_1_38' title="bbox 565 2210 2146 2283; baseline 0.006 -21"><span class='ocrx_word' id='word_1_271' title='bbox 565 2210 691 2278; x_wconf 83' lang='lat' dir='ltr'><strong>ralia</strong></span> <span class='ocrx_word' id='word_1_272' title='bbox 739 2219 946 2281; x_wconf 86' lang='lat' dir='ltr'><strong>pratum</strong></span> <span class='ocrx_word' id='word_1_273' title='bbox 994 2228 1181 2267; x_wconf 85' lang='lat' dir='ltr'><strong>unum.</strong></span> <span class='ocrx_word' id='word_1_274' title='bbox 1227 2212 1351 2269; x_wconf 67' lang='lat' dir='ltr'><strong>Haec</strong></span> <span class='ocrx_word' id='word_1_275' title='bbox 1379 2229 1508 2283; x_wconf 87' lang='lat' dir='ltr'><strong>ergo</strong></span> <span class='ocrx_word' id='word_1_276' title='bbox 1545 2216 1721 2269; x_wconf 89' lang='lat' dir='ltr'><strong>omnia</strong></span> <span class='ocrx_word' id='word_1_277' title='bbox 1754 2231 1915 2282; x_wconf 91' lang='lat' dir='ltr'><strong>supra</strong></span> <span class='ocrx_word' id='word_1_278' title='bbox 1940 2231 2146 2273; x_wconf 85' lang='lat' dir='ltr'><strong>memo-</strong></span> 
     </span>
    </p>
   </div>
   <div class='ocr_carea' id='block_1_39' title="bbox 565 2302 2143 2366">
    <p class='ocr_par' dir='ltr' id='par_1_39' title="bbox 565 2302 2143 2366">
     <span class='ocr_line' id='line_1_39' title="bbox 565 2302 2143 2366; baseline 0.008 -12"><span class='ocrx_word' id='word_1_279' title='bbox 565 2314 680 2355; x_wconf 89' lang='lat' dir='ltr'><strong>rata</strong></span> <span class='ocrx_word' id='word_1_280' title='bbox 711 2302 776 2356; x_wconf 91' lang='lat' dir='ltr'><strong>ad</strong></span> <span class='ocrx_word' id='word_1_281' title='bbox 807 2313 1050 2359; x_wconf 81' lang='lat' dir='ltr'><strong>sanctum</strong></span> <span class='ocrx_word' id='word_1_282' title='bbox 1102 2305 1356 2362; x_wconf 66' lang='lat' dir='ltr'><strong>P‘ultense</strong></span> <span class='ocrx_word' id='word_1_283' title='bbox 1396 2309 1779 2363; x_wconf 81' lang='lat' dir='ltr'><strong>manasterium</strong></span> <span class='ocrx_word' id='word_1_284' title='bbox 1830 2308 1885 2364; x_wconf 83' lang='lat' dir='ltr'><strong>in</strong></span> <span class='ocrx_word' id='word_1_285' title='bbox 1934 2309 2143 2366; x_wconf 81' lang='lat' dir='ltr'><strong>honore</strong></span> 
     </span>
    </p>
   </div>
   <div class='ocr_carea' id='block_1_40' title="bbox 570 2393 2146 2470">
    <p class='ocr_par' dir='ltr' id='par_1_40' title="bbox 570 2393 2146 2470">
     <span class='ocr_line' id='line_1_40' title="bbox 570 2393 2146 2470; baseline 0.008 -24"><span class='ocrx_word' id='word_1_286' title='bbox 570 2393 743 2449; x_wconf 88' lang='lat' dir='ltr'><strong>sancti</strong></span> <span class='ocrx_word' id='word_1_287' title='bbox 771 2393 1032 2450; x_wconf 79' lang='lat' dir='ltr'><strong>Bonifacii</strong></span> <span class='ocrx_word' id='word_1_288' title='bbox 1055 2397 1290 2452; x_wconf 89' lang='lat' dir='ltr'><strong>martiris</strong></span> <span class='ocrx_word' id='word_1_289' title='bbox 1311 2399 1572 2454; x_wconf 85' lang='lat' dir='ltr'><strong>donamus</strong></span> <span class='ocrx_word' id='word_1_290' title='bbox 1592 2411 1753 2470; x_wconf 88' lang='lat' dir='ltr'><strong>atque</strong></span> <span class='ocrx_word' id='word_1_291' title='bbox 1781 2401 2146 2459; x_wconf 89' lang='lat' dir='ltr'><strong>contradimus</strong></span> 
     </span>
    </p>
   </div>
   <div class='ocr_carea' id='block_1_41' title="bbox 566 2485 2144 2555">
    <p class='ocr_par' dir='ltr' id='par_1_41' title="bbox 566 2485 2144 2555">
     <span class='ocr_line' id='line_1_41' title="bbox 566 2485 2144 2555; baseline 0.008 -17"><span class='ocrx_word' id='word_1_292' title='bbox 566 2495 617 2538; x_wconf 93' lang='lat' dir='ltr'><strong>et</strong></span> <span class='ocrx_word' id='word_1_293' title='bbox 649 2485 702 2539; x_wconf 94' lang='lat' dir='ltr'><strong>in</strong></span> <span class='ocrx_word' id='word_1_294' title='bbox 733 2501 1048 2555; x_wconf 86' lang='lat' dir='ltr'><strong>perpetuum</strong></span> <span class='ocrx_word' id='word_1_295' title='bbox 1087 2488 1350 2543; x_wconf 88' lang='lat' dir='ltr'><strong>indultum</strong></span> <span class='ocrx_word' id='word_1_296' title='bbox 1393 2504 1516 2546; x_wconf 87' lang='lat' dir='ltr'><strong>esse</strong></span> <span class='ocrx_word' id='word_1_297' title='bbox 1560 2491 1806 2546; x_wconf 89' lang='lat' dir='ltr'><strong>volumus</strong></span> <span class='ocrx_word' id='word_1_298' title='bbox 1845 2502 1902 2546; x_wconf 87' lang='lat' dir='ltr'><strong>ut</strong></span> <span class='ocrx_word' id='word_1_299' title='bbox 1947 2493 2144 2550; x_wconf 85' lang='lat' dir='ltr'><strong>ibidem</strong></span> 
     </span>
    </p>
   </div>
   <div class='ocr_carea' id='block_1_42' title="bbox 565 2576 2147 2653">
    <p class='ocr_par' dir='ltr' id='par_1_42' title="bbox 565 2576 2147 2653">
     <span class='ocr_line' id='line_1_42' title="bbox 565 2576 2147 2653; baseline 0.006 -24"><span class='ocrx_word' id='word_1_300' title='bbox 565 2576 793 2632; x_wconf 87' lang='lat' dir='ltr'><strong>Domino</strong></span> <span class='ocrx_word' id='word_1_301' title='bbox 817 2591 1088 2634; x_wconf 83' lang='lat' dir='ltr'><strong>annuente</strong></span> <span class='ocrx_word' id='word_1_302' title='bbox 1117 2583 1320 2638; x_wconf 79' lang='lat' dir='ltr'><strong>nostris</strong></span> <span class='ocrx_word' id='word_1_303' title='bbox 1360 2592 1415 2638; x_wconf 87' lang='lat' dir='ltr'><strong>et</strong></span> <span class='ocrx_word' id='word_1_304' title='bbox 1451 2583 1645 2638; x_wconf 80' lang='lat' dir='ltr'><strong>futuris</strong></span> <span class='ocrx_word' id='word_1_305' title='bbox 1673 2584 2020 2653; x_wconf 86' lang='lat' dir='ltr'><strong>temporibus,</strong></span> <span class='ocrx_word' id='word_1_306' title='bbox 2046 2585 2147 2639; x_wconf 76' lang='lat' dir='ltr'><strong>fra-</strong></span> 
     </span>
    </p>
   </div>
   <div class='ocr_carea' id='block_1_43' title="bbox 565 2667 2144 2746">
    <p class='ocr_par' dir='ltr' id='par_1_43' title="bbox 565 2667 2144 2746">
     <span class='ocr_line' id='line_1_43' title="bbox 565 2667 2144 2746; baseline 0.007 -26"><span class='ocrx_word' id='word_1_307' title='bbox 565 2667 738 2724; x_wconf 84' lang='lat' dir='ltr'><strong>tribus</strong></span> <span class='ocrx_word' id='word_1_308' title='bbox 763 2669 876 2724; x_wconf 91' lang='lat' dir='ltr'><strong>Deo</strong></span> <span class='ocrx_word' id='word_1_309' title='bbox 898 2671 1261 2727; x_wconf 81' lang='lat' dir='ltr'><strong>servientibus</strong></span> <span class='ocrx_word' id='word_1_310' title='bbox 1289 2675 1532 2742; x_wconf 85' lang='lat' dir='ltr'><strong>proﬁciat</strong></span> <span class='ocrx_word' id='word_1_311' title='bbox 1561 2676 1612 2730; x_wconf 91' lang='lat' dir='ltr'><strong>in</strong></span> <span class='ocrx_word' id='word_1_312' title='bbox 1639 2675 1936 2731; x_wconf 86' lang='lat' dir='ltr'><strong>auctnentis</strong></span> <span class='ocrx_word' id='word_1_313' title='bbox 1963 2719 1978 2743; x_wconf 96' lang='lat'><strong>,</strong></span> <span class='ocrx_word' id='word_1_314' title='bbox 2011 2692 2144 2746; x_wconf 87' lang='lat' dir='ltr'><strong>qua-</strong></span> 
     </span>
    </p>
   </div>
   <div class='ocr_carea' id='block_1_44' title="bbox 567 2760 2139 2836">
    <p class='ocr_par' dir='ltr' id='par_1_44' title="bbox 567 2760 2139 2836">
     <span class='ocr_line' id='line_1_44' title="bbox 567 2760 2139 2836; baseline 0.008 -25"><span class='ocrx_word' id='word_1_315' title='bbox 567 2768 728 2812; x_wconf 90' lang='lat' dir='ltr'><strong>tenus</strong></span> <span class='ocrx_word' id='word_1_316' title='bbox 753 2760 985 2816; x_wconf 87' lang='lat' dir='ltr'><strong>delcctet</strong></span> <span class='ocrx_word' id='word_1_317' title='bbox 1016 2762 1184 2830; x_wconf 81' lang='lat' dir='ltr'><strong>ipsam</strong></span> <span class='ocrx_word' id='word_1_318' title='bbox 1209 2764 1676 2834; x_wconf 79' lang='lat' dir='ltr'><strong>congregationem</strong></span> <span class='ocrx_word' id='word_1_319' title='bbox 1708 2782 1802 2836; x_wconf 82' lang='lat' dir='ltr'><strong>pro</strong></span> <span class='ocrx_word' id='word_1_320' title='bbox 1827 2767 1983 2822; x_wconf 87' lang='lat' dir='ltr'><strong>nobis</strong></span> <span class='ocrx_word' id='word_1_321' title='bbox 2005 2783 2139 2822; x_wconf 86' lang='lat' dir='ltr'><strong>uxo-</strong></span> 
     </span>
    </p>
   </div>
   <div class='ocr_carea' id='block_1_45' title="bbox 565 2855 2145 2924">
    <p class='ocr_par' dir='ltr' id='par_1_45' title="bbox 565 2855 2145 2924">
     <span class='ocr_line' id='line_1_45' title="bbox 565 2855 2145 2924; baseline 0.008 -22"><span class='ocrx_word' id='word_1_322' title='bbox 565 2861 732 2916; x_wconf 92' lang='lat' dir='ltr'><strong>reque</strong></span> <span class='ocrx_word' id='word_1_323' title='bbox 777 2863 959 2906; x_wconf 89' lang='lat' dir='ltr'><strong>nostra</strong></span> <span class='ocrx_word' id='word_1_324' title='bbox 1003 2867 1069 2907; x_wconf 87' lang='lat' dir='ltr'><strong>ac</strong></span> <span class='ocrx_word' id='word_1_325' title='bbox 1115 2855 1266 2924; x_wconf 89' lang='lat' dir='ltr'><strong>prole</strong></span> <span class='ocrx_word' id='word_1_326' title='bbox 1295 2855 1387 2910; x_wconf 88' lang='lat' dir='ltr'><strong>Dei</strong></span> <span class='ocrx_word' id='word_1_327' title='bbox 1427 2855 1850 2912; x_wconf 87' lang='lat' dir='ltr'><strong>misericordiam</strong></span> <span class='ocrx_word' id='word_1_328' title='bbox 1882 2861 2145 2915; x_wconf 88' lang='lat' dir='ltr'><strong>attentius</strong></span> 
     </span>
    </p>
   </div>
   <div class='ocr_carea' id='block_1_46' title="bbox 567 2943 2148 3022">
    <p class='ocr_par' dir='ltr' id='par_1_46' title="bbox 567 2943 2148 3022">
     <span class='ocr_line' id='line_1_46' title="bbox 567 2943 2148 3022; baseline 0.009 -30"><span class='ocrx_word' id='word_1_329' title='bbox 567 2952 815 3006; x_wconf 84' lang='lat' dir='ltr'><strong>exorare,</strong></span> <span class='ocrx_word' id='word_1_330' title='bbox 847 2951 900 2996; x_wconf 88' lang='lat' dir='ltr'><strong>et</strong></span> <span class='ocrx_word' id='word_1_331' title='bbox 930 2952 987 2996; x_wconf 94' lang='lat' dir='ltr'><strong>ut</strong></span> <span class='ocrx_word' id='word_1_332' title='bbox 1015 2943 1130 2998; x_wconf 66' lang='lat' dir='ltr'><strong>haec</strong></span> <span class='ocrx_word' id='word_1_333' title='bbox 1182 2945 1394 3000; x_wconf 69' lang='lat' dir='ltr'><strong>traditio</strong></span> <span class='ocrx_word' id='word_1_334' title='bbox 1435 2948 1638 3002; x_wconf 90' lang='lat' dir='ltr'><strong>lirmior</strong></span> <span class='ocrx_word' id='word_1_335' title='bbox 1674 2949 1932 3006; x_wconf 90' lang='lat' dir='ltr'><strong>habeatur</strong></span> <span class='ocrx_word' id='word_1_336' title='bbox 1971 2961 2026 3006; x_wconf 90' lang='lat' dir='ltr'><strong>et</strong></span> <span class='ocrx_word' id='word_1_337' title='bbox 2051 2967 2148 3022; x_wconf 89' lang='lat' dir='ltr'><strong>per</strong></span> 
     </span>
    </p>
   </div>
   <div class='ocr_carea' id='block_1_47' title="bbox 562 3031 2146 3105">
    <p class='ocr_par' dir='ltr' id='par_1_47' title="bbox 562 3031 2146 3105">
     <span class='ocr_line' id='line_1_47' title="bbox 562 3031 2146 3105; baseline 0.007 -21"><span class='ocrx_word' id='word_1_338' title='bbox 562 3031 738 3086; x_wconf 76' lang='lat' dir='ltr'><strong>futura</strong></span> <span class='ocrx_word' id='word_1_339' title='bbox 794 3039 1036 3101; x_wconf 86' lang='lat' dir='ltr'><strong>tempora</strong></span> <span class='ocrx_word' id='word_1_340' title='bbox 1086 3034 1280 3090; x_wconf 89' lang='lat' dir='ltr'><strong>melius</strong></span> <span class='ocrx_word' id='word_1_341' title='bbox 1341 3050 1710 3105; x_wconf 86' lang='lat' dir='ltr'><strong>conservetur,</strong></span> <span class='ocrx_word' id='word_1_342' title='bbox 1755 3041 1893 3096; x_wconf 91' lang='lat' dir='ltr'><strong>banc</strong></span> <span class='ocrx_word' id='word_1_343' title='bbox 1947 3052 2146 3096; x_wconf 61' lang='lat' dir='ltr'><strong>nostra:</strong></span> 
     </span>
    </p>
   </div>
   <div class='ocr_carea' id='block_1_48' title="bbox 2324 1850 3857 1921">
    <p class='ocr_par' dir='ltr' id='par_1_48' title="bbox 2324 1850 3857 1921">
     <span class='ocr_line' id='line_1_48' title="bbox 2324 1850 3857 1921; baseline -0.004 -13"><span class='ocrx_word' id='word_1_344' title='bbox 2324 1855 2456 1908; x_wconf 91' lang='lat' dir='ltr'><strong>Data</strong></span> <span class='ocrx_word' id='word_1_345' title='bbox 2487 1855 2536 1908; x_wconf 87' lang='lat' dir='ltr'><strong>iti</strong></span> <span class='ocrx_word' id='word_1_346' title='bbox 2572 1869 2759 1910; x_wconf 87' lang='lat' dir='ltr'><strong>mense</strong></span> <span class='ocrx_word' id='word_1_347' title='bbox 2803 1855 3106 1920; x_wconf 87' lang='lat' dir='ltr'><strong>Decembri,</strong></span> <span class='ocrx_word' id='word_1_348' title='bbox 3147 1867 3292 1908; x_wconf 88' lang='lat' dir='ltr'><strong>anno</strong></span> <span class='ocrx_word' id='word_1_349' title='bbox 3320 1858 3512 1921; x_wconf 88' lang='lat' dir='ltr'><strong>quarto</strong></span> <span class='ocrx_word' id='word_1_350' title='bbox 3542 1850 3776 1904; x_wconf 78' lang='lat' dir='ltr'><strong>decimo</strong></span> <span class='ocrx_word' id='word_1_351' title='bbox 3804 1858 3857 1903; x_wconf 85' lang='lat' dir='ltr'><strong>et</strong></span> 
     </span>
    </p>
   </div>
   <div class='ocr_carea' id='block_1_49' title="bbox 2251 1949 2836 2018">
    <p class='ocr_par' dir='ltr' id='par_1_49' title="bbox 2251 1949 2836 2018">
     <span class='ocr_line' id='line_1_49' title="bbox 2251 1949 2836 2018; baseline 0.002 -16"><span class='ocrx_word' id='word_1_352' title='bbox 2251 1958 2443 2004; x_wconf 91' lang='lat' dir='ltr'><strong>octavo</strong></span> <span class='ocrx_word' id='word_1_353' title='bbox 2471 1949 2618 2018; x_wconf 85' lang='lat' dir='ltr'><strong>regni</strong></span> <span class='ocrx_word' id='word_1_354' title='bbox 2649 1951 2836 2004; x_wconf 80' lang='lat' dir='ltr'><strong>nostri.</strong></span> 
     </span>
    </p>
   </div>
   <div class='ocr_carea' id='block_1_50' title="bbox 2317 2037 3073 2110">
    <p class='ocr_par' dir='ltr' id='par_1_50' title="bbox 2317 2037 3073 2110">
     <span class='ocr_line' id='line_1_50' title="bbox 2317 2037 3073 2110; baseline -0.001 -16"><span class='ocrx_word' id='word_1_355' title='bbox 2317 2040 2510 2094; x_wconf 76' lang='lat' dir='ltr'><strong>Actum</strong></span> <span class='ocrx_word' id='word_1_356' title='bbox 2541 2037 2821 2110; x_wconf 85' lang='lat' dir='ltr'><strong>Carisiago</strong></span> <span class='ocrx_word' id='word_1_357' title='bbox 2852 2038 3073 2108; x_wconf 90' lang='lat' dir='ltr'><strong>palatio.</strong></span> 
     </span>
    </p>
   </div>
   <div class='ocr_carea' id='block_1_51' title="bbox 2967 2151 3107 2206">
    <p class='ocr_par' dir='ltr' id='par_1_51' title="bbox 2967 2151 3107 2206">
     <span class='ocr_line' id='line_1_51' title="bbox 2967 2151 3107 2206; baseline 0 0"><span class='ocrx_word' id='word_1_358' title='bbox 2967 2151 3107 2206; x_wconf 75' lang='lat' dir='ltr'><strong>XVI.</strong></span> 
     </span>
    </p>
   </div>
   <div class='ocr_carea' id='block_1_52' title="bbox 2249 2261 3848 2335">
    <p class='ocr_par' dir='ltr' id='par_1_52' title="bbox 2249 2261 3848 2335">
     <span class='ocr_line' id='line_1_52' title="bbox 2249 2261 3848 2335; baseline -0.003 -16"><span class='ocrx_word' id='word_1_359' title='bbox 2249 2263 2422 2319; x_wconf 80' lang='lat' dir='ltr'><strong>Caroli</strong></span> <span class='ocrx_word' id='word_1_360' title='bbox 2452 2261 2632 2335; x_wconf 76' lang='lat' dir='ltr'><strong>Magni</strong></span> <span class='ocrx_word' id='word_1_361' title='bbox 2658 2264 2872 2319; x_wconf 81' lang='lat' dir='ltr'><strong>donatio</strong></span> <span class='ocrx_word' id='word_1_362' title='bbox 2887 2265 3145 2319; x_wconf 79' lang='lat' dir='ltr'><strong>variorum</strong></span> <span class='ocrx_word' id='word_1_363' title='bbox 3176 2263 3489 2335; x_wconf 66' lang='lat' dir='ltr'><strong>prtrdiaram</strong></span> <span class='ocrx_word' id='word_1_364' title='bbox 3519 2262 3660 2332; x_wconf 76' lang='lat' dir='ltr'><strong>facta</strong></span> <span class='ocrx_word' id='word_1_365' title='bbox 3679 2262 3848 2314; x_wconf 64' lang='lat' dir='ltr'><strong>abba-</strong></span> 
     </span>
    </p>
   </div>
   <div class='ocr_carea' id='block_1_53' title="bbox 2671 2332 3442 2405">
    <p class='ocr_par' dir='ltr' id='par_1_53' title="bbox 2671 2332 3442 2405">
     <span class='ocr_line' id='line_1_53' title="bbox 2671 2332 3442 2405; baseline -0.003 -17"><span class='ocrx_word' id='word_1_366' title='bbox 2671 2335 2763 2389; x_wconf 72' lang='lat' dir='ltr'><strong>tia-</strong></span> <span class='ocrx_word' id='word_1_367' title='bbox 2787 2335 3078 2388; x_wconf 78' lang='lat' dir='ltr'><strong>Prumiensi</strong></span> <span class='ocrx_word' id='word_1_368' title='bbox 3108 2335 3266 2405; x_wconf 87' lang='lat' dir='ltr'><strong>(anno</strong></span> <span class='ocrx_word' id='word_1_369' title='bbox 3291 2332 3442 2401; x_wconf 80' lang='lat'><strong>790).</strong></span> 
     </span>
    </p>
   </div>
   <div class='ocr_carea' id='block_1_54' title="bbox 2525 2441 3554 2510">
    <p class='ocr_par' dir='ltr' id='par_1_54' title="bbox 2525 2441 3554 2510">
     <span class='ocr_line' id='line_1_54' title="bbox 2525 2441 3554 2510; baseline -0.003 -14"><span class='ocrx_word' id='word_1_370' title='bbox 2525 2444 2630 2510; x_wconf 65' lang='lat' dir='ltr'><strong>(lix</strong></span> <span class='ocrx_word' id='word_1_371' title='bbox 2653 2444 2936 2506; x_wconf 77' lang='lat' dir='ltr'><strong>Hontbeim,</strong></span> <span class='ocrx_word' id='word_1_372' title='bbox 2963 2444 3174 2496; x_wconf 82' lang='lat' dir='ltr'><strong>Historia</strong></span> <span class='ocrx_word' id='word_1_373' title='bbox 3196 2441 3554 2503; x_wconf 82' lang='lat' dir='ltr'><strong>Trevirensis.)</strong></span> 
     </span>
    </p>
   </div>
   <div class='ocr_carea' id='block_1_55' title="bbox 2318 2547 3846 2620">
    <p class='ocr_par' dir='ltr' id='par_1_55' title="bbox 2318 2547 3846 2620">
     <span class='ocr_line' id='line_1_55' title="bbox 2318 2547 3846 2620; baseline -0.004 -15"><span class='ocrx_word' id='word_1_374' title='bbox 2318 2549 2543 2606; x_wconf 87' lang='lat' dir='ltr'><strong>Carolus</strong></span> <span class='ocrx_word' id='word_1_375' title='bbox 2578 2548 2747 2620; x_wconf 90' lang='lat' dir='ltr'><strong>gratia</strong></span> <span class='ocrx_word' id='word_1_376' title='bbox 2799 2551 2891 2605; x_wconf 90' lang='lat' dir='ltr'><strong>Dei</strong></span> <span class='ocrx_word' id='word_1_377' title='bbox 2946 2564 3038 2605; x_wconf 90' lang='lat' dir='ltr'><strong>rex</strong></span> <span class='ocrx_word' id='word_1_378' title='bbox 3081 2549 3407 2604; x_wconf 85' lang='lat' dir='ltr'><strong>Francorum</strong></span> <span class='ocrx_word' id='word_1_379' title='bbox 3435 2557 3492 2602; x_wconf 90' lang='lat' dir='ltr'><strong>et</strong></span> <span class='ocrx_word' id='word_1_380' title='bbox 3518 2547 3846 2616; x_wconf 76' lang='lat' dir='ltr'><strong>Longobar-</strong></span> 
     </span>
    </p>
   </div>
   <div class='ocr_carea' id='block_1_56' title="bbox 2247 2639 3839 2708">
    <p class='ocr_par' dir='ltr' id='par_1_56' title="bbox 2247 2639 3839 2708">
     <span class='ocr_line' id='line_1_56' title="bbox 2247 2639 3839 2708; baseline -0.001 -14"><span class='ocrx_word' id='word_1_381' title='bbox 2247 2641 2435 2694; x_wconf 91' lang='lat' dir='ltr'><strong>dorum</strong></span> <span class='ocrx_word' id='word_1_382' title='bbox 2501 2651 2557 2695; x_wconf 90' lang='lat' dir='ltr'><strong>et</strong></span> <span class='ocrx_word' id='word_1_383' title='bbox 2598 2641 2851 2708; x_wconf 90' lang='lat' dir='ltr'><strong>patricius</strong></span> <span class='ocrx_word' id='word_1_384' title='bbox 2900 2641 3280 2694; x_wconf 74' lang='lat' dir='ltr'><strong>Romanorum.</strong></span> <span class='ocrx_word' id='word_1_385' title='bbox 3350 2639 3613 2706; x_wconf 77' lang='lat' dir='ltr'><strong>Quidquid</strong></span> <span class='ocrx_word' id='word_1_386' title='bbox 3684 2642 3839 2692; x_wconf 87' lang='lat' dir='ltr'><strong>enim</strong></span> 
     </span>
    </p>
   </div>
   <div class='ocr_carea' id='block_1_57' title="bbox 2251 2728 3830 2794">
    <p class='ocr_par' dir='ltr' id='par_1_57' title="bbox 2251 2728 3830 2794">
     <span class='ocr_line' id='line_1_57' title="bbox 2251 2728 3830 2794; baseline -0.001 -12"><span class='ocrx_word' id='word_1_387' title='bbox 2251 2729 2382 2784; x_wconf 91' lang='lat' dir='ltr'><strong>locis</strong></span> <span class='ocrx_word' id='word_1_388' title='bbox 2423 2741 2729 2785; x_wconf 89' lang='lat' dir='ltr'><strong>sanctorum</strong></span> <span class='ocrx_word' id='word_1_389' title='bbox 2783 2731 3165 2785; x_wconf 87' lang='lat' dir='ltr'><strong>venerabilium</strong></span> <span class='ocrx_word' id='word_1_390' title='bbox 3201 2731 3270 2784; x_wconf 93' lang='lat' dir='ltr'><strong>ob</strong></span> <span class='ocrx_word' id='word_1_391' title='bbox 3305 2744 3530 2782; x_wconf 87' lang='lat' dir='ltr'><strong>amorem</strong></span> <span class='ocrx_word' id='word_1_392' title='bbox 3571 2728 3830 2794; x_wconf 83' lang='lat' dir='ltr'><strong>Darnini,</strong></span> 
     </span>
    </p>
   </div>
   <div class='ocr_carea' id='block_1_58' title="bbox 2251 2818 3830 2889">
    <p class='ocr_par' dir='ltr' id='par_1_58' title="bbox 2251 2818 3830 2889">
     <span class='ocr_line' id='line_1_58' title="bbox 2251 2818 3830 2889; baseline -0.001 -17"><span class='ocrx_word' id='word_1_393' title='bbox 2251 2822 2331 2874; x_wconf 90' lang='lat' dir='ltr'><strong>vel</strong></span> <span class='ocrx_word' id='word_1_394' title='bbox 2371 2821 2776 2889; x_wconf 84' lang='lat' dir='ltr'><strong>opportunitate</strong></span> <span class='ocrx_word' id='word_1_395' title='bbox 2800 2835 3079 2876; x_wconf 86' lang='lat' dir='ltr'><strong>servorum</strong></span> <span class='ocrx_word' id='word_1_396' title='bbox 3111 2821 3234 2887; x_wconf 90' lang='lat' dir='ltr'><strong>Dei,</strong></span> <span class='ocrx_word' id='word_1_397' title='bbox 3274 2820 3514 2874; x_wconf 75' lang='lat' dir='ltr'><strong>benemla</strong></span> <span class='ocrx_word' id='word_1_398' title='bbox 3537 2818 3830 2873; x_wconf 75' lang='lat' dir='ltr'><strong>deiibera-</strong></span> 
     </span>
    </p>
   </div>
   <div class='ocr_carea' id='block_1_59' title="bbox 2251 2909 3831 2980">
    <p class='ocr_par' dir='ltr' id='par_1_59' title="bbox 2251 2909 3831 2980">
     <span class='ocr_line' id='line_1_59' title="bbox 2251 2909 3831 2980; baseline -0.003 -14"><span class='ocrx_word' id='word_1_399' title='bbox 2251 2913 2398 2968; x_wconf 87' lang='lat' dir='ltr'><strong>tione</strong></span> <span class='ocrx_word' id='word_1_400' title='bbox 2424 2912 2700 2980; x_wconf 84' lang='lat' dir='ltr'><strong>cedimus,</strong></span> <span class='ocrx_word' id='word_1_401' title='bbox 2741 2913 2822 2966; x_wconf 85' lang='lat' dir='ltr'><strong>vel</strong></span> <span class='ocrx_word' id='word_1_402' title='bbox 2849 2913 3247 2975; x_wconf 86' lang='lat' dir='ltr'><strong>condonamus,</strong></span> <span class='ocrx_word' id='word_1_403' title='bbox 3282 2913 3385 2966; x_wconf 87' lang='lat' dir='ltr'><strong>hoc</strong></span> <span class='ocrx_word' id='word_1_404' title='bbox 3415 2910 3554 2963; x_wconf 83' lang='lat' dir='ltr'><strong>nobis</strong></span> <span class='ocrx_word' id='word_1_405' title='bbox 3579 2909 3641 2961; x_wconf 89' lang='lat' dir='ltr'><strong>ad</strong></span> <span class='ocrx_word' id='word_1_406' title='bbox 3672 2925 3831 2964; x_wconf 81' lang='lat' dir='ltr'><strong>nier-</strong></span> 
     </span>
    </p>
   </div>
   <div class='ocr_carea' id='block_1_60' title="bbox 2249 2999 3826 3072">
    <p class='ocr_par' dir='ltr' id='par_1_60' title="bbox 2249 2999 3826 3072">
     <span class='ocr_line' id='line_1_60' title="bbox 2249 2999 3826 3072; baseline -0.002 -15"><span class='ocrx_word' id='word_1_407' title='bbox 2249 3003 2398 3058; x_wconf 84' lang='lat' dir='ltr'><strong>cedis</strong></span> <span class='ocrx_word' id='word_1_408' title='bbox 2445 3013 2824 3072; x_wconf 86' lang='lat' dir='ltr'><strong>augmentum,</strong></span> <span class='ocrx_word' id='word_1_409' title='bbox 2878 3004 2961 3058; x_wconf 91' lang='lat' dir='ltr'><strong>vel</strong></span> <span class='ocrx_word' id='word_1_410' title='bbox 3007 3003 3355 3058; x_wconf 87' lang='lat' dir='ltr'><strong>stabilitatem</strong></span> <span class='ocrx_word' id='word_1_411' title='bbox 3396 3001 3540 3071; x_wconf 82' lang='lat' dir='ltr'><strong>regni</strong></span> <span class='ocrx_word' id='word_1_412' title='bbox 3573 2999 3728 3054; x_wconf 84' lang='lat' dir='ltr'><strong>nostri</strong></span> <span class='ocrx_word' id='word_1_413' title='bbox 3761 2999 3826 3054; x_wconf 75' lang='lat' dir='ltr'><strong>in</strong></span> 
     </span>
    </p>
   </div>
   <div class='ocr_carea' id='block_1_61' title="bbox 565 3093 3260 3193">
    <p class='ocr_par' dir='ltr' id='par_1_61' title="bbox 565 3093 3260 3193">
     <span class='ocr_line' id='line_1_61' title="bbox 565 3093 3260 3193; baseline 0.006 -18"><span class='ocrx_word' id='word_1_414' title='bbox 565 3093 940 3193; x_wconf 63' lang='lat' dir='ltr'><strong>praceptlunis</strong></span> <span class='ocrx_word' id='word_1_415' title='bbox 983 3135 1035 3181; x_wconf 88' lang='lat' dir='ltr'><strong>et</strong></span> <span class='ocrx_word' id='word_1_416' title='bbox 1089 3128 1426 3182; x_wconf 83' lang='lat' dir='ltr'><strong>auctoritatis</strong></span> <span class='ocrx_word' id='word_1_417' title='bbox 1469 3093 1671 3184; x_wconf 89' lang='lat' dir='ltr'><strong>cartam</strong></span> <span class='ocrx_word' id='word_1_418' title='bbox 1696 3093 2144 3187; x_wconf 17' lang='lat' dir='ltr'><strong>&#39;indei</strong></span> <span class='ocrx_word' id='word_1_419' title='bbox 2172 3109 2219 3171; x_wconf 64' lang='grc' dir='ltr'><strong>(ἶ</strong></span> <span class='ocrx_word' id='word_1_420' title='bbox 2260 3095 2350 3193; x_wconf 43' lang='lat' dir='ltr'><strong>De}</strong></span> <span class='ocrx_word' id='word_1_421' title='bbox 2381 3095 2594 3193; x_wconf 36' lang='lat' dir='ltr'><strong>{&#39;omine</strong></span> <span class='ocrx_word' id='word_1_422' title='bbox 2623 3094 2894 3193; x_wconf 48' lang='lat' dir='ltr'><strong>“MP”</strong></span> <span class='ocrx_word' id='word_1_423' title='bbox 2921 3093 3260 3193; x_wconf 49' lang='lat' dir='ltr'><strong>°°.&quot;“di7_&quot;.&quot;§f</strong></span> 
     </span>
    </p>
   </div>
   <div class='ocr_carea' id='block_1_62' title="bbox 561 3212 1950 3290">
    <p class='ocr_par' dir='ltr' id='par_1_62' title="bbox 561 3212 1950 3290">
     <span class='ocr_line' id='line_1_62' title="bbox 561 3212 1950 3290; baseline 0.006 -23"><span class='ocrx_word' id='word_1_424' title='bbox 561 3212 820 3284; x_wconf 77' lang='lat' dir='ltr'><strong>iussimus</strong></span> <span class='ocrx_word' id='word_1_425' title='bbox 845 3226 900 3270; x_wconf 93' lang='lat' dir='ltr'><strong>et</strong></span> <span class='ocrx_word' id='word_1_426' title='bbox 925 3217 1068 3272; x_wconf 93' lang='lat' dir='ltr'><strong>anuli</strong></span> <span class='ocrx_word' id='word_1_427' title='bbox 1092 3220 1259 3276; x_wconf 84' lang='lat' dir='ltr'><strong>nostri</strong></span> <span class='ocrx_word' id='word_1_428' title='bbox 1291 3219 1641 3287; x_wconf 90' lang='lat' dir='ltr'><strong>impressione</strong></span> <span class='ocrx_word' id='word_1_429' title='bbox 1670 3221 1950 3290; x_wconf 91' lang='lat' dir='ltr'><strong>insignari.</strong></span> 
     </span>
    </p>
   </div>
   <div class='ocr_carea' id='block_1_63' title="bbox 637 3306 2152 3386">
    <p class='ocr_par' dir='ltr' id='par_1_63' title="bbox 637 3306 2152 3386">
     <span class='ocr_line' id='line_1_63' title="bbox 637 3306 2152 3386; baseline 0.007 -26"><span class='ocrx_word' id='word_1_430' title='bbox 637 3306 857 3377; x_wconf 84' lang='lat' dir='ltr'><strong>Signum</strong></span> <span class='ocrx_word' id='word_1_431' title='bbox 906 3308 1084 3365; x_wconf 85' lang='lat' dir='ltr'><strong>Caroli</strong></span> <span class='ocrx_word' id='word_1_432' title='bbox 1131 3311 1501 3380; x_wconf 84' lang='lat' dir='ltr'><strong>gloriosissiini</strong></span> <span class='ocrx_word' id='word_1_433' title='bbox 1555 3314 1722 3384; x_wconf 81' lang='lat' dir='ltr'><strong>regis.</strong></span> <span class='ocrx_word' id='word_1_434' title='bbox 1771 3322 1799 3353; x_wconf 76' lang='grc' dir='ltr'>ι</span> <span class='ocrx_word' id='word_1_435' title='bbox 1845 3314 2152 3386; x_wconf 84' lang='lat' dir='ltr'><strong>Egilbertus</strong></span> 
     </span>
    </p>
   </div>
   <div class='ocr_carea' id='block_1_64' title="bbox 565 3400 1264 3471">
    <p class='ocr_par' dir='ltr' id='par_1_64' title="bbox 565 3400 1264 3471">
     <span class='ocr_line' id='line_1_64' title="bbox 565 3400 1264 3471; baseline 0.004 -16"><span class='ocrx_word' id='word_1_436' title='bbox 565 3400 925 3456; x_wconf 87' lang='lat' dir='ltr'><strong>cancellarius</strong></span> <span class='ocrx_word' id='word_1_437' title='bbox 955 3402 1264 3471; x_wconf 90' lang='lat' dir='ltr'><strong>recognovi.</strong></span> 
     </span>
    </p>
   </div>
   <div class='ocr_carea' id='block_1_65' title="bbox 634 3491 1169 3551">
    <p class='ocr_par' dir='ltr' id='par_1_65' title="bbox 634 3491 1169 3551">
     <span class='ocr_line' id='line_1_65' title="bbox 634 3491 1169 3551; baseline 0.009 -6"><span class='ocrx_word' id='word_1_438' title='bbox 634 3491 767 3546; x_wconf 88' lang='lat' dir='ltr'><strong>Data</strong></span> <span class='ocrx_word' id='word_1_439' title='bbox 791 3491 867 3550; x_wconf 91' lang='lat' dir='ltr'><strong>Id.</strong></span> <span class='ocrx_word' id='word_1_440' title='bbox 907 3493 1169 3551; x_wconf 81' lang='lat' dir='ltr'><strong>Novemb.</strong></span> 
     </span>
    </p>
   </div>
   <div class='ocr_carea' id='block_1_66' title="bbox 1287 3586 1402 3643">
    <p class='ocr_par' dir='ltr' id='par_1_66' title="bbox 1287 3586 1402 3643">
     <span class='ocr_line' id='line_1_66' title="bbox 1287 3586 1402 3643; baseline 0.009 -1"><span class='ocrx_word' id='word_1_441' title='bbox 1287 3586 1402 3643; x_wconf 82' lang='lat' dir='ltr'><strong>XV.</strong></span> 
     </span>
    </p>
   </div>
   <div class='ocr_carea' id='block_1_67' title="bbox 566 3694 2153 3770">
    <p class='ocr_par' dir='ltr' id='par_1_67' title="bbox 566 3694 2153 3770">
     <span class='ocr_line' id='line_1_67' title="bbox 566 3694 2153 3770; baseline 0.004 -19"><span class='ocrx_word' id='word_1_442' title='bbox 566 3694 886 3764; x_wconf 62' lang='lat' dir='ltr'><strong>Praeceptum</strong></span> <span class='ocrx_word' id='word_1_443' title='bbox 925 3695 1100 3752; x_wconf 82' lang='lat' dir='ltr'><strong>Caroli</strong></span> <span class='ocrx_word' id='word_1_444' title='bbox 1137 3698 1317 3769; x_wconf 80' lang='lat' dir='ltr'><strong>Magni</strong></span> <span class='ocrx_word' id='word_1_445' title='bbox 1355 3701 1490 3770; x_wconf 72' lang='lat' dir='ltr'><strong>regis</strong></span> <span class='ocrx_word' id='word_1_446' title='bbox 1520 3716 1622 3770; x_wconf 87' lang='lat' dir='ltr'><strong>quo</strong></span> <span class='ocrx_word' id='word_1_447' title='bbox 1643 3701 1871 3755; x_wconf 70' lang='lat' dir='ltr'><strong>ecclesia</strong></span> <span class='ocrx_word' id='word_1_448' title='bbox 1899 3699 2153 3758; x_wconf 80' lang='lat' dir='ltr'><strong>Fuldenu</strong></span> 
     </span>
    </p>
   </div>
   <div class='ocr_carea' id='block_1_68' title="bbox 708 3758 2005 3842">
    <p class='ocr_par' dir='ltr' id='par_1_68' title="bbox 708 3758 2005 3842">
     <span class='ocr_line' id='line_1_68' title="bbox 708 3758 2005 3842; baseline 0.005 -22"><span class='ocrx_word' id='word_1_449' title='bbox 708 3758 865 3822; x_wconf 76' lang='lat' dir='ltr'><strong>donat</strong></span> <span class='ocrx_word' id='word_1_450' title='bbox 892 3784 1132 3836; x_wconf 83' lang='lat' dir='ltr'><strong>campum</strong></span> <span class='ocrx_word' id='word_1_451' title='bbox 1158 3758 1352 3822; x_wconf 60' lang='lat' dir='ltr'><strong>dictum</strong></span> <span class='ocrx_word' id='word_1_452' title='bbox 1378 3758 1642 3840; x_wconf 55' lang='lat' dir='ltr'><strong>H&#39;une&#39;feld</strong></span> <span class='ocrx_word' id='word_1_453' title='bbox 1667 3771 1824 3840; x_wconf 86' lang='lat' dir='ltr'><strong>(anno</strong></span> <span class='ocrx_word' id='word_1_454' title='bbox 1853 3773 2005 3842; x_wconf 76' lang='grc'><strong>761).</strong></span> 
     </span>
    </p>
   </div>
   <div class='ocr_carea' id='block_1_69' title="bbox 888 3879 1813 3944">
    <p class='ocr_par' dir='ltr' id='par_1_69' title="bbox 888 3879 1813 3944">
     <span class='ocr_line' id='line_1_69' title="bbox 888 3879 1813 3944; baseline 0.002 -14"><span class='ocrx_word' id='word_1_455' title='bbox 888 3880 983 3939; x_wconf 85' lang='lat' dir='ltr'><strong>(Ex</strong></span> <span class='ocrx_word' id='word_1_456' title='bbox 1007 3879 1292 3940; x_wconf 84' lang='lat' dir='ltr'><strong>Sebanuat.,</strong></span> <span class='ocrx_word' id='word_1_457' title='bbox 1319 3879 1447 3930; x_wconf 83' lang='lat' dir='ltr'><strong>Hist.</strong></span> <span class='ocrx_word' id='word_1_458' title='bbox 1475 3882 1628 3942; x_wconf 89' lang='lat' dir='ltr'><strong>episc.</strong></span> <span class='ocrx_word' id='word_1_459' title='bbox 1648 3879 1813 3944; x_wconf 86' lang='lat' dir='ltr'><strong>Fuid.)</strong></span> 
     </span>
    </p>
   </div>
   <div class='ocr_carea' id='block_1_70' title="bbox 644 3981 2156 4054">
    <p class='ocr_par' dir='ltr' id='par_1_70' title="bbox 644 3981 2156 4054">
     <span class='ocr_line' id='line_1_70' title="bbox 644 3981 2156 4054; baseline -0.001 -15"><span class='ocrx_word' id='word_1_460' title='bbox 644 3985 868 4040; x_wconf 84' lang='lat' dir='ltr'><strong>Carolus</strong></span> <span class='ocrx_word' id='word_1_461' title='bbox 915 3984 1083 4054; x_wconf 89' lang='lat' dir='ltr'><strong>gratia</strong></span> <span class='ocrx_word' id='word_1_462' title='bbox 1131 3984 1222 4039; x_wconf 92' lang='lat' dir='ltr'><strong>Dei</strong></span> <span class='ocrx_word' id='word_1_463' title='bbox 1271 3999 1363 4038; x_wconf 89' lang='lat' dir='ltr'><strong>rex</strong></span> <span class='ocrx_word' id='word_1_464' title='bbox 1407 3981 1730 4038; x_wconf 84' lang='lat' dir='ltr'><strong>Francorum</strong></span> <span class='ocrx_word' id='word_1_465' title='bbox 1773 3992 1828 4036; x_wconf 91' lang='lat' dir='ltr'><strong>et</strong></span> <span class='ocrx_word' id='word_1_466' title='bbox 1855 3981 2156 4053; x_wconf 85' lang='lat' dir='ltr'><strong>Langobar-</strong></span> 
     </span>
    </p>
   </div>
   <div class='ocr_carea' id='block_1_71' title="bbox 567 4074 2152 4147">
    <p class='ocr_par' dir='ltr' id='par_1_71' title="bbox 567 4074 2152 4147">
     <span class='ocr_line' id='line_1_71' title="bbox 567 4074 2152 4147; baseline -0.002 -16"><span class='ocrx_word' id='word_1_467' title='bbox 567 4077 758 4131; x_wconf 89' lang='lat' dir='ltr'><strong>dorum</strong></span> <span class='ocrx_word' id='word_1_468' title='bbox 802 4091 867 4131; x_wconf 89' lang='lat' dir='ltr'><strong>ac</strong></span> <span class='ocrx_word' id='word_1_469' title='bbox 917 4075 1170 4147; x_wconf 87' lang='lat' dir='ltr'><strong>patricius</strong></span> <span class='ocrx_word' id='word_1_470' title='bbox 1241 4074 1626 4130; x_wconf 83' lang='lat' dir='ltr'><strong>Romanorum.</strong></span> <span class='ocrx_word' id='word_1_471' title='bbox 1691 4075 1952 4143; x_wconf 84' lang='lat' dir='ltr'><strong>Quidquid</strong></span> <span class='ocrx_word' id='word_1_472' title='bbox 2011 4077 2152 4129; x_wconf 86' lang='lat' dir='ltr'><strong>enini</strong></span> 
     </span>
    </p>
   </div>
   <div class='ocr_carea' id='block_1_72' title="bbox 569 4165 2156 4235">
    <p class='ocr_par' dir='ltr' id='par_1_72' title="bbox 569 4165 2156 4235">
     <span class='ocr_line' id='line_1_72' title="bbox 569 4165 2156 4235; baseline -0.001 -14"><span class='ocrx_word' id='word_1_473' title='bbox 569 4167 702 4222; x_wconf 88' lang='lat' dir='ltr'><strong>locis</strong></span> <span class='ocrx_word' id='word_1_474' title='bbox 749 4167 1148 4222; x_wconf 88' lang='lat' dir='ltr'><strong>venerabilibus</strong></span> <span class='ocrx_word' id='word_1_475' title='bbox 1194 4166 1264 4220; x_wconf 91' lang='lat' dir='ltr'><strong>ob</strong></span> <span class='ocrx_word' id='word_1_476' title='bbox 1301 4181 1486 4220; x_wconf 90' lang='lat' dir='ltr'><strong>amore</strong></span> <span class='ocrx_word' id='word_1_477' title='bbox 1531 4165 1742 4220; x_wconf 91' lang='lat' dir='ltr'><strong>Domini</strong></span> <span class='ocrx_word' id='word_1_478' title='bbox 1769 4173 1820 4218; x_wconf 91' lang='lat' dir='ltr'><strong>et</strong></span> <span class='ocrx_word' id='word_1_479' title='bbox 1846 4166 2156 4235; x_wconf 80' lang='lat' dir='ltr'><strong>Opportuni-</strong></span> 
     </span>
    </p>
   </div>
   <div class='ocr_carea' id='block_1_73' title="bbox 575 4255 2150 4312">
    <p class='ocr_par' dir='ltr' id='par_1_73' title="bbox 575 4255 2150 4312">
     <span class='ocr_line' id='line_1_73' title="bbox 575 4255 2150 4312; baseline 0.001 -2"><span class='ocrx_word' id='word_1_480' title='bbox 575 4265 684 4312; x_wconf 88' lang='lat' dir='ltr'><strong>tate</strong></span> <span class='ocrx_word' id='word_1_481' title='bbox 706 4273 986 4312; x_wconf 65' lang='lat' dir='ltr'><strong>servorum</strong></span> <span class='ocrx_word' id='word_1_482' title='bbox 1009 4257 1100 4312; x_wconf 91' lang='lat' dir='ltr'><strong>Dei</strong></span> <span class='ocrx_word' id='word_1_483' title='bbox 1125 4256 1367 4312; x_wconf 91' lang='lat' dir='ltr'><strong>benivola</strong></span> <span class='ocrx_word' id='word_1_484' title='bbox 1396 4255 1779 4311; x_wconf 85' lang='lat' dir='ltr'><strong>deliberatione</strong></span> <span class='ocrx_word' id='word_1_485' title='bbox 1801 4257 2150 4311; x_wconf 87' lang='lat' dir='ltr'><strong>concedimus</strong></span> 
     </span>
    </p>
   </div>
   <div class='ocr_carea' id='block_1_74' title="bbox 575 4346 2150 4416">
    <p class='ocr_par' dir='ltr' id='par_1_74' title="bbox 575 4346 2150 4416">
     <span class='ocr_line' id='line_1_74' title="bbox 575 4346 2150 4416; baseline -0.001 -16"><span class='ocrx_word' id='word_1_486' title='bbox 575 4348 675 4401; x_wconf 91' lang='lat' dir='ltr'><strong>hoc</strong></span> <span class='ocrx_word' id='word_1_487' title='bbox 728 4347 888 4402; x_wconf 89' lang='lat' dir='ltr'><strong>nobis</strong></span> <span class='ocrx_word' id='word_1_488' title='bbox 932 4347 1119 4416; x_wconf 87' lang='lat' dir='ltr'><strong>procul</strong></span> <span class='ocrx_word' id='word_1_489' title='bbox 1164 4347 1326 4402; x_wconf 89' lang='lat' dir='ltr'><strong>dubio</strong></span> <span class='ocrx_word' id='word_1_490' title='bbox 1367 4347 1435 4400; x_wconf 87' lang='lat' dir='ltr'><strong>ad</strong></span> <span class='ocrx_word' id='word_1_491' title='bbox 1482 4354 1728 4402; x_wconf 86' lang='lat' dir='ltr'><strong>eternam</strong></span> <span class='ocrx_word' id='word_1_492' title='bbox 1764 4346 2150 4408; x_wconf 76' lang='lat' dir='ltr'><strong>beatitudinem</strong></span> 
     </span>
    </p>
   </div>
   <div class='ocr_carea' id='block_1_75' title="bbox 2329 3186 3819 3256">
    <p class='ocr_par' dir='ltr' id='par_1_75' title="bbox 2329 3186 3819 3256">
     <span class='ocr_line' id='line_1_75' title="bbox 2329 3186 3819 3256; baseline -0.006 -15"><span class='ocrx_word' id='word_1_493' title='bbox 2329 3186 2499 3256; x_wconf 89' lang='lat' dir='ltr'><strong>Igitur</strong></span> <span class='ocrx_word' id='word_1_494' title='bbox 2529 3198 2715 3240; x_wconf 89' lang='lat' dir='ltr'><strong>notum</strong></span> <span class='ocrx_word' id='word_1_495' title='bbox 2749 3186 2819 3239; x_wconf 89' lang='lat' dir='ltr'><strong>sit</strong></span> <span class='ocrx_word' id='word_1_496' title='bbox 2849 3186 3086 3239; x_wconf 89' lang='lat' dir='ltr'><strong>omnium</strong></span> <span class='ocrx_word' id='word_1_497' title='bbox 3121 3186 3350 3239; x_wconf 91' lang='lat' dir='ltr'><strong>lidelium</strong></span> <span class='ocrx_word' id='word_1_498' title='bbox 3384 3194 3684 3238; x_wconf 84' lang='lat' dir='ltr'><strong>nostrorum</strong></span> <span class='ocrx_word' id='word_1_499' title='bbox 3708 3199 3819 3234; x_wconf 84' lang='lat' dir='ltr'><strong>ma-</strong></span> 
     </span>
    </p>
   </div>
   <div class='ocr_carea' id='block_1_76' title="bbox 2257 3275 3835 3348">
    <p class='ocr_par' dir='ltr' id='par_1_76' title="bbox 2257 3275 3835 3348">
     <span class='ocr_line' id='line_1_76' title="bbox 2257 3275 3835 3348; baseline -0.001 -17"><span class='ocrx_word' id='word_1_500' title='bbox 2257 3276 2544 3348; x_wconf 82' lang='lat' dir='ltr'><strong>gnitudini,</strong></span> <span class='ocrx_word' id='word_1_501' title='bbox 2573 3277 2914 3346; x_wconf 58' lang='lat' dir='ltr'><strong>priesentium</strong></span> <span class='ocrx_word' id='word_1_502' title='bbox 2939 3278 3140 3332; x_wconf 86' lang='lat' dir='ltr'><strong>scilicet</strong></span> <span class='ocrx_word' id='word_1_503' title='bbox 3171 3289 3224 3331; x_wconf 89' lang='lat' dir='ltr'><strong>et</strong></span> <span class='ocrx_word' id='word_1_504' title='bbox 3257 3277 3582 3341; x_wconf 77' lang='lat' dir='ltr'><strong>futurorum,</strong></span> <span class='ocrx_word' id='word_1_505' title='bbox 3615 3275 3835 3344; x_wconf 74' lang='lat' dir='ltr'><strong>qualiter</strong></span> 
     </span>
    </p>
   </div>
   <div class='ocr_carea' id='block_1_77' title="bbox 2255 3365 3842 3436">
    <p class='ocr_par' dir='ltr' id='par_1_77' title="bbox 2255 3365 3842 3436">
     <span class='ocr_line' id='line_1_77' title="bbox 2255 3365 3842 3436; baseline 0 -16"><span class='ocrx_word' id='word_1_506' title='bbox 2255 3380 2356 3421; x_wconf 91' lang='lat' dir='ltr'><strong>nos</strong></span> <span class='ocrx_word' id='word_1_507' title='bbox 2404 3381 2504 3436; x_wconf 88' lang='lat' dir='ltr'><strong>pro</strong></span> <span class='ocrx_word' id='word_1_508' title='bbox 2553 3365 2736 3420; x_wconf 89' lang='lat' dir='ltr'><strong>divino</strong></span> <span class='ocrx_word' id='word_1_509' title='bbox 2787 3367 3012 3431; x_wconf 89' lang='lat' dir='ltr'><strong>intuitu,</strong></span> <span class='ocrx_word' id='word_1_510' title='bbox 3063 3377 3118 3421; x_wconf 91' lang='lat' dir='ltr'><strong>et</strong></span> <span class='ocrx_word' id='word_1_511' title='bbox 3161 3377 3356 3420; x_wconf 70' lang='lat' dir='ltr'><strong>aeterna</strong></span> <span class='ocrx_word' id='word_1_512' title='bbox 3403 3366 3842 3420; x_wconf 60' lang='lat' dir='ltr'><strong>remuneratione</strong></span> 
     </span>
    </p>
   </div>
   <div class='ocr_carea' id='block_1_78' title="bbox 2255 3457 3842 3514">
    <p class='ocr_par' dir='ltr' id='par_1_78' title="bbox 2255 3457 3842 3514">
     <span class='ocr_line' id='line_1_78' title="bbox 2255 3457 3842 3514; baseline -0.003 -1"><span class='ocrx_word' id='word_1_513' title='bbox 2255 3457 2519 3513; x_wconf 88' lang='lat' dir='ltr'><strong>donamus</strong></span> <span class='ocrx_word' id='word_1_514' title='bbox 2545 3458 2614 3513; x_wconf 89' lang='lat' dir='ltr'><strong>ad</strong></span> <span class='ocrx_word' id='word_1_515' title='bbox 2641 3459 3024 3514; x_wconf 86' lang='lat' dir='ltr'><strong>monasterium</strong></span> <span class='ocrx_word' id='word_1_516' title='bbox 3048 3458 3256 3512; x_wconf 89' lang='lat' dir='ltr'><strong>Domini</strong></span> <span class='ocrx_word' id='word_1_517' title='bbox 3277 3469 3328 3511; x_wconf 91' lang='lat' dir='ltr'><strong>et</strong></span> <span class='ocrx_word' id='word_1_518' title='bbox 3347 3457 3647 3512; x_wconf 85' lang='lat' dir='ltr'><strong>Salvatoris</strong></span> <span class='ocrx_word' id='word_1_519' title='bbox 3674 3458 3842 3510; x_wconf 72' lang='lat' dir='ltr'><strong>noetri</strong></span> 
     </span>
    </p>
   </div>
   <div class='ocr_carea' id='block_1_79' title="bbox 2255 3549 3843 3620">
    <p class='ocr_par' dir='ltr' id='par_1_79' title="bbox 2255 3549 3843 3620">
     <span class='ocr_line' id='line_1_79' title="bbox 2255 3549 3843 3620; baseline -0.003 -14"><span class='ocrx_word' id='word_1_520' title='bbox 2255 3549 2383 3606; x_wconf 85' lang='lat' dir='ltr'><strong>Jesu</strong></span> <span class='ocrx_word' id='word_1_521' title='bbox 2412 3551 2636 3618; x_wconf 87' lang='lat' dir='ltr'><strong>Christi,</strong></span> <span class='ocrx_word' id='word_1_522' title='bbox 2669 3551 2808 3620; x_wconf 92' lang='lat' dir='ltr'><strong>quod</strong></span> <span class='ocrx_word' id='word_1_523' title='bbox 2829 3551 2977 3605; x_wconf 86' lang='lat' dir='ltr'><strong>bona</strong></span> <span class='ocrx_word' id='word_1_524' title='bbox 3003 3552 3255 3604; x_wconf 86' lang='lat' dir='ltr'><strong>memoria</strong></span> <span class='ocrx_word' id='word_1_525' title='bbox 3283 3549 3513 3604; x_wconf 76' lang='lat' dir='ltr'><strong>domnus</strong></span> <span class='ocrx_word' id='word_1_526' title='bbox 3539 3563 3606 3603; x_wconf 89' lang='lat' dir='ltr'><strong>ac</strong></span> <span class='ocrx_word' id='word_1_527' title='bbox 3632 3551 3843 3619; x_wconf 81' lang='lat' dir='ltr'><strong>genitor</strong></span> 
     </span>
    </p>
   </div>
   <div class='ocr_carea' id='block_1_80' title="bbox 2255 3638 3842 3711">
    <p class='ocr_par' dir='ltr' id='par_1_80' title="bbox 2255 3638 3842 3711">
     <span class='ocr_line' id='line_1_80' title="bbox 2255 3638 3842 3711; baseline -0.003 -14"><span class='ocrx_word' id='word_1_528' title='bbox 2255 3650 2442 3697; x_wconf 89' lang='lat' dir='ltr'><strong>noster</strong></span> <span class='ocrx_word' id='word_1_529' title='bbox 2494 3641 2716 3711; x_wconf 81' lang='lat' dir='ltr'><strong>Pipinus</strong></span> <span class='ocrx_word' id='word_1_530' title='bbox 2762 3643 3030 3709; x_wconf 87' lang='lat' dir='ltr'><strong>quondam</strong></span> <span class='ocrx_word' id='word_1_531' title='bbox 3075 3655 3190 3703; x_wconf 84' lang='lat' dir='ltr'><strong>rex,</strong></span> <span class='ocrx_word' id='word_1_532' title='bbox 3236 3654 3335 3694; x_wconf 90' lang='lat' dir='ltr'><strong>nec</strong></span> <span class='ocrx_word' id='word_1_533' title='bbox 3385 3655 3489 3693; x_wconf 89' lang='lat' dir='ltr'><strong>non</strong></span> <span class='ocrx_word' id='word_1_534' title='bbox 3520 3638 3717 3693; x_wconf 86' lang='lat' dir='ltr'><strong>domna</strong></span> <span class='ocrx_word' id='word_1_535' title='bbox 3779 3653 3842 3694; x_wconf 83' lang='lat' dir='ltr'><strong>ac</strong></span> 
     </span>
    </p>
   </div>
   <div class='ocr_carea' id='block_1_81' title="bbox 2254 3731 3840 3804">
    <p class='ocr_par' dir='ltr' id='par_1_81' title="bbox 2254 3731 3840 3804">
     <span class='ocr_line' id='line_1_81' title="bbox 2254 3731 3840 3804; baseline -0.004 -16"><span class='ocrx_word' id='word_1_536' title='bbox 2254 3734 2496 3804; x_wconf 82' lang='lat' dir='ltr'><strong>genetrix</strong></span> <span class='ocrx_word' id='word_1_537' title='bbox 2527 3744 2712 3788; x_wconf 90' lang='lat' dir='ltr'><strong>nostra</strong></span> <span class='ocrx_word' id='word_1_538' title='bbox 2741 3732 3031 3788; x_wconf 87' lang='lat' dir='ltr'><strong>Berterada</strong></span> <span class='ocrx_word' id='word_1_539' title='bbox 3057 3735 3238 3802; x_wconf 88' lang='lat' dir='ltr'><strong>regina</strong></span> <span class='ocrx_word' id='word_1_540' title='bbox 3278 3747 3422 3786; x_wconf 80' lang='lat' dir='ltr'><strong>novo</strong></span> <span class='ocrx_word' id='word_1_541' title='bbox 3453 3746 3621 3800; x_wconf 88' lang='lat' dir='ltr'><strong>opere</strong></span> <span class='ocrx_word' id='word_1_542' title='bbox 3663 3747 3694 3785; x_wconf 89' lang='lat' dir='ltr'><strong>a</strong></span> <span class='ocrx_word' id='word_1_543' title='bbox 3723 3731 3840 3786; x_wconf 69' lang='lat' dir='ltr'><strong>iur:-</strong></span> 
     </span>
    </p>
   </div>
   <div class='ocr_carea' id='block_1_82' title="bbox 2255 3823 3835 3896">
    <p class='ocr_par' dir='ltr' id='par_1_82' title="bbox 2255 3823 3835 3896">
     <span class='ocr_line' id='line_1_82' title="bbox 2255 3823 3835 3896; baseline -0.001 -15"><span class='ocrx_word' id='word_1_544' title='bbox 2255 3827 2542 3890; x_wconf 89' lang='lat' dir='ltr'><strong>damentis,</strong></span> <span class='ocrx_word' id='word_1_545' title='bbox 2571 3841 2667 3896; x_wconf 89' lang='lat' dir='ltr'><strong>pro</strong></span> <span class='ocrx_word' id='word_1_546' title='bbox 2693 3827 2864 3880; x_wconf 79' lang='lat' dir='ltr'><strong>futura</strong></span> <span class='ocrx_word' id='word_1_547' title='bbox 2897 3825 3089 3890; x_wconf 88' lang='lat' dir='ltr'><strong>salute,</strong></span> <span class='ocrx_word' id='word_1_548' title='bbox 3115 3826 3165 3878; x_wconf 94' lang='lat' dir='ltr'><strong>in</strong></span> <span class='ocrx_word' id='word_1_549' title='bbox 3193 3825 3328 3890; x_wconf 90' lang='lat' dir='ltr'><strong>loco,</strong></span> <span class='ocrx_word' id='word_1_550' title='bbox 3355 3825 3442 3892; x_wconf 85' lang='lat' dir='ltr'><strong>qui</strong></span> <span class='ocrx_word' id='word_1_551' title='bbox 3465 3824 3666 3878; x_wconf 84' lang='lat' dir='ltr'><strong>dicitur</strong></span> <span class='ocrx_word' id='word_1_552' title='bbox 3697 3823 3835 3880; x_wconf 78' lang='lat' dir='ltr'><strong>Pru-</strong></span> 
     </span>
    </p>
   </div>
   <div class='ocr_carea' id='block_1_83' title="bbox 2255 3918 3840 3990">
    <p class='ocr_par' dir='ltr' id='par_1_83' title="bbox 2255 3918 3840 3990">
     <span class='ocr_line' id='line_1_83' title="bbox 2255 3918 3840 3990; baseline -0.004 -14"><span class='ocrx_word' id='word_1_553' title='bbox 2255 3921 2387 3986; x_wconf 88' lang='lat' dir='ltr'><strong>tnia,</strong></span> <span class='ocrx_word' id='word_1_554' title='bbox 2419 3921 2516 3974; x_wconf 79' lang='lat' dir='ltr'><strong>visi</strong></span> <span class='ocrx_word' id='word_1_555' title='bbox 2548 3931 2672 3976; x_wconf 92' lang='lat' dir='ltr'><strong>sunt</strong></span> <span class='ocrx_word' id='word_1_556' title='bbox 2719 3920 3116 3982; x_wconf 89' lang='lat' dir='ltr'><strong>eonstruxisse,</strong></span> <span class='ocrx_word' id='word_1_557' title='bbox 3163 3922 3249 3973; x_wconf 88' lang='lat' dir='ltr'><strong>ubi</strong></span> <span class='ocrx_word' id='word_1_558' title='bbox 3279 3929 3476 3990; x_wconf 71' lang='lat' dir='ltr'><strong>praeest</strong></span> <span class='ocrx_word' id='word_1_559' title='bbox 3503 3918 3584 3973; x_wconf 89' lang='lat' dir='ltr'><strong>vir</strong></span> <span class='ocrx_word' id='word_1_560' title='bbox 3609 3935 3840 3972; x_wconf 62' lang='lat' dir='ltr'><strong>Venera-</strong></span> 
     </span>
    </p>
   </div>
   <div class='ocr_carea' id='block_1_84' title="bbox 2259 4013 3835 4079">
    <p class='ocr_par' dir='ltr' id='par_1_84' title="bbox 2259 4013 3835 4079">
     <span class='ocr_line' id='line_1_84' title="bbox 2259 4013 3835 4079; baseline -0.003 -9"><span class='ocrx_word' id='word_1_561' title='bbox 2259 4015 2381 4070; x_wconf 86' lang='lat' dir='ltr'><strong>bilis</strong></span> <span class='ocrx_word' id='word_1_562' title='bbox 2412 4016 2668 4070; x_wconf 78' lang='lat' dir='ltr'><strong>ASOarius</strong></span> <span class='ocrx_word' id='word_1_563' title='bbox 2697 4017 2828 4068; x_wconf 85' lang='lat' dir='ltr'><strong>abba</strong></span> <span class='ocrx_word' id='word_1_564' title='bbox 2848 4053 2864 4079; x_wconf 95' lang='lat'><strong>,</strong></span> <span class='ocrx_word' id='word_1_565' title='bbox 2893 4015 3251 4079; x_wconf 79' lang='lat' dir='ltr'><strong>donatumque</strong></span> <span class='ocrx_word' id='word_1_566' title='bbox 3280 4016 3343 4064; x_wconf 85' lang='lat' dir='ltr'><strong>ad</strong></span> <span class='ocrx_word' id='word_1_567' title='bbox 3375 4013 3559 4066; x_wconf 79' lang='lat' dir='ltr'><strong>cadent</strong></span> <span class='ocrx_word' id='word_1_568' title='bbox 3590 4023 3835 4066; x_wconf 74' lang='lat' dir='ltr'><strong>sanctum</strong></span> 
     </span>
    </p>
   </div>
   <div class='ocr_carea' id='block_1_85' title="bbox 2257 4104 3837 4176">
    <p class='ocr_par' dir='ltr' id='par_1_85' title="bbox 2257 4104 3837 4176">
     <span class='ocr_line' id='line_1_85' title="bbox 2257 4104 3837 4176; baseline -0.001 -16"><span class='ocrx_word' id='word_1_569' title='bbox 2257 4105 2436 4160; x_wconf 93' lang='lat' dir='ltr'><strong>locum</strong></span> <span class='ocrx_word' id='word_1_570' title='bbox 2467 4106 2520 4160; x_wconf 91' lang='lat' dir='ltr'><strong>in</strong></span> <span class='ocrx_word' id='word_1_571' title='bbox 2567 4117 2882 4176; x_wconf 89' lang='lat' dir='ltr'><strong>perpetuum</strong></span> <span class='ocrx_word' id='word_1_572' title='bbox 2913 4120 3035 4161; x_wconf 88' lang='lat' dir='ltr'><strong>esse</strong></span> <span class='ocrx_word' id='word_1_573' title='bbox 3083 4106 3324 4158; x_wconf 77' lang='lat' dir='ltr'><strong>volumus</strong></span> <span class='ocrx_word' id='word_1_574' title='bbox 3359 4120 3443 4157; x_wconf 84' lang='lat' dir='ltr'><strong>res</strong></span> <span class='ocrx_word' id='word_1_575' title='bbox 3480 4104 3683 4169; x_wconf 79' lang='lat' dir='ltr'><strong>aliquas</strong></span> <span class='ocrx_word' id='word_1_576' title='bbox 3712 4120 3837 4172; x_wconf 81' lang='lat' dir='ltr'><strong>pro-</strong></span> 
     </span>
    </p>
   </div>
   <div class='ocr_carea' id='block_1_86' title="bbox 2261 4191 3835 4264">
    <p class='ocr_par' dir='ltr' id='par_1_86' title="bbox 2261 4191 3835 4264">
     <span class='ocr_line' id='line_1_86' title="bbox 2261 4191 3835 4264; baseline -0.003 -14"><span class='ocrx_word' id='word_1_577' title='bbox 2261 4196 2506 4264; x_wconf 90' lang='lat' dir='ltr'><strong>prietatis</strong></span> <span class='ocrx_word' id='word_1_578' title='bbox 2533 4205 2767 4261; x_wconf 69' lang='lat' dir='ltr'><strong>nostrae,</strong></span> <span class='ocrx_word' id='word_1_579' title='bbox 2812 4197 2834 4225; x_wconf 70' lang='grc' dir='ltr'><strong>ο</strong></span> <span class='ocrx_word' id='word_1_580' title='bbox 2868 4195 2920 4248; x_wconf 90' lang='lat' dir='ltr'><strong>in</strong></span> <span class='ocrx_word' id='word_1_581' title='bbox 2957 4208 3092 4263; x_wconf 82' lang='lat' dir='ltr'><strong>pago</strong></span> <span class='ocrx_word' id='word_1_582' title='bbox 3123 4202 3460 4261; x_wconf 86' lang='lat' dir='ltr'><strong>nuncupante</strong></span> <span class='ocrx_word' id='word_1_583' title='bbox 3490 4191 3835 4260; x_wconf 58' lang='lat' dir='ltr'><strong>Longonab-e,</strong></span> 
     </span>
    </p>
   </div>
   <div class='ocr_carea' id='block_1_87' title="bbox 2258 4282 3833 4354">
    <p class='ocr_par' dir='ltr' id='par_1_87' title="bbox 2258 4282 3833 4354">
     <span class='ocr_line' id='line_1_87' title="bbox 2258 4282 3833 4354; baseline -0.004 -14"><span class='ocrx_word' id='word_1_584' title='bbox 2258 4295 2313 4340; x_wconf 90' lang='lat' dir='ltr'><strong>et</strong></span> <span class='ocrx_word' id='word_1_585' title='bbox 2338 4285 2390 4339; x_wconf 92' lang='lat' dir='ltr'><strong>in</strong></span> <span class='ocrx_word' id='word_1_586' title='bbox 2416 4301 2573 4354; x_wconf 84' lang='lat' dir='ltr'><strong>pago,</strong></span> <span class='ocrx_word' id='word_1_587' title='bbox 2614 4286 2704 4354; x_wconf 91' lang='lat' dir='ltr'><strong>qui</strong></span> <span class='ocrx_word' id='word_1_588' title='bbox 2747 4285 2942 4338; x_wconf 91' lang='lat' dir='ltr'><strong>dicitur</strong></span> <span class='ocrx_word' id='word_1_589' title='bbox 2970 4285 3238 4338; x_wconf 84' lang='lat' dir='ltr'><strong>lleinrichi</strong></span> <span class='ocrx_word' id='word_1_590' title='bbox 3256 4324 3272 4349; x_wconf 94' lang='lat'><strong>,</strong></span> <span class='ocrx_word' id='word_1_591' title='bbox 3299 4293 3354 4338; x_wconf 88' lang='lat' dir='ltr'><strong>et</strong></span> <span class='ocrx_word' id='word_1_592' title='bbox 3381 4285 3432 4336; x_wconf 95' lang='lat' dir='ltr'><strong>in</strong></span> <span class='ocrx_word' id='word_1_593' title='bbox 3461 4282 3833 4352; x_wconf 72' lang='lat' dir='ltr'><strong>Angrisgowe,</strong></span> 
     </span>
    </p>
   </div>
   <div class='ocr_carea' id='block_1_88' title="bbox 2260 4375 3836 4446">
    <p class='ocr_par' dir='ltr' id='par_1_88' title="bbox 2260 4375 3836 4446">
     <span class='ocr_line' id='line_1_88' title="bbox 2260 4375 3836 4446; baseline -0.002 -17"><span class='ocrx_word' id='word_1_594' title='bbox 2260 4391 2394 4446; x_wconf 88' lang='lat' dir='ltr'><strong>quas</strong></span> <span class='ocrx_word' id='word_1_595' title='bbox 2423 4375 2726 4430; x_wconf 90' lang='lat' dir='ltr'><strong>antcdictus</strong></span> <span class='ocrx_word' id='word_1_596' title='bbox 2755 4377 2890 4428; x_wconf 91' lang='lat' dir='ltr'><strong>ahba</strong></span> <span class='ocrx_word' id='word_1_597' title='bbox 2915 4418 2928 4440; x_wconf 91' lang='lat'><strong>,</strong></span> <span class='ocrx_word' id='word_1_598' title='bbox 2962 4386 3018 4430; x_wconf 90' lang='lat' dir='ltr'><strong>et</strong></span> <span class='ocrx_word' id='word_1_599' title='bbox 3043 4375 3288 4428; x_wconf 85' lang='lat' dir='ltr'><strong>Ahardns</strong></span> <span class='ocrx_word' id='word_1_600' title='bbox 3318 4376 3463 4428; x_wconf 87' lang='lat' dir='ltr'><strong>missi</strong></span> <span class='ocrx_word' id='word_1_601' title='bbox 3493 4383 3663 4427; x_wconf 84' lang='lat' dir='ltr'><strong>nostri</strong></span> <span class='ocrx_word' id='word_1_602' title='bbox 3689 4383 3836 4441; x_wconf 69' lang='lat' dir='ltr'><strong>Justo</strong></span> 
     </span>
    </p>
   </div>
   <div class='ocr_carea' id='block_1_89' title="bbox 571 4437 3832 4532">
    <p class='ocr_par' dir='ltr' id='par_1_89' title="bbox 571 4437 3832 4532">
     <span class='ocr_line' id='line_1_89' title="bbox 571 4437 3832 4532; baseline 0.001 -42"><span class='ocrx_word' id='word_1_603' title='bbox 571 4439 656 4491; x_wconf 85' lang='lat' dir='ltr'><strong>vel</strong></span> <span class='ocrx_word' id='word_1_604' title='bbox 691 4439 986 4493; x_wconf 90' lang='lat' dir='ltr'><strong>remedium</strong></span> <span class='ocrx_word' id='word_1_605' title='bbox 1017 4439 1197 4493; x_wconf 88' lang='lat' dir='ltr'><strong>anime</strong></span> <span class='ocrx_word' id='word_1_606' title='bbox 1246 4449 1432 4494; x_wconf 89' lang='lat' dir='ltr'><strong>nostre</strong></span> <span class='ocrx_word' id='word_1_607' title='bbox 1477 4439 1742 4506; x_wconf 88' lang='lat' dir='ltr'><strong>pertinere</strong></span> <span class='ocrx_word' id='word_1_608' title='bbox 1786 4437 2144 4494; x_wconf 87' lang='lat' dir='ltr'><strong>conﬁdimus:</strong></span> <span class='ocrx_word' id='word_1_609' title='bbox 2179 4464 2229 4523; x_wconf 70' lang='grc' dir='ltr'>υ</span> <span class='ocrx_word' id='word_1_610' title='bbox 2255 4437 2466 4520; x_wconf 35' lang='lat' dir='ltr'><strong>“amite</strong></span> <span class='ocrx_word' id='word_1_611' title='bbox 2494 4467 2786 4519; x_wconf 68' lang='lat' dir='ltr'><strong>secundum</strong></span> <span class='ocrx_word' id='word_1_612' title='bbox 2819 4437 2987 4532; x_wconf 51' lang='lat' dir='ltr'><strong>legém</strong></span> <span class='ocrx_word' id='word_1_613' title='bbox 3026 4465 3078 4518; x_wconf 71' lang='lat' dir='ltr'><strong>in</strong></span> <span class='ocrx_word' id='word_1_614' title='bbox 3109 4481 3267 4519; x_wconf 48' lang='lat' dir='ltr'><strong>causa</strong></span> <span class='ocrx_word' id='word_1_615' title='bbox 3302 4478 3479 4518; x_wconf 54' lang='lat' dir='ltr'><strong>nos,”</strong></span> <span class='ocrx_word' id='word_1_616' title='bbox 3501 4505 3516 4528; x_wconf 40' lang='grc' dir='ltr'><strong>ν</strong></span> <span class='ocrx_word' id='word_1_617' title='bbox 3546 4437 3707 4531; x_wconf 52' lang='lat' dir='ltr'><strong>sum“:</strong></span> <span class='ocrx_word' id='word_1_618' title='bbox 3738 4461 3832 4516; x_wconf 62' lang='grc' dir='ltr'><strong>ιω,</strong></span> 
     </span>
    </p>
   </div>
   <div class='ocr_carea' id='block_1_90' title="bbox 573 4531 2145 4602">
    <p class='ocr_par' dir='ltr' id='par_1_90' title="bbox 573 4531 2145 4602">
     <span class='ocr_line' id='line_1_90' title="bbox 573 4531 2145 4602; baseline 0.001 -18"><span class='ocrx_word' id='word_1_619' title='bbox 573 4531 735 4600; x_wconf 81' lang='lat' dir='ltr'><strong>igitur</strong></span> <span class='ocrx_word' id='word_1_620' title='bbox 789 4541 1123 4602; x_wconf 88' lang='lat' dir='ltr'><strong>compertum</strong></span> <span class='ocrx_word' id='word_1_621' title='bbox 1174 4532 1246 4587; x_wconf 91' lang='lat' dir='ltr'><strong>sit</strong></span> <span class='ocrx_word' id='word_1_622' title='bbox 1288 4533 1524 4586; x_wconf 90' lang='lat' dir='ltr'><strong>omnium</strong></span> <span class='ocrx_word' id='word_1_623' title='bbox 1577 4531 1813 4587; x_wconf 86' lang='lat' dir='ltr'><strong>ﬁdelium</strong></span> <span class='ocrx_word' id='word_1_624' title='bbox 1842 4543 2145 4587; x_wconf 89' lang='lat' dir='ltr'><strong>nostrorum</strong></span> 
     </span>
    </p>
   </div>
   <div class='ocr_carea' id='block_1_91' title="bbox 574 4621 2150 4692">
    <p class='ocr_par' dir='ltr' id='par_1_91' title="bbox 574 4621 2150 4692">
     <span class='ocr_line' id='line_1_91' title="bbox 574 4621 2150 4692; baseline 0.001 -16"><span class='ocrx_word' id='word_1_625' title='bbox 574 4621 931 4692; x_wconf 86' lang='lat' dir='ltr'><strong>magnitudini</strong></span> <span class='ocrx_word' id='word_1_626' title='bbox 968 4623 1202 4692; x_wconf 90' lang='lat' dir='ltr'><strong>qualiter</strong></span> <span class='ocrx_word' id='word_1_627' title='bbox 1219 4623 1480 4676; x_wconf 82' lang='lat' dir='ltr'><strong>donamus</strong></span> <span class='ocrx_word' id='word_1_628' title='bbox 1510 4623 1576 4677; x_wconf 90' lang='lat' dir='ltr'><strong>ad</strong></span> <span class='ocrx_word' id='word_1_629' title='bbox 1608 4624 1991 4679; x_wconf 88' lang='lat' dir='ltr'><strong>monasterium</strong></span> <span class='ocrx_word' id='word_1_630' title='bbox 2022 4638 2150 4678; x_wconf 84' lang='lat' dir='ltr'><strong>san-</strong></span> 
     </span>
    </p>
   </div>
   <div class='ocr_carea' id='block_1_92' title="bbox 575 4710 2150 4782">
    <p class='ocr_par' dir='ltr' id='par_1_92' title="bbox 575 4710 2150 4782">
     <span class='ocr_line' id='line_1_92' title="bbox 575 4710 2150 4782; baseline 0.002 -15"><span class='ocrx_word' id='word_1_631' title='bbox 575 4711 650 4767; x_wconf 91' lang='lat' dir='ltr'><strong>cti</strong></span> <span class='ocrx_word' id='word_1_632' title='bbox 699 4710 1034 4778; x_wconf 88' lang='lat' dir='ltr'><strong>Salvatoris,</strong></span> <span class='ocrx_word' id='word_1_633' title='bbox 1076 4711 1221 4782; x_wconf 90' lang='lat' dir='ltr'><strong>quod</strong></span> <span class='ocrx_word' id='word_1_634' title='bbox 1279 4721 1366 4766; x_wconf 85' lang='lat' dir='ltr'><strong>est</strong></span> <span class='ocrx_word' id='word_1_635' title='bbox 1401 4724 1768 4770; x_wconf 87' lang='lat' dir='ltr'><strong>constructum</strong></span> <span class='ocrx_word' id='word_1_636' title='bbox 1817 4715 1952 4770; x_wconf 78' lang='lat' dir='ltr'><strong>intra</strong></span> <span class='ocrx_word' id='word_1_637' title='bbox 1995 4715 2150 4770; x_wconf 85' lang='lat' dir='ltr'><strong>Vasta</strong></span> 
     </span>
    </p>
   </div>
   <div class='ocr_carea' id='block_1_93' title="bbox 575 4801 2153 4914">
    <p class='ocr_par' dir='ltr' id='par_1_93' title="bbox 575 4801 2153 4914">
     <span class='ocr_line' id='line_1_93' title="bbox 575 4801 2153 4914; baseline -0.002 -54"><span class='ocrx_word' id='word_1_638' title='bbox 575 4801 843 4860; x_wconf 85' lang='lat' dir='ltr'><strong>Bocbonia</strong></span> <span class='ocrx_word' id='word_1_639' title='bbox 892 4816 1056 4873; x_wconf 89' lang='lat' dir='ltr'><strong>super</strong></span> <span class='ocrx_word' id='word_1_640' title='bbox 1105 4801 1323 4914; x_wconf 50' lang='lat' dir='ltr'><strong>{largum</strong></span> <span class='ocrx_word' id='word_1_641' title='bbox 1377 4804 1539 4859; x_wconf 85' lang='lat' dir='ltr'><strong>Fulda</strong></span> <span class='ocrx_word' id='word_1_642' title='bbox 1590 4805 1680 4860; x_wconf 92' lang='lat' dir='ltr'><strong>ubi</strong></span> <span class='ocrx_word' id='word_1_643' title='bbox 1725 4820 1920 4876; x_wconf 89' lang='lat' dir='ltr'><strong>corpus</strong></span> <span class='ocrx_word' id='word_1_644' title='bbox 1977 4805 2153 4863; x_wconf 89' lang='lat' dir='ltr'><strong>sancti</strong></span> 
     </span>
    </p>
   </div>
   <div class='ocr_carea' id='block_1_94' title="bbox 648 4967 2154 5039">
    <p class='ocr_par' dir='ltr' id='par_1_94' title="bbox 648 4967 2154 5039">
     <span class='ocr_line' id='line_1_94' title="bbox 648 4967 2154 5039; baseline -0.001 -17"><span class='ocrx_word' id='word_1_645' title='bbox 648 4983 675 5010; x_wconf 77' lang='grc' dir='ltr'>ι</span> <span class='ocrx_word' id='word_1_646' title='bbox 717 4969 866 5024; x_wconf 88' lang='lat' dir='ltr'><strong>Hunc</strong></span> <span class='ocrx_word' id='word_1_647' title='bbox 913 4968 1236 5039; x_wconf 85' lang='lat' dir='ltr'><strong>Egilbertum</strong></span> <span class='ocrx_word' id='word_1_648' title='bbox 1285 4970 1532 5024; x_wconf 87' lang='lat' dir='ltr'><strong>eumdem</strong></span> <span class='ocrx_word' id='word_1_649' title='bbox 1579 4978 1706 5039; x_wconf 90' lang='lat' dir='ltr'><strong>puto</strong></span> <span class='ocrx_word' id='word_1_650' title='bbox 1759 4983 1877 5024; x_wconf 90' lang='lat' dir='ltr'><strong>eum</strong></span> <span class='ocrx_word' id='word_1_651' title='bbox 1923 4982 2010 5032; x_wconf 91' lang='lat' dir='ltr'><strong>eo,</strong></span> <span class='ocrx_word' id='word_1_652' title='bbox 2063 4967 2154 5036; x_wconf 90' lang='lat' dir='ltr'><strong>qui</strong></span> 
     </span>
    </p>
   </div>
   <div class='ocr_carea' id='block_1_95' title="bbox 577 5039 2155 5110">
    <p class='ocr_par' dir='ltr' id='par_1_95' title="bbox 577 5039 2155 5110">
     <span class='ocr_line' id='line_1_95' title="bbox 577 5039 2155 5110; baseline -0.001 -16"><span class='ocrx_word' id='word_1_653' title='bbox 577 5039 720 5109; x_wconf 88' lang='lat' dir='ltr'><strong>apud</strong></span> <span class='ocrx_word' id='word_1_654' title='bbox 748 5041 1018 5094; x_wconf 74' lang='lat' dir='ltr'><strong>litabillon.</strong></span> <span class='ocrx_word' id='word_1_655' title='bbox 1049 5041 1115 5096; x_wconf 92' lang='lat' dir='ltr'><strong>de</strong></span> <span class='ocrx_word' id='word_1_656' title='bbox 1149 5040 1226 5096; x_wconf 78' lang='lat' dir='ltr'><strong>Re</strong></span> <span class='ocrx_word' id='word_1_657' title='bbox 1253 5040 1382 5110; x_wconf 92' lang='lat' dir='ltr'><strong>dipl.</strong></span> <span class='ocrx_word' id='word_1_658' title='bbox 1419 5055 1498 5106; x_wconf 88' lang='lat' dir='ltr'><strong>vt,</strong></span> <span class='ocrx_word' id='word_1_659' title='bbox 1529 5055 1678 5094; x_wconf 91' lang='lat' dir='ltr'><strong>num.</strong></span> <span class='ocrx_word' id='word_1_660' title='bbox 1710 5039 1810 5104; x_wconf 83' lang='grc'><strong>55.</strong></span> <span class='ocrx_word' id='word_1_661' title='bbox 1846 5043 2155 5110; x_wconf 87' lang='lat' dir='ltr'><strong>recognovit</strong></span> 
     </span>
    </p>
   </div>
   <div class='ocr_carea' id='block_1_96' title="bbox 580 5109 2158 5236">
    <p class='ocr_par' dir='ltr' id='par_1_96' title="bbox 580 5109 2158 5236">
     <span class='ocr_line' id='line_1_96' title="bbox 580 5109 2158 5236; baseline 0.001 -73"><span class='ocrx_word' id='word_1_662' title='bbox 580 5122 908 5236; x_wconf 44' lang='grc' dir='ltr'><strong>ἓιὲῗξῧὲειιιὶιὲι</strong></span> <span class='ocrx_word' id='word_1_663' title='bbox 929 5110 1106 5166; x_wconf 86' lang='lat' dir='ltr'><strong>Caroli</strong></span> <span class='ocrx_word' id='word_1_664' title='bbox 1128 5112 1300 5182; x_wconf 81' lang='lat' dir='ltr'><strong>Magni</strong></span> <span class='ocrx_word' id='word_1_665' title='bbox 1316 5109 1506 5167; x_wconf 88' lang='lat' dir='ltr'><strong>datum</strong></span> <span class='ocrx_word' id='word_1_666' title='bbox 1531 5125 1673 5165; x_wconf 92' lang='lat' dir='ltr'><strong>anno</strong></span> <span class='ocrx_word' id='word_1_667' title='bbox 1704 5111 1828 5176; x_wconf 84' lang='lat'><strong>778,</strong></span> <span class='ocrx_word' id='word_1_668' title='bbox 1857 5109 2158 5178; x_wconf 87' lang='lat' dir='ltr'><strong>diciturque</strong></span> 
     </span>
    </p>
   </div>
   <div class='ocr_carea' id='block_1_97' title="bbox 631 5183 891 5234">
    <p class='ocr_par' dir='ltr' id='par_1_97' title="bbox 631 5183 891 5234">
     <span class='ocr_line' id='line_1_97' title="bbox 631 5183 891 5234; baseline 0 0"><span class='ocrx_word' id='word_1_669' title='bbox 631 5183 891 5234; x_wconf 83' lang='lat' dir='ltr'><strong>iltberltts.</strong></span> 
     </span>
    </p>
   </div>
   <div class='ocr_carea' id='block_1_98' title="bbox 653 5250 1954 5320">
    <p class='ocr_par' dir='ltr' id='par_1_98' title="bbox 653 5250 1954 5320">
     <span class='ocr_line' id='line_1_98' title="bbox 653 5250 1954 5320; baseline -0.001 -16"><span class='ocrx_word' id='word_1_670' title='bbox 653 5250 678 5290; x_wconf 68' lang='grc' dir='ltr'>δ</span> <span class='ocrx_word' id='word_1_671' title='bbox 721 5252 796 5304; x_wconf 79' lang='lat' dir='ltr'><strong>Ex</strong></span> <span class='ocrx_word' id='word_1_672' title='bbox 833 5255 934 5306; x_wconf 87' lang='lat' dir='ltr'><strong>hoc</strong></span> <span class='ocrx_word' id='word_1_673' title='bbox 956 5250 1286 5320; x_wconf 83' lang='lat' dir='ltr'><strong>autographo</strong></span> <span class='ocrx_word' id='word_1_674' title='bbox 1313 5252 1549 5318; x_wconf 76' lang='lat' dir='ltr'><strong>sigillum</strong></span> <span class='ocrx_word' id='word_1_675' title='bbox 1576 5251 1821 5306; x_wconf 88' lang='lat' dir='ltr'><strong>avulsum</strong></span> <span class='ocrx_word' id='word_1_676' title='bbox 1851 5258 1954 5305; x_wconf 90' lang='lat' dir='ltr'><strong>est.</strong></span> 
     </span>
    </p>
   </div>
   <div class='ocr_carea' id='block_1_99' title="bbox 654 5320 2155 5392">
    <p class='ocr_par' dir='ltr' id='par_1_99' title="bbox 654 5320 2155 5392">
     <span class='ocr_line' id='line_1_99' title="bbox 654 5320 2155 5392; baseline 0 -18"><span class='ocrx_word' id='word_1_677' title='bbox 654 5325 678 5356; x_wconf 77' lang='grc' dir='ltr'><strong><em>ο</em></strong></span> <span class='ocrx_word' id='word_1_678' title='bbox 719 5320 786 5375; x_wconf 85' lang='lat' dir='ltr'><strong>In</strong></span> <span class='ocrx_word' id='word_1_679' title='bbox 817 5337 966 5392; x_wconf 72' lang='lat' dir='ltr'><strong>pago</strong></span> <span class='ocrx_word' id='word_1_680' title='bbox 993 5333 1316 5392; x_wconf 66' lang='lat' dir='ltr'><strong>nuncupant:</strong></span> <span class='ocrx_word' id='word_1_681' title='bbox 1345 5321 1681 5392; x_wconf 83' lang='lat' dir='ltr'><strong>Longonalte,</strong></span> <span class='ocrx_word' id='word_1_682' title='bbox 1721 5331 1769 5376; x_wconf 83' lang='lat' dir='ltr'><strong>et</strong></span> <span class='ocrx_word' id='word_1_683' title='bbox 1805 5321 1856 5374; x_wconf 87' lang='lat' dir='ltr'><strong>in</strong></span> <span class='ocrx_word' id='word_1_684' title='bbox 1886 5337 2042 5392; x_wconf 72' lang='lat' dir='ltr'><strong>pago,</strong></span> <span class='ocrx_word' id='word_1_685' title='bbox 2068 5321 2155 5381; x_wconf 82' lang='lat' dir='ltr'><strong>qui</strong></span> 
     </span>
    </p>
   </div>
   <div class='ocr_carea' id='block_1_100' title="bbox 580 5339 2157 5463">
    <p class='ocr_par' dir='ltr' id='par_1_100' title="bbox 580 5339 2157 5463">
     <span class='ocr_line' id='line_1_100' title="bbox 654 5339 2155 5444; baseline 0 -70"><span class='ocrx_word' id='word_1_686' title='bbox 654 5339 678 5356; x_wconf 69' lang='grc' dir='ltr'><strong>ν</strong></span> <span class='ocrx_word' id='word_1_687' title='bbox 719 5339 786 5375; x_wconf 77' lang='lat' dir='ltr'><strong>1n</strong></span> <span class='ocrx_word' id='word_1_688' title='bbox 825 5339 1316 5444; x_wconf 46' lang='lat' dir='ltr'><strong>fugoatuttcupantc</strong></span> <span class='ocrx_word' id='word_1_689' title='bbox 1345 5339 1681 5392; x_wconf 75' lang='lat' dir='ltr'><strong>wngonane,</strong></span> <span class='ocrx_word' id='word_1_690' title='bbox 1721 5339 1769 5376; x_wconf 83' lang='lat' dir='ltr'><strong>et</strong></span> <span class='ocrx_word' id='word_1_691' title='bbox 1805 5339 1856 5402; x_wconf 76' lang='lat' dir='ltr'><strong>tn</strong></span> <span class='ocrx_word' id='word_1_692' title='bbox 1886 5339 2042 5402; x_wconf 74' lang='lat' dir='ltr'><strong>pago,</strong></span> <span class='ocrx_word' id='word_1_693' title='bbox 2068 5339 2155 5381; x_wconf 79' lang='lat' dir='ltr'><strong>Qttt</strong></span> 
     </span>
     <span class='ocr_line' id='line_1_101' title="bbox 580 5391 2157 5463; baseline 0 -17"><span class='ocrx_word' id='word_1_694' title='bbox 580 5394 770 5446; x_wconf 83' lang='lat' dir='ltr'><strong>dicitur</strong></span> <span class='ocrx_word' id='word_1_695' title='bbox 802 5391 826 5444; x_wconf 86' lang='grc' dir='ltr'><strong><em>Ι</em></strong></span> <span class='ocrx_word' id='word_1_696' title='bbox 855 5391 1071 5445; x_wconf 85' lang='lat' dir='ltr'><strong>emrtcltt</strong></span> <span class='ocrx_word' id='word_1_697' title='bbox 1100 5431 1115 5457; x_wconf 91' lang='lat'><strong>,</strong></span> <span class='ocrx_word' id='word_1_698' title='bbox 1163 5403 1211 5447; x_wconf 82' lang='lat' dir='ltr'><strong>et</strong></span> <span class='ocrx_word' id='word_1_699' title='bbox 1248 5409 1300 5445; x_wconf 85' lang='lat' dir='ltr'><strong>tn</strong></span> <span class='ocrx_word' id='word_1_700' title='bbox 1335 5395 1679 5463; x_wconf 66' lang='lat' dir='ltr'><strong>Angrisgawe.</strong></span> <span class='ocrx_word' id='word_1_701' title='bbox 1732 5394 1855 5460; x_wconf 71' lang='lat' dir='ltr'><strong>l’agt</strong></span> <span class='ocrx_word' id='word_1_702' title='bbox 1889 5394 1941 5445; x_wconf 89' lang='lat' dir='ltr'><strong>ht</strong></span> <span class='ocrx_word' id='word_1_703' title='bbox 1967 5407 2157 5446; x_wconf 83' lang='lat' dir='ltr'><strong>Otnncs</strong></span> 
     </span>
    </p>
   </div>
   <div class='ocr_carea' id='block_1_101' title="bbox 586 5463 2157 5532">
    <p class='ocr_par' dir='ltr' id='par_1_101' title="bbox 586 5463 2157 5532">
     <span class='ocr_line' id='line_1_102' title="bbox 586 5463 2157 5532; baseline 0 -17"><span class='ocrx_word' id='word_1_704' title='bbox 586 5464 954 5516; x_wconf 86' lang='lat' dir='ltr'><strong>transrlienatti</strong></span> <span class='ocrx_word' id='word_1_705' title='bbox 1005 5472 1128 5515; x_wconf 88' lang='lat' dir='ltr'><strong>sunt</strong></span> <span class='ocrx_word' id='word_1_706' title='bbox 1175 5481 1186 5515; x_wconf 92' lang='lat'>:</span> <span class='ocrx_word' id='word_1_707' title='bbox 1237 5464 1564 5532; x_wconf 83' lang='lat' dir='ltr'><strong>Angrisgowe</strong></span> <span class='ocrx_word' id='word_1_708' title='bbox 1614 5463 1754 5516; x_wconf 87' lang='lat' dir='ltr'><strong>inter</strong></span> <span class='ocrx_word' id='word_1_709' title='bbox 1811 5463 2052 5516; x_wconf 70' lang='lat' dir='ltr'><strong>lilienutn</strong></span> <span class='ocrx_word' id='word_1_710' title='bbox 2103 5471 2157 5515; x_wconf 88' lang='lat' dir='ltr'><strong>ct</strong></span> 
     </span>
    </p>
   </div>
   <div class='ocr_carea' id='block_1_102' title="bbox 584 5532 2156 5600">
    <p class='ocr_par' dir='ltr' id='par_1_102' title="bbox 584 5532 2156 5600">
     <span class='ocr_line' id='line_1_103' title="bbox 584 5532 2156 5600; baseline -0.004 -13"><span class='ocrx_word' id='word_1_711' title='bbox 584 5533 816 5600; x_wconf 86' lang='lat' dir='ltr'><strong>S-ginatn</strong></span> <span class='ocrx_word' id='word_1_712' title='bbox 844 5534 1005 5597; x_wconf 88' lang='lat' dir='ltr'><strong>situs,</strong></span> <span class='ocrx_word' id='word_1_713' title='bbox 1043 5548 1108 5586; x_wconf 85' lang='lat' dir='ltr'><strong>ex</strong></span> <span class='ocrx_word' id='word_1_714' title='bbox 1148 5534 1367 5586; x_wconf 84' lang='lat' dir='ltr'><strong>adversa</strong></span> <span class='ocrx_word' id='word_1_715' title='bbox 1402 5546 1548 5600; x_wconf 90' lang='lat' dir='ltr'><strong>parte</strong></span> <span class='ocrx_word' id='word_1_716' title='bbox 1576 5533 1897 5595; x_wconf 81' lang='lat' dir='ltr'><strong>Andernact,</strong></span> <span class='ocrx_word' id='word_1_717' title='bbox 1929 5533 2013 5585; x_wconf 88' lang='lat' dir='ltr'><strong>ubi</strong></span> <span class='ocrx_word' id='word_1_718' title='bbox 2059 5532 2156 5583; x_wconf 87' lang='lat' dir='ltr'><strong>ho-</strong></span> 
     </span>
    </p>
   </div>
   <div class='ocr_carea' id='block_1_103' title="bbox 584 5601 2153 5673">
    <p class='ocr_par' dir='ltr' id='par_1_103' title="bbox 584 5601 2153 5673">
     <span class='ocr_line' id='line_1_104' title="bbox 584 5601 2153 5673; baseline 0.001 -21"><span class='ocrx_word' id='word_1_719' title='bbox 584 5602 672 5673; x_wconf 76' lang='lat' dir='ltr'><strong>die</strong></span> <span class='ocrx_word' id='word_1_720' title='bbox 718 5605 997 5658; x_wconf 79' lang='lat' dir='ltr'><strong>Comitatus</strong></span> <span class='ocrx_word' id='word_1_721' title='bbox 1061 5602 1390 5673; x_wconf 84' lang='lat' dir='ltr'><strong>Seynensis;</strong></span> <span class='ocrx_word' id='word_1_722' title='bbox 1438 5601 1709 5672; x_wconf 85' lang='lat' dir='ltr'><strong>Logoualte</strong></span> <span class='ocrx_word' id='word_1_723' title='bbox 1745 5604 1884 5673; x_wconf 82' lang='lat' dir='ltr'><strong>circa</strong></span> <span class='ocrx_word' id='word_1_724' title='bbox 1937 5601 2153 5655; x_wconf 81' lang='lat' dir='ltr'><strong>ﬂuvium</strong></span> 
     </span>
    </p>
   </div>
   <div class='ocr_carea' id='block_1_104' title="bbox 588 5671 2154 5743">
    <p class='ocr_par' dir='ltr' id='par_1_104' title="bbox 588 5671 2154 5743">
     <span class='ocr_line' id='line_1_105' title="bbox 588 5671 2154 5743; baseline 0.014 -25"><span class='ocrx_word' id='word_1_725' title='bbox 588 5671 855 5739; x_wconf 67' lang='lat' dir='ltr'><strong>Ltigntiatn</strong></span> <span class='ocrx_word' id='word_1_726' title='bbox 887 5689 979 5728; x_wconf 90' lang='lat' dir='ltr'><strong>seu</strong></span> <span class='ocrx_word' id='word_1_727' title='bbox 1021 5671 1254 5728; x_wconf 79' lang='lat' dir='ltr'><strong>Laltitattt</strong></span> <span class='ocrx_word' id='word_1_728' title='bbox 1297 5675 1402 5729; x_wconf 83' lang='lat' dir='ltr'><strong>late</strong></span> <span class='ocrx_word' id='word_1_729' title='bbox 1442 5671 1758 5743; x_wconf 67' lang='lat' dir='ltr'><strong>prﬁlellsusi</strong></span> <span class='ocrx_word' id='word_1_730' title='bbox 1792 5672 2034 5725; x_wconf 64' lang='grc' dir='ltr'><strong>Εέηνίσίκ</strong></span> <span class='ocrx_word' id='word_1_731' title='bbox 2065 5673 2154 5738; x_wconf 71' lang='lat' dir='ltr'><strong>‘lui</strong></span> 
     </span>
    </p>
   </div>
   <div class='ocr_carea' id='block_1_105' title="bbox 587 5744 2150 5814">
    <p class='ocr_par' dir='ltr' id='par_1_105' title="bbox 587 5744 2150 5814">
     <span class='ocr_line' id='line_1_106' title="bbox 587 5744 2150 5814; baseline -0.01 -5"><span class='ocrx_word' id='word_1_732' title='bbox 587 5750 644 5798; x_wconf 74' lang='grc' dir='ltr'><strong>εί</strong></span> <span class='ocrx_word' id='word_1_733' title='bbox 674 5755 794 5808; x_wconf 54' lang='lat' dir='ltr'><strong>Pars</strong></span> <span class='ocrx_word' id='word_1_734' title='bbox 834 5745 1157 5813; x_wconf 83' lang='lat' dir='ltr'><strong>Loganensis</strong></span> <span class='ocrx_word' id='word_1_735' title='bbox 1193 5744 1352 5814; x_wconf 87' lang='lat' dir='ltr'><strong>pagi,</strong></span> <span class='ocrx_word' id='word_1_736' title='bbox 1413 5759 1536 5800; x_wconf 84' lang='lat' dir='ltr'><strong>eum</strong></span> <span class='ocrx_word' id='word_1_737' title='bbox 1585 5753 1810 5800; x_wconf 87' lang='lat' dir='ltr'><strong>tractum</strong></span> <span class='ocrx_word' id='word_1_738' title='bbox 1858 5755 2150 5809; x_wconf 79' lang='lat' dir='ltr'><strong>occupans,</strong></span> 
     </span>
    </p>
   </div>
   <div class='ocr_carea' id='block_1_106' title="bbox 2263 4551 3835 4625">
    <p class='ocr_par' dir='ltr' id='par_1_106' title="bbox 2263 4551 3835 4625">
     <span class='ocr_line' id='line_1_107' title="bbox 2263 4551 3835 4625; baseline -0.003 -15"><span class='ocrx_word' id='word_1_739' title='bbox 2263 4557 2461 4612; x_wconf 91' lang='lat' dir='ltr'><strong>minem</strong></span> <span class='ocrx_word' id='word_1_740' title='bbox 2485 4555 2715 4625; x_wconf 87' lang='lat' dir='ltr'><strong>aliquem</strong></span> <span class='ocrx_word' id='word_1_741' title='bbox 2760 4555 2977 4609; x_wconf 91' lang='lat' dir='ltr'><strong>nomine</strong></span> <span class='ocrx_word' id='word_1_742' title='bbox 3000 4556 3258 4624; x_wconf 82' lang='lat' dir='ltr'><strong>Alpadum</strong></span> <span class='ocrx_word' id='word_1_743' title='bbox 3289 4553 3664 4621; x_wconf 87' lang='lat' dir='ltr'><strong>acquisissent,</strong></span> <span class='ocrx_word' id='word_1_744' title='bbox 3689 4551 3714 4590; x_wconf 70' lang='grc' dir='ltr'><strong><em>ἀ</em></strong></span> <span class='ocrx_word' id='word_1_745' title='bbox 3742 4569 3835 4618; x_wconf 86' lang='lat' dir='ltr'><strong>per</strong></span> 
     </span>
    </p>
   </div>
   <div class='ocr_carea' id='block_1_107' title="bbox 2259 4641 3832 4713">
    <p class='ocr_par' dir='ltr' id='par_1_107' title="bbox 2259 4641 3832 4713">
     <span class='ocr_line' id='line_1_108' title="bbox 2259 4641 3832 4713; baseline -0.004 -12"><span class='ocrx_word' id='word_1_746' title='bbox 2259 4647 2374 4701; x_wconf 89' lang='lat' dir='ltr'><strong>loca</strong></span> <span class='ocrx_word' id='word_1_747' title='bbox 2422 4647 2764 4701; x_wconf 86' lang='lat' dir='ltr'><strong>denominata</strong></span> <span class='ocrx_word' id='word_1_748' title='bbox 2803 4645 3096 4713; x_wconf 68' lang='lat' dir='ltr'><strong>Nasongaa,</strong></span> <span class='ocrx_word' id='word_1_749' title='bbox 3132 4645 3183 4697; x_wconf 93' lang='lat' dir='ltr'><strong>in</strong></span> <span class='ocrx_word' id='word_1_750' title='bbox 3215 4643 3548 4713; x_wconf 84' lang='lat' dir='ltr'><strong>Squalbach,</strong></span> <span class='ocrx_word' id='word_1_751' title='bbox 3573 4653 3630 4697; x_wconf 89' lang='lat' dir='ltr'><strong>et</strong></span> <span class='ocrx_word' id='word_1_752' title='bbox 3657 4641 3832 4695; x_wconf 77' lang='lat' dir='ltr'><strong>liacu-</strong></span> 
     </span>
    </p>
   </div>
   <div class='ocr_carea' id='block_1_108' title="bbox 2255 4734 3831 4804">
    <p class='ocr_par' dir='ltr' id='par_1_108' title="bbox 2255 4734 3831 4804">
     <span class='ocr_line' id='line_1_109' title="bbox 2255 4734 3831 4804; baseline -0.003 -12"><span class='ocrx_word' id='word_1_753' title='bbox 2255 4747 2393 4802; x_wconf 88' lang='lat' dir='ltr'><strong>stat,</strong></span> <span class='ocrx_word' id='word_1_754' title='bbox 2444 4739 2495 4792; x_wconf 90' lang='lat' dir='ltr'><strong>in</strong></span> <span class='ocrx_word' id='word_1_755' title='bbox 2521 4736 2856 4792; x_wconf 90' lang='lat' dir='ltr'><strong>Caldenbach</strong></span> <span class='ocrx_word' id='word_1_756' title='bbox 2876 4779 2892 4802; x_wconf 95' lang='lat'><strong>,</strong></span> <span class='ocrx_word' id='word_1_757' title='bbox 2921 4748 2976 4792; x_wconf 86' lang='lat' dir='ltr'><strong>et</strong></span> <span class='ocrx_word' id='word_1_758' title='bbox 3010 4738 3060 4790; x_wconf 90' lang='lat' dir='ltr'><strong>in</strong></span> <span class='ocrx_word' id='word_1_759' title='bbox 3087 4736 3426 4800; x_wconf 81' lang='lat' dir='ltr'><strong>Boumhaim,</strong></span> <span class='ocrx_word' id='word_1_760' title='bbox 3459 4745 3619 4804; x_wconf 85' lang='lat' dir='ltr'><strong>atque</strong></span> <span class='ocrx_word' id='word_1_761' title='bbox 3643 4734 3694 4788; x_wconf 92' lang='lat' dir='ltr'><strong>in</strong></span> <span class='ocrx_word' id='word_1_762' title='bbox 3725 4735 3831 4788; x_wconf 87' lang='lat' dir='ltr'><strong>&#39;l‘a—</strong></span> 
     </span>
    </p>
   </div>
   <div class='ocr_carea' id='block_1_109' title="bbox 2262 4825 3835 4897">
    <p class='ocr_par' dir='ltr' id='par_1_109' title="bbox 2262 4825 3835 4897">
     <span class='ocr_line' id='line_1_110' title="bbox 2262 4825 3835 4897; baseline -0.001 -15"><span class='ocrx_word' id='word_1_763' title='bbox 2262 4828 2440 4883; x_wconf 72' lang='lat' dir='ltr'><strong>bernre</strong></span> <span class='ocrx_word' id='word_1_764' title='bbox 2467 4868 2481 4893; x_wconf 87' lang='lat'><strong>,</strong></span> <span class='ocrx_word' id='word_1_765' title='bbox 2518 4843 2637 4883; x_wconf 83' lang='lat' dir='ltr'><strong>nec</strong></span> <span class='ocrx_word' id='word_1_766' title='bbox 2685 4842 2790 4882; x_wconf 89' lang='lat' dir='ltr'><strong>nun</strong></span> <span class='ocrx_word' id='word_1_767' title='bbox 2841 4829 2894 4881; x_wconf 94' lang='lat' dir='ltr'><strong>in</strong></span> <span class='ocrx_word' id='word_1_768' title='bbox 2950 4826 3229 4897; x_wconf 66' lang='lat' dir='ltr'><strong>Heringte,</strong></span> <span class='ocrx_word' id='word_1_769' title='bbox 3277 4825 3392 4881; x_wconf 84' lang='lat' dir='ltr'><strong>sive</strong></span> <span class='ocrx_word' id='word_1_770' title='bbox 3415 4827 3752 4890; x_wconf 77' lang='lat' dir='ltr'><strong>Aendricbze,</strong></span> <span class='ocrx_word' id='word_1_771' title='bbox 3782 4837 3835 4880; x_wconf 91' lang='lat' dir='ltr'><strong>et</strong></span> 
     </span>
    </p>
   </div>
   <div class='ocr_carea' id='block_1_110' title="bbox 2258 4977 3832 5051">
    <p class='ocr_par' dir='ltr' id='par_1_110' title="bbox 2258 4977 3832 5051">
     <span class='ocr_line' id='line_1_111' title="bbox 2258 4977 3832 5051; baseline 0.001 -17"><span class='ocrx_word' id='word_1_772' title='bbox 2258 4995 2416 5049; x_wconf 89' lang='lat' dir='ltr'><strong>quem</strong></span> <span class='ocrx_word' id='word_1_773' title='bbox 2447 4977 2606 5051; x_wconf 80' lang='lat' dir='ltr'><strong>modo</strong></span> <span class='ocrx_word' id='word_1_774' title='bbox 2655 4987 2839 5034; x_wconf 88' lang='lat' dir='ltr'><strong>tenent</strong></span> <span class='ocrx_word' id='word_1_775' title='bbox 2879 4977 3140 5051; x_wconf 74' lang='lat' dir='ltr'><strong>Nassovii</strong></span> <span class='ocrx_word' id='word_1_776' title='bbox 3177 4979 3681 5051; x_wconf 80' lang='lat' dir='ltr'><strong>Dillenburgenses,</strong></span> <span class='ocrx_word' id='word_1_777' title='bbox 3712 4977 3832 5035; x_wconf 81' lang='lat' dir='ltr'><strong>Die-</strong></span> 
     </span>
    </p>
   </div>
   <div class='ocr_carea' id='block_1_111' title="bbox 2259 5048 3495 5112">
    <p class='ocr_par' dir='ltr' id='par_1_111' title="bbox 2259 5048 3495 5112">
     <span class='ocr_line' id='line_1_112' title="bbox 2259 5048 3495 5112; baseline -0.001 -9"><span class='ocrx_word' id='word_1_778' title='bbox 2259 5048 2469 5112; x_wconf 69' lang='lat' dir='ltr'><strong>ienses,</strong></span> <span class='ocrx_word' id='word_1_779' title='bbox 2499 5048 3013 5104; x_wconf 76' lang='lat' dir='ltr'><strong>Caritnelibocenses</strong></span> <span class='ocrx_word' id='word_1_780' title='bbox 3041 5059 3095 5101; x_wconf 90' lang='lat' dir='ltr'><strong>et</strong></span> <span class='ocrx_word' id='word_1_781' title='bbox 3128 5048 3495 5104; x_wconf 75' lang='lat' dir='ltr'><strong>Itsteinetises.</strong></span> 
     </span>
    </p>
   </div>
   <div class='ocr_carea' id='block_1_112' title="bbox 2330 5118 3833 5186">
    <p class='ocr_par' dir='ltr' id='par_1_112' title="bbox 2330 5118 3833 5186">
     <span class='ocr_line' id='line_1_113' title="bbox 2330 5118 3833 5186; baseline 0 -13"><span class='ocrx_word' id='word_1_782' title='bbox 2330 5119 2354 5156; x_wconf 72' lang='grc' dir='ltr'>ά</span> <span class='ocrx_word' id='word_1_783' title='bbox 2398 5118 2500 5173; x_wconf 81' lang='lat' dir='ltr'><strong>Per</strong></span> <span class='ocrx_word' id='word_1_784' title='bbox 2527 5121 2637 5174; x_wconf 81' lang='lat' dir='ltr'><strong>loca</strong></span> <span class='ocrx_word' id='word_1_785' title='bbox 2666 5120 2990 5173; x_wconf 82' lang='lat' dir='ltr'><strong>denominata</strong></span> <span class='ocrx_word' id='word_1_786' title='bbox 3024 5119 3307 5186; x_wconf 70' lang='lat' dir='ltr'><strong>Nasongw,</strong></span> <span class='ocrx_word' id='word_1_787' title='bbox 3323 5130 3425 5174; x_wconf 88' lang='lat' dir='ltr'><strong>etc.</strong></span> <span class='ocrx_word' id='word_1_788' title='bbox 3475 5119 3551 5174; x_wconf 87' lang='lat' dir='ltr'><strong>Ex</strong></span> <span class='ocrx_word' id='word_1_789' title='bbox 3591 5119 3718 5174; x_wconf 86' lang='lat' dir='ltr'><strong>locis</strong></span> <span class='ocrx_word' id='word_1_790' title='bbox 3751 5119 3833 5173; x_wconf 86' lang='lat' dir='ltr'><strong>hic</strong></span> 
     </span>
    </p>
   </div>
   <div class='ocr_carea' id='block_1_113' title="bbox 2261 5189 3831 5258">
    <p class='ocr_par' dir='ltr' id='par_1_113' title="bbox 2261 5189 3831 5258">
     <span class='ocr_line' id='line_1_114' title="bbox 2261 5189 3831 5258; baseline 0 -16"><span class='ocrx_word' id='word_1_791' title='bbox 2261 5191 2548 5244; x_wconf 82' lang='lat' dir='ltr'><strong>nominatis</strong></span> <span class='ocrx_word' id='word_1_792' title='bbox 2599 5199 2720 5243; x_wconf 88' lang='lat' dir='ltr'><strong>nota</strong></span> <span class='ocrx_word' id='word_1_793' title='bbox 2770 5198 2894 5244; x_wconf 88' lang='lat' dir='ltr'><strong>sunt</strong></span> <span class='ocrx_word' id='word_1_794' title='bbox 2945 5189 3217 5258; x_wconf 71' lang='lat' dir='ltr'><strong>Nasmttga</strong></span> <span class='ocrx_word' id='word_1_795' title='bbox 3249 5229 3263 5248; x_wconf 83' lang='lat'><strong>,</strong></span> <span class='ocrx_word' id='word_1_796' title='bbox 3329 5191 3485 5244; x_wconf 82' lang='lat' dir='ltr'><strong>hodie</strong></span> <span class='ocrx_word' id='word_1_797' title='bbox 3533 5189 3714 5244; x_wconf 79' lang='lat' dir='ltr'><strong>Naﬁau</strong></span> <span class='ocrx_word' id='word_1_798' title='bbox 3768 5191 3831 5243; x_wconf 87' lang='lat' dir='ltr'><strong>ad</strong></span> 
     </span>
    </p>
   </div>
   <div class='ocr_carea' id='block_1_114' title="bbox 2260 5259 3835 5328">
    <p class='ocr_par' dir='ltr' id='par_1_114' title="bbox 2260 5259 3835 5328">
     <span class='ocr_line' id='line_1_115' title="bbox 2260 5259 3835 5328; baseline -0.002 -12"><span class='ocrx_word' id='word_1_799' title='bbox 2260 5260 2517 5316; x_wconf 84' lang='lat' dir='ltr'><strong>Lalinatn.</strong></span> <span class='ocrx_word' id='word_1_800' title='bbox 2583 5260 2883 5328; x_wconf 86' lang='lat' dir='ltr'><strong>Squalbaclt</strong></span> <span class='ocrx_word' id='word_1_801' title='bbox 2952 5274 3048 5314; x_wconf 87' lang='lat' dir='ltr'><strong>seu</strong></span> <span class='ocrx_word' id='word_1_802' title='bbox 3106 5259 3455 5314; x_wconf 68' lang='lat' dir='ltr'><strong>St-liwalbaih</strong></span> <span class='ocrx_word' id='word_1_803' title='bbox 3501 5261 3570 5312; x_wconf 92' lang='lat' dir='ltr'><strong>ab</strong></span> <span class='ocrx_word' id='word_1_804' title='bbox 3616 5259 3835 5314; x_wconf 83' lang='lat' dir='ltr'><strong>acidulis</strong></span> 
     </span>
    </p>
   </div>
   <div class='ocr_carea' id='block_1_115' title="bbox 2260 5329 3835 5402">
    <p class='ocr_par' dir='ltr' id='par_1_115' title="bbox 2260 5329 3835 5402">
     <span class='ocr_line' id='line_1_116' title="bbox 2260 5329 3835 5402; baseline -0.002 -17"><span class='ocrx_word' id='word_1_805' title='bbox 2260 5332 2596 5402; x_wconf 85' lang='lat' dir='ltr'><strong>notissimum</strong></span> <span class='ocrx_word' id='word_1_806' title='bbox 2620 5329 2943 5402; x_wconf 71' lang='lat' dir='ltr'><strong>,_Hering_:t_e_,</strong></span> <span class='ocrx_word' id='word_1_807' title='bbox 2969 5330 3124 5402; x_wconf 62' lang='lat' dir='ltr'><strong>aliis</strong></span> <span class='ocrx_word' id='word_1_808' title='bbox 3156 5331 3422 5398; x_wconf 86' lang='lat' dir='ltr'><strong>lleigrehe</strong></span> <span class='ocrx_word' id='word_1_809' title='bbox 3451 5345 3592 5384; x_wconf 91' lang='lat' dir='ltr'><strong>nunc</strong></span> <span class='ocrx_word' id='word_1_810' title='bbox 3632 5331 3835 5402; x_wconf 79' lang='lat' dir='ltr'><strong>llayger</strong></span> 
     </span>
    </p>
   </div>
   <div class='ocr_carea' id='block_1_116' title="bbox 2259 5398 3832 5470">
    <p class='ocr_par' dir='ltr' id='par_1_116' title="bbox 2259 5398 3832 5470">
     <span class='ocr_line' id='line_1_117' title="bbox 2259 5398 3832 5470; baseline -0.002 -15"><span class='ocrx_word' id='word_1_811' title='bbox 2259 5417 2420 5467; x_wconf 84' lang='lat' dir='ltr'><strong>supra</strong></span> <span class='ocrx_word' id='word_1_812' title='bbox 2465 5400 2806 5470; x_wconf 86' lang='lat' dir='ltr'><strong>Dillenburg;</strong></span> <span class='ocrx_word' id='word_1_813' title='bbox 2841 5398 3078 5455; x_wconf 44' lang='lat' dir='ltr'><strong>&#39;Willare</strong></span> <span class='ocrx_word' id='word_1_814' title='bbox 3099 5440 3120 5470; x_wconf 90' lang='lat'><strong>._</strong></span> <span class='ocrx_word' id='word_1_815' title='bbox 3144 5403 3285 5470; x_wconf 72' lang='lat' dir='ltr'><strong>quod</strong></span> <span class='ocrx_word' id='word_1_816' title='bbox 3328 5402 3494 5455; x_wconf 90' lang='lat' dir='ltr'><strong>etiam</strong></span> <span class='ocrx_word' id='word_1_817' title='bbox 3523 5398 3756 5470; x_wconf 64' lang='lat' dir='ltr'><strong>occurrit</strong></span> <span class='ocrx_word' id='word_1_818' title='bbox 3785 5401 3832 5453; x_wconf 91' lang='lat' dir='ltr'><strong>in</strong></span> 
     </span>
    </p>
   </div>
   <div class='ocr_carea' id='block_1_117' title="bbox 2267 5468 3835 5534">
    <p class='ocr_par' dir='ltr' id='par_1_117' title="bbox 2267 5468 3835 5534">
     <span class='ocr_line' id='line_1_118' title="bbox 2267 5468 3835 5534; baseline -0.002 -9"><span class='ocrx_word' id='word_1_819' title='bbox 2267 5473 2451 5525; x_wconf 84' lang='lat' dir='ltr'><strong>charta</strong></span> <span class='ocrx_word' id='word_1_820' title='bbox 2481 5468 2769 5525; x_wconf 74' lang='lat' dir='ltr'><strong>Waltradte</strong></span> <span class='ocrx_word' id='word_1_821' title='bbox 2795 5471 2864 5524; x_wconf 89' lang='lat' dir='ltr'><strong>de</strong></span> <span class='ocrx_word' id='word_1_822' title='bbox 2893 5486 3032 5524; x_wconf 87' lang='lat' dir='ltr'><strong>anno</strong></span> <span class='ocrx_word' id='word_1_823' title='bbox 3062 5468 3159 5524; x_wconf 74' lang='grc'><strong>821</strong></span> <span class='ocrx_word' id='word_1_824' title='bbox 3186 5513 3200 5533; x_wconf 86' lang='lat'><strong>,</strong></span> <span class='ocrx_word' id='word_1_825' title='bbox 3232 5472 3284 5524; x_wconf 92' lang='lat' dir='ltr'><strong>in</strong></span> <span class='ocrx_word' id='word_1_826' title='bbox 3313 5472 3476 5534; x_wconf 86' lang='lat' dir='ltr'><strong>Corp.</strong></span> <span class='ocrx_word' id='word_1_827' title='bbox 3512 5470 3698 5524; x_wconf 87' lang='lat' dir='ltr'><strong>Tradit</strong></span> <span class='ocrx_word' id='word_1_828' title='bbox 3725 5469 3835 5524; x_wconf 81' lang='lat' dir='ltr'><strong>Ful-</strong></span> 
     </span>
    </p>
   </div>
   <div class='ocr_carea' id='block_1_118' title="bbox 2259 5539 3833 5608">
    <p class='ocr_par' dir='ltr' id='par_1_118' title="bbox 2259 5539 3833 5608">
     <span class='ocr_line' id='line_1_119' title="bbox 2259 5539 3833 5608; baseline 0 -14"><span class='ocrx_word' id='word_1_829' title='bbox 2259 5544 2382 5594; x_wconf 76' lang='lat' dir='ltr'><strong>dett.</strong></span> <span class='ocrx_word' id='word_1_830' title='bbox 2417 5556 2468 5608; x_wconf 87' lang='lat' dir='ltr'><strong>p.</strong></span> <span class='ocrx_word' id='word_1_831' title='bbox 2505 5540 2624 5603; x_wconf 68' lang='grc'><strong>154,</strong></span> <span class='ocrx_word' id='word_1_832' title='bbox 2651 5541 2831 5596; x_wconf 77' lang='lat' dir='ltr'><strong>forsan</strong></span> <span class='ocrx_word' id='word_1_833' title='bbox 2857 5540 2996 5596; x_wconf 81' lang='lat' dir='ltr'><strong>Weil</strong></span> <span class='ocrx_word' id='word_1_834' title='bbox 3025 5540 3091 5594; x_wconf 89' lang='lat' dir='ltr'><strong>ad</strong></span> <span class='ocrx_word' id='word_1_835' title='bbox 3124 5539 3394 5594; x_wconf 78' lang='lat' dir='ltr'><strong>ﬂttviolttttt</strong></span> <span class='ocrx_word' id='word_1_836' title='bbox 3424 5539 3680 5595; x_wconf 74' lang='lat' dir='ltr'><strong>Willtiant</strong></span> <span class='ocrx_word' id='word_1_837' title='bbox 3705 5543 3833 5594; x_wconf 64' lang='lat' dir='ltr'><strong>intra</strong></span> 
     </span>
    </p>
   </div>
   <div class='ocr_carea' id='block_1_119' title="bbox 2260 5610 3836 5736">
    <p class='ocr_par' dir='ltr' id='par_1_119' title="bbox 2260 5610 3836 5736">
     <span class='ocr_line' id='line_1_120' title="bbox 2260 5610 3836 5736; baseline 0.003 -74"><span class='ocrx_word' id='word_1_838' title='bbox 2260 5611 2668 5736; x_wconf 57' lang='lat' dir='ltr'><strong>geifenbergam</strong></span> <span class='ocrx_word' id='word_1_839' title='bbox 2696 5651 2713 5679; x_wconf 92' lang='lat'><strong>,</strong></span> <span class='ocrx_word' id='word_1_840' title='bbox 2765 5611 3052 5680; x_wconf 85' lang='lat' dir='ltr'><strong>Larbeim,</strong></span> <span class='ocrx_word' id='word_1_841' title='bbox 3112 5612 3251 5667; x_wconf 87' lang='lat' dir='ltr'><strong>inter</strong></span> <span class='ocrx_word' id='word_1_842' title='bbox 3296 5610 3738 5668; x_wconf 83' lang='lat' dir='ltr'><strong>Catimelibocum</strong></span> <span class='ocrx_word' id='word_1_843' title='bbox 3784 5624 3836 5667; x_wconf 84' lang='lat' dir='ltr'><strong>et</strong></span> 
     </span>
     <span class='ocr_line' id='line_1_121' title="bbox 2308 5696 2516 5736; baseline -0.005 0"><span class='ocrx_word' id='word_1_844' title='bbox 2308 5696 2516 5736; x_wconf 69' lang='lat' dir='ltr'><strong>tenam.</strong></span> 
     </span>
    </p>
   </div>
   <div class='ocr_carea' id='block_1_120' title="bbox 2308 5696 2516 5737">
    <p class='ocr_par' dir='ltr' id='par_1_120' title="bbox 2308 5696 2516 5737">
     <span class='ocr_line' id='line_1_122' title="bbox 2308 5696 2516 5737; baseline -0.01 0"><span class='ocrx_word' id='word_1_845' title='bbox 2308 5696 2516 5737; x_wconf 70' lang='lat' dir='ltr'><strong>tenam.</strong></span> 
     </span>
    </p>
   </div>
  </div>
