4034 6182
269 297 437 357 4065
526 293 758 354 CODEX
800 285 1315 350 DlPLOMATlCUS.
1351 314 1426 330 —
1459 278 1869 341 PRIVILEGIA.

1972 307 1986 323 -
2022 278 2109 336 ιιι.
2152 279 2394 337 PRlVlL.
2439 276 2568 333 PER
2609 250 2878 334 pannis
2915 277 3320 336 GERMANIAJ.
3413 274 3550 335 meo

279 415 492 470 Villare
513 451 531 478 ,
589 424 685 465 seu
737 409 788 464 in
830 400 1154 470 Theodissa,
1196 403 1280 458 vel
1327 403 1380 457 in
1433 395 1864 463 Abothisscbeid,
1896 396 1946 455 Δ
1971 393 2266 452 Saluatoris
2294 396 2429 454 infra
2459 397 2686 453 waldam
2716 406 2983 465 nostram,
3016 396 3070 453 in
3095 398 3214 454 loco
3241 399 3330 468 qui
3360 399 3554 456 dicitur

289 513 455 574 atque
480 502 763 565 Larheim;
804 509 857 556 et
886 513 1046 568 super
1077 497 1310 552 Hrenum
1341 489 1636 570 [Rhenum]
1670 489 1862 560 portio-

284 611 451 660 nem,
497 594 639 647 sicut
679 590 1027 661 suprascripli
1079 587 1224 642 missi
1270 585 1439 641 nostri
1494 592 1641 638 recto
1679 580 1871 635 ordine

281 698 450 751 super
485 682 596 751 jam
645 681 850 736 dictum
895 677 1156 748 Alpadum
1195 676 1262 730 ad
1306 688 1440 745 opus
1487 681 1727 727 nostrum
1771 670 1868 724 visi

278 784 412 830 sunt
453 774 812 839 evindicasse,
835 779 941 824 tam
975 769 1163 834 terris,
1192 767 1458 830 domibus,
1490 763 1749 828 aedificiis,
1782 775 1871 816 ac-

279 868 510 924 colabus
535 910 551 936 ,
598 864 876 932 mancipiis
901 902 917 928 ,
949 857 1117 914 vineis
1145 898 1161 924 ,
1206 857 1430 927 campis,
1466 854 1646 919 silvis,
1680 852 1866 921 pratis,

277 956 520 1026 pascuis,
568 955 742 1024 aquis,
794 965 1122 1022 aquarumve
1166 947 1502 1012 decursibus,
1551 943 1783 1008 mobile,
1814 951 1869 996 et

277 1047 562 1106 immobile
591 1057 759 1104 totum
781 1085 796 1110 ,
829 1055 882 1098 et
912 1043 976 1096 ad
1008 1043 1270 1111 integrum
1293 1079 1309 1106 ,
1339 1039 1404 1093 ad
1436 1036 1712 1107 prtel'atum
1745 1048 1862 1089 mo-

278 1143 580 1199 nasterium
611 1140 664 1192 in
691 1139 1034 1206 eleemosyna
1063 1142 1241 1187 nostra
1261 1132 1380 1201 jure
1411 1128 1716 1184 firmissimo
1747 1141 1868 1195 per-

278 1233 463 1302 petuis
516 1227 852 1298 temporibus
913 1225 979 1278 ad
1045 1221 1421 1292 possidendum
1471 1217 1862 1275 concessimus.

275 1327 618 1395 Quapmpter
685 1335 779 1389 per
845 1323 1162 1387 praesentem
1211 1313 1580 1368 auctoritatem
1628 1317 1864 1364 nostram

275 1416 642 1478 decernimus,
668 1427 730 1464 ac
753 1409 1034 1479 iubemus,
1073 1404 1212 1476 quod
1241 1400 1617 1473 perpetualiter
1644 1414 1865 1454 mansu-

280 1521 401 1561 rum
447 1518 570 1560 esse
615 1502 904 1564 volumus,
944 1507 1000 1553 ut
1050 1505 1377 1552 memoratus
1419 1494 1500 1548 vir
1539 1489 1859 1547 venerabilis

286 1595 547 1652 Asoarius
595 1593 735 1646 abba
779 1590 970 1660 suique
996 1599 1338 1644 successores
1363 1623 1379 1650 ,
1419 1583 1510 1654 qui
1541 1581 1740 1636 fuerint
1769 1595 1864 1650 per

287 1698 529 1756 tempora
582 1692 820 1738 rectores
867 1678 1174 1735 monasterii
1214 1675 1384 1731 sancti
1435 1672 1743 1739 Salvatoris,
1773 1686 1861 1726 su-

1977 487 2264 553 Chremifa,
2297 489 2348 544 in
2391 503 2525 560 pago
2553 499 2857 558 nnncupato
2882 489 3198 559 Traungaev,
3229 504 3368 546 novo
3392 506 3558 560 opere

1973 589 2284 637 construere
2323 582 2558 647 fecisset,
2603 591 2760 649 atque
2807 598 2900 651 per
2928 583 3220 637 chartulam
3248 583 3552 640 donationis

1973 673 2088 727 loca
2117 675 2291 743 aliqua
2319 675 2385 728 ad
2429 675 2598 744 ipsum
2628 685 2869 730 sanctum
2900 675 3072 730 locum
3101 679 3460 732 concessisset
3497 679 3550 732 in

1971 765 2277 832 supradicto
2307 780 2458 834 pago,
2483 767 2565 821 vel
2591 766 2724 820 infra
2754 778 3100 824 memoratam
3123 770 3373 836 waldam,
3399 773 3448 825 id
3467 781 3552 828 est

1971 854 2254 922 Sulzpach,
2285 863 2340 911 et
2367 857 2631 927 Syppach,
2663 856 3048 928 Liubilinpach,
3091 869 3146 916 et
3184 861 3436 932 quidquid
3469 862 3552 918 in-

1971 955 2052 999 ter
2078 946 2184 1000 duo
2222 947 2464 1012 flumina,
2504 964 2621 1018 qua:
2664 959 2924 1006 vocantur
2965 952 3106 1022 lpfte,
3138 968 3259 1008 esse
3284 955 3554 1018 cernitur;

1972 1051 2073 1090 nec
2098 1052 2204 1090 non
2234 1039 2507 1093 decaniatn
2552 1055 2709 1093 unam
2739 1041 2802 1095 de
2832 1040 2938 1096 illis
2965 1043 3190 1108 sclavis,
3221 1059 3384 1111 super
3419 1060 3557 1115 quos

1969 1125 2183 1183 fuerunt
2221 1139 2430 1184 actores
2458 1130 2648 1186 ’l‘aliub
2689 1141 2748 1188 et
2789 1134 3052 1204 Sparuna,
3102 1150 3202 1191 nec
3248 1153 3352 1191 non
3399 1152 3556 1193 secus

1969 1218 2188 1272 fluvium
2218 1221 2305 1288 qui
2333 1220 2530 1276 dicitur
2557 1223 2820 1292 Tndicha,
2852 1225 3062 1296 triginta
3094 1229 3326 1293 sclavos,
3366 1238 3422 1283 ct
3447 1238 3556 1284 ter-

1969 1310 2237 1378 ritorium,
2287 1313 2423 1368 sicut
2463 1313 2530 1368 ad
2575 1318 2931 1383 supradictam
2973 1318 3248 1373 decaniatn
3295 1322 3552 1388 pertinet,

1967 1397 2132 1453 veluti
2181 1399 2387 1473 Physso
2435 1405 2755 1472 conjuravit,
2807 1417 2860 1460 et
2912 1413 3054 1462 Arno
3102 1410 3406 1480 episciipus,
3457 1426 3554 1467 seu

1970 1490 2127 1545 Fater
2151 1492 2314 1548 abbas
2339 1495 2496 1549 simul
2525 1511 2644 1551 cum
2674 1497 2907 1554 ﬂleudro
2930 1501 3123 1556 comite
3145 1515 3194 1558 et
3219 1502 3550 1560 Chnniberto

1962 1579 2142 1648 judice
2187 1583 2530 1651 circuierunt,
2577 1588 2793 1656 insu;:er
2836 1592 2996 1646 etiam
3051 1602 3241 1648 terrain
3290 1597 3432 1650 illam
3481 1599 3551 1653 ad

1970 1672 2259 1726 'I‘odicham
2290 1683 2343 1728 et
2372 1674 2698 1743 Sirnicbam,
2728 1694 2885 1747 quam
2916 1680 2990 1736 illi
3020 1683 3152 1737 slavi
3192 1686 3310 1740 sine
3338 1687 3551 1743 licentia

283 1763 615 1846 prascriptis'
642 1775 802 1829 rebus
839 1787 960 1828 cum
998 1770 1143 1825 omni
1181 1768 1518 1838 integritate,
1546 1766 1683 1820 sicut
1703 1777 1863 1833 supra
1897 1765 1944 1825 Β
1971 1761 2301 1821 Thassilonis
2344 1765 2497 1820 ducis
2544 1768 2926 1837 stirpaverunt.
2971 1771 3231 1827 Similiter
3269 1786 3321 1828 et
3364 1777 3414 1830 in
3448 1778 3555 1832 alio

282 1870 732 1931 memoravimus,
767 1866 833 1918 ad
869 1873 1072 1935 partem
1105 1861 1273 1931 ipsius
1301 1859 1471 1915 sancti
1503 1857 1605 1911 loci
1643 1855 1863 1920 nostris,

286 1960 403 2016 Deo
430 1958 702 2027 hanspice,
736 1955 1034 2025 futurisque
1065 1951 1394 2020 temporibus
1419 1957 1664 2015 teneant,
1705 1955 1869 2017 atque

282 2050 641 2120 possideant;
674 2059 726 2102 et
755 2047 928 2100 nullus
957 2043 1208 2114 quislibet
1235 2042 1302 2099 de
1325 2040 1594 2108 fidelibus,
1619 2047 1711 2093 aut
1741 2051 1866 2091 suc-

281 2144 596 2199 cessorihus
639 2140 787 2211 regni
835 2139 1000 2193 nostri
1028 2179 1044 2205 ,
1073 2146 1290 2208 agentes
1324 2135 1491 2204 ipsius
1531 2129 1865 2192 monasterii,

283 2233 358 2288 de
399 2231 723 2302 praescriptis
763 2232 922 2284 rebus
959 2228 1188 2298 aliquam
1229 2225 1548 2280 calumniam
1587 2234 1866 2292 generare,

280 2333 382 2379 aut
427 2321 894 2386 diminorationem
958 2319 1138 2373 facere
1186 2317 1297 2371 ullo
1347 2329 1580 2384 unquam
1627 2321 1868 2378 tempore

279 2423 684 2482 [ir-assumatur:
729 2411 824 2464 sed
874 2419 932 2464 ut
983 2409 1174 2464 melius
1224 2406 1455 2462 delectet
1492 2404 1637 2472 ipsos
1677 2416 1869 2458 servos

280 2510 428 2571 Dei,
472 2508 559 2577 qui
592 2505 788 2561 ibidem
824 2506 931 2559 Deo
967 2502 1224 2558 famulare
1252 2499 1521 2562 videntur,
1553 2512 1650 2566 pro
1689 2495 1865 2564 nobis,

283 2598 605 2667 uxorisque,
629 2611 692 2650 ac
724 2595 929 2661 liberis,
958 2608 1050 2648 seu
1076 2607 1172 2662 pro
1201 2589 1486 2646 stabilitate
1515 2585 1665 2656 regni
1696 2584 1867 2638 nostri

284 2690 543 2744 attentius
584 2687 793 2742 Domini
835 2684 1252 2740 misericordiam
1286 2695 1516 2736 exorare
1551 2695 1563 2730 :
1599 2679 1698 2732 hoc
1727 2673 1868 2746 quod

281 2794 475 2838 nostro
521 2782 817 2854 largitionis
869 2793 1091 2834 munere
1143 2791 1238 2847 pro
1276 2785 1473 2831 (eterna
1517 2770 1870 2846 retributione

278 2878 352 2932 ad
385 2877 733 2946 smpedictum
788 2872 1174 2929 monasterium
1223 2867 1436 2936 Domini
1469 2863 1759 2922 Salvatoris
1786 2861 1871 2916 in-

279 2963 551 3020 dulsimus
600 2979 697 3033 per
733 2962 835 3016 hoc
875 2971 1071 3016 nostra:
1100 2957 1404 3014 serenitatis
1430 2961 1753 3026 praicepturl
1785 2958 1870 3006 at-

1973 1853 2112 1919 loco,
2145 1855 2232 1924 qui
2265 1857 2459 1912 dicitur
2489 1858 2790 1929 Eporestal,
2822 1872 3015 1918 terram
3049 1867 3214 1929 illam,
3245 1884 3364 1934 qua:
3394 1869 3555 1925 simili

1970 1943 2129 1998 modo
2155 1946 2357 2014 absque
2386 1946 2596 2003 licentia
2624 1948 2957 2006 Thassilonis
2985 1953 3080 2008 fuit
3118 1959 3360 2025 stirpata,
3390 1975 3548 2027 quam

1967 2032 2291 2089 circuierunt
2318 2035 2433 2104 ejus
2466 2037 2612 2092 missi
2652 2038 2911 2105 Saluhbo,
2941 2051 2994 2097 et
3022 2043 3252 2112 Wanilo,
3294 2059 3345 2100 et
3377 2047 3549 2102 Gaer-

1970 2122 2169 2177 bertns.
2195 2124 2449 2181 llomines
2473 2137 2647 2183 tamen
2674 2129 2727 2182 in
2753 2129 2869 2199 ipso
2893 2132 3170 2201 Eporestal
3201 2150 3358 2205 supra
3383 2141 3547 2207 ipsam

1971 2225 2162 2271 terram
2192 2233 2613 2289 commanentes,
2653 2225 2697 2278 si
2740 2225 3003 2282 voluerint
3028 2229 3134 2295 jam
3163 2230 3322 2284 fatam
3350 2241 3546 2288 terram

1969 2315 2152 2361 tenere
2182 2309 2246 2362 ad
2279 2313 2618 2366 serviendum
2649 2327 3082 2373 commemoratae
3114 2335 3252 2376 casae
3299 2322 3424 2388 Dei,
3470 2333 3554 2380 te-

1969 2409 2157 2466 neant;
2183 2401 2226 2455 si
2254 2417 2381 2456 vero
2408 2404 2689 2470 voluerint,
2712 2407 2862 2463 liberi
2885 2408 3181 2469 discedant.
3215 2414 3363 2469 Dedit
3384 2416 3545 2470 etiam

1969 2491 2034 2544 ad
2068 2493 2366 2561 Petenpach
2398 2494 2465 2549 de
2505 2495 2594 2550 illa
2639 2499 2856 2554 fontana
2899 2517 3065 2571 usque
3093 2504 3158 2557 ad
3203 2506 3416 2559 fluvium
3459 2509 3554 2578 qui

1967 2581 2166 2637 dicitur
2208 2585 2421 2655 Albina,
2477 2588 2616 2644 sicut
2660 2591 2751 2645 ille
2797 2592 3038 2650 Thassilo
3083 2597 3446 2666 consignavit,
3495 2611 3550 2656 et

1970 2672 2093 2728 inde
2121 2689 2288 2743 usque
2316 2679 2380 2731 ad
2415 2682 2597 2750 Alpes,
2646 2683 2732 2735 ubi
2762 2683 2839 2738 eis
2869 2693 3137 2754 pasturatu
3165 2701 3505 2747 concesserat
3533 2709 3552 2749 ε

1969 2763 2212 2820 similiter
2237 2779 2292 2823 et
2320 2769 2498 2822 villam
2533 2784 2889 2841 nuncupatam
2933 2776 3232 2844 Alinchofa,
3266 2794 3387 2834 cum
3418 2780 3556 2836 inte-

1966 2855 2160 2925 gritate
2185 2873 2289 2912 una
2317 2873 2438 2913 cum
2465 2863 2793 2930 appendiciis
2816 2867 2897 2920 vel
2918 2866 3230 2936 adjacentiis
3256 2871 3384 2938 suis,
3410 2881 3465 2926 et
3483 2873 3553 2928 ad

1969 2948 2200 3004 Albarch
2233 2952 2491 3020 capellam
2539 2955 2591 3008 in
2623 2955 2826 3012 honore
2856 2960 3027 3014 sancti
3058 2960 3264 3015 Martini
3306 2974 3556 3018 constru-

280 3071 394 3125 que
429 3053 854 3109 confirmationis
903 3051 1123 3118 donum,
1155 3047 1370 3104 Christo
1415 3045 1667 3116 protiitio,
1705 3042 1758 3098 in
1785 3042 1868 3096 lu-
1897 3111 1940 3125 _
1968 3049 2144 3110 ctam,
2172 3057 2292 3098 cum
2322 3046 2483 3100 rebus
2511 3046 2638 3103 illuc
2669 3051 3076 3118 pertinentibus,
3112 3063 3164 3108 et
3193 3055 3256 3108 ad
3291 3056 3554 3124 Sulzpach

283 3111 586 3202 minatibus
633 3145 801 3216 ipsius
845 3142 1110 3207 ecclesias,
1160 3155 1253 3196 seu
1297 3137 1561 3208 stipendia
1583 3148 1865 3191 servorum
1890 3111 1942 3178 (ἶ
1972 3134 2130 3188 aliam
2159 3135 2440 3191 ecclesiam
2469 3153 2589 3193 cum
2621 3143 2866 3196 omnibus
2893 3144 2957 3197 ad
2988 3159 3106 3199 eam
3139 3148 3550 3214 pertinentibus,

285 3237 405 3300 Dei,
437 3235 704 3305 perpetuis
735 3234 1066 3302 temporibus
1091 3229 1332 3299 proficiat
1361 3229 1412 3282 in
1443 3224 1768 3297 augmenlis.

367 3329 431 3380 Et
477 3337 535 3380 ut
583 3327 697 3380 hate
743 3324 1038 3380 auctoritas
1084 3321 1286 3376 firmior
1327 3319 1605 3383 habeatur,
1659 3316 1739 3372 vel
1774 3328 1869 3386 per

285 3427 555 3488 tempora,
601 3417 826 3472 Domino
885 3414 1199 3478 auxiliante,
1242 3411 1434 3467 melius
1498 3415 1867 3473 conservetur,

295 3522 454 3560 manu
485 3507 694 3574 propria
734 3504 1283 3568 subterfirmavimus,
1315 3509 1370 3556 et
1399 3499 1466 3555 de
1494 3499 1654 3554 anulo
1685 3506 1870 3554 nostro

292 3599 518 3667 sigillari
546 3597 824 3666 jussimus.
885 3597 944 3650 Et
975 3595 1116 3664 quod
1147 3609 1305 3672 supra
1337 3593 1586 3647 intimare
1610 3590 1872 3647 debuera-

293 3703 434 3751 nius,
469 3702 683 3742 omnem
725 3688 894 3756 legem
916 3730 929 3750 ,
963 3698 1015 3741 et
1053 3685 1518 3755 compositionem,
1542 3697 1700 3754 quam
1733 3696 1871 3753 prae-

287 3778 465 3833 dictus
516 3777 682 3846 Alpad
733 3791 828 3846 pro
885 3776 1014 3844 ipsis
1068 3775 1225 3829 rebus
1275 3774 1486 3829 solvere
1538 3773 1752 3842 debuit,
1803 3770 1870 3826 ad

287 3872 462 3940 ipsum
487 3879 730 3925 sanctum
747 3870 934 3924 locum
971 3867 1404 3938 perdonavimus.

363 3962 581 4030 Signum
609 3961 780 4016 Caroli
803 3961 1020 4030 gloriosi
1053 3958 1211 4027 regis.
1260 3954 1566 4011 Ercambolt
1592 3953 1659 4008 ad
1697 3953 1868 4008 vicem

290 4053 530 4109 Badonis
561 4053 893 4121 recognovit.

368 4145 497 4198 Data
525 4159 559 4199 v
583 4144 698 4198 idus
729 4142 902 4210 Junii,
936 4157 1078 4196 anno
1107 4156 1218 4196 xxtt
1249 4151 1302 4195 et
1329 4155 1434 4193 xvu
1463 4139 1609 4209 regni
1643 4137 1834 4192 nostri.

369 4237 558 4290 Actum
590 4233 855 4305 Mogontia
881 4233 1132 4296 civitate,
1164 4233 1215 4287 in
1245 4229 1340 4286 Dei
1375 4230 1588 4285 nomine
1627 4227 1870 4283 feliciter.

294 4327 487 4381 Amen.

1003 4412 1163 4468 XVII.

296 4525 630 4598 Privilegium
670 4525 844 4581 Caroli
886 4524 1085 4598 Magni,
1133 4523 1576 4598 promonaslerio
1617 4520 1874 4592 Cremifa-

836 4592 1163 4664 nemﬂatmo
1190 4592 1340 4663 79!).

486 4708 579 4770 (Ex
604 4707 990 4772 Bettenpacher,
1019 4705 1236 4756 Annales
1259 4705 1692 4769 Cremifauenses.)

367 4812 592 4869 Carolus
626 4814 715 4868 Dei
748 4814 914 4883 gratia
943 4827 1035 4868 rex
1066 4811 1392 4867 Francorum
1421 4822 1474 4866 et
1505 4810 1878 4881 Langobardo-

292 4916 433 4969 rum,
469 4911 524 4957 et
551 4902 808 4972 patricius
835 4901 1216 4956 Romanorum.
1243 4901 1296 4956 Si
1327 4901 1672 4968 petitionibus
1697 4915 1879 4954 sacer-

290 4992 474 5047 dotum
521 4995 602 5049 vel
652 5010 927 5049 servorum
987 4995 1116 5058 Dei,
1169 4994 1222 5048 in
1265 5009 1371 5062 quo
1418 4994 1614 5048 nostris
1662 4993 1880 5047 auribus

292 5085 488 5141 fuerint
533 5087 773 5156 prolatae,
823 5087 1049 5142 libenter
1077 5086 1416 5152 obaudimus,
1460 5096 1514 5140 et
1557 5099 1647 5139 eas
1689 5085 1743 5138 in
1788 5084 1879 5139 Dei

293 5180 508 5236 nomine
547 5181 611 5234 ad
648 5180 895 5237 effectum
938 5179 1298 5249 perducimus,
1343 5179 1544 5247 regiam
1586 5188 1878 5231 consuetu-

290 5272 468 5326 dinem
515 5286 856 5337 exercemus,
905 5281 957 5326 et
1007 5270 1106 5322 hoc
1153 5268 1306 5323 nobis
1345 5268 1409 5321 ad
1454 5267 1758 5321 mercedem
1791 5268 1876 5322 vel

292 5363 643 5418 stabilitatem
673 5362 822 5431 regni
852 5361 1016 5416 nostri
1050 5362 1316 5430 pertinere
1343 5357 1680 5411 confidimus.
1715 5357 1882 5428 igitur

291 5465 476 5508 notum
519 5455 590 5511 sit
619 5454 868 5509 omnibus
907 5453 1150 5508 fidelibus
1183 5453 1400 5519 nostris,
1449 5453 1798 5520 prtesentibus
1824 5460 1882 5506 et

293 5545 507 5614 futuris,
537 5548 766 5616 qualiter
798 5548 875 5601 vir
903 5546 1221 5601 venerabilis
1265 5545 1422 5599 Fater
1445 5543 1610 5598 abbas
1640 5545 1879 5599 clemen-

296 5641 379 5691 tiae
413 5639 559 5708 regni
601 5639 767 5692 nostri
806 5637 1103 5707 suggessit,
1138 5652 1201 5690 eo
1227 5637 1364 5706 quod
1394 5636 1639 5690 Thassilo
1668 5637 1864 5690 dndum

301 5727 686 5786 Waioariorum
741 5729 842 5782 (lux
905 5731 1280 5783 monasterium
1339 5731 1388 5783 in
1449 5731 1648 5786 honore
1703 5732 1873 5786 sancti

582 5824 850 5882 ΡΑτιιοι..
899 5820 1122 5882 XCVII

1967 3232 2022 3278 et
2050 3222 2114 3277 ad
2142 3224 2438 3280 Nordfilusa
2465 3229 2674 3283 tertiam
2698 3229 2984 3286 ecclesiam
3008 3248 3127 3287 cum
3159 3235 3314 3288 rebus
3340 3238 3405 3290 atl
3431 3250 3551 3290 eam

1970 3313 2360 3382 pertinentibus
2385 3316 2436 3370 in
2459 3316 2781 3388 Tonabgam.
2812 3319 2866 3374 ln
2889 3323 3249 3390 suprascripto
3273 3340 3399 3380 vero
3421 3342 3556 3396 pago

1971 3404 2232 3474 Drungaae
2283 3406 2335 3461 in
2392 3407 2511 3463 loco
2557 3410 2646 3478 qui
2695 3421 3030 3481 nuncupatur
3083 3415 3328 3470 Aschaha
3377 3418 3559 3472 vineas

1969 3495 2123 3560 duas,
2156 3511 2275 3551 cum
2315 3499 2668 3556 viniatoribus
2707 3501 2937 3565 duobus,
2974 3513 3029 3560 et
3067 3506 3120 3560 in
3161 3505 3266 3560 alio
3313 3507 3433 3561 loco
3469 3509 3561 3576 qui

1969 3588 2160 3642 dicitur
2188 3589 2431 3656 Raotola,
2460 3590 2645 3647 vineas
2686 3599 2796 3648 tres
2825 3608 2946 3649 cum
2988 3595 3158 3652 tribus
3184 3597 3558 3664 viniatoribus,

1953 3695 2070 3734 ~nec
2112 3695 2216 3734 non
2261 3680 2555 3750 piscatores
2593 3682 2749 3752 duos,
2785 3693 2840 3740 et
2878 3685 3099 3756 insuper
3138 3687 3274 3742 alios
3317 3691 3563 3744 homines

1971 3770 2124 3836 duos,
2156 3772 2244 3838 qui
2276 3787 2405 3841 apes
2435 3773 2740 3843 provident,
2773 3784 2826 3829 et
2855 3776 3030 3830 fabros
3059 3792 3174 3832 sex.
3223 3777 3348 3832 Haec
3382 3777 3560 3834 omnia

1973 3867 2329 3934 suprascripta
2358 3869 2550 3920 asserit
2593 3880 2653 3922 se
2694 3868 2947 3936 prcfatus
2977 3869 3137 3925 Fater
3161 3872 3326 3928 abbas
3350 3873 3418 3929 ad
3449 3889 3564 3943 par-

1977 3963 2082 4008 tem
2131 3957 2381 4010 antedicti
2432 3959 2742 4014 monasterii
2790 3958 2970 4029 quieto
3021 3963 3208 4018 ordine
3254 3973 3457 4030 tenere,
3508 3977 3565 4022 et

1976 4047 2266 4113 possidere,
2301 4047 2395 4101 sed
2427 4049 2550 4116 quia
2577 4047 2687 4116 jam
2719 4049 2955 4118 pra-dicti
2988 4050 3317 4107 Thassilonis
3348 4054 3564 4109 traditio

1977 4136 2151 4201 firma,
2181 4146 2236 4191 et
2277 4137 2394 4193 stab
2417 4140 2482 4193 lis
2512 4140 2731 4195 minime
2761 4150 2966 4210 poterat
3000 4157 3332 4214 permanere,
3363 4145 3565 4200 idcirco

1978 4228 2127 4296 petiit
2157 4243 2185 4281 a
2207 4230 2498 4284 serenitate
2529 4239 2732 4297 nostra,
2761 4242 2819 4288 ut
2840 4233 3014 4287 denuo
3038 4235 3089 4288 in
3125 4243 3304 4289 nostra
3327 4235 3564 4290 eleemo-

1977 4335 2107 4389 syna
2140 4335 2234 4388 per
2262 4333 2497 4376 no=tram
2530 4325 2903 4381 auctoritatem
2934 4326 3141 4395 plenius
3179 4327 3282 4382 hoc
3309 4329 3450 4384 circa
3484 4329 3564 4398 ip-

1903 4453 1957 4512 D
1983 4427 2098 4465 sum
2130 4422 2369 4466 sanctum
2405 4414 2575 4468 locum
2607 4414 2834 4482 cedere,
2869 4425 3026 4486 atque
3056 4419 3374 4475 confirmare
3400 4420 3563 4475 debe-

1984 4517 2185 4566 remus,
2214 4501 2366 4556 sicuti
2391 4514 2445 4558 et
2473 4504 2714 4558 fecimus.
2743 4505 3119 4575 Prascipientes
3139 4522 3266 4579 ergo
3286 4509 3562 4580 jubemus,

1982 4603 2041 4646 ut
2069 4595 2300 4662 lﬂSpCCla
2331 4593 2442 4662 ipsa
2477 4595 2758 4650 traditione
2787 4597 3100 4669 Tassilonis,
3141 4601 3280 4656 sicut
3321 4617 3416 4671 per
3441 4619 3560 4658 eam

1981 4684 2301 4751 declaratur,
2337 4686 2406 4739 ita
2439 4685 2688 4756 deinceps
2717 4688 2892 4744 valeat
2931 4692 3250 4760 sazpedictus
3280 4693 3441 4750 Fater
3469 4695 3565 4749 ab-

1983 4775 2076 4828 bas
2116 4779 2302 4843 suique
2343 4791 2704 4845 successores,
2745 4779 2832 4850 qui
2879 4769 3077 4838 fuerint
3118 4793 3356 4840 rectores
3396 4785 3562 4853 ipsius

1983 4867 2294 4920 monasterii
2325 4868 2492 4922 sancti
2519 4867 2832 4936 Salvatoris,
2865 4885 2959 4939 per
2986 4872 3087 4925 ltoc
3127 4883 3320 4927 nostra:
3358 4888 3562 4929 εει-ειη-

1982 4963 2106 5016 tatis
2153 4974 2495 5030 praeceptum,
2538 4974 2697 5033 atque
2737 4964 3159 5019 confirmationis
3199 4965 3396 5021 donum
3439 4981 3560 5021 cum

1981 5057 2122 5108 omni
2166 5056 2466 5123 integritate
2504 5056 2706 5122 absque
2745 5057 2902 5108 ullius
2945 5055 3348 5127 impedimento,
3380 5058 3564 5128 quieto

1985 5149 2194 5202 tramite
2240 5158 2422 5203 tenere
2465 5157 2518 5201 et
2557 5146 2860 5215 possidere,
2906 5158 3169 5216 quatenus
3209 5153 3405 5208 nostris
3447 5153 3563 5209 sive

1985 5242 2176 5296 futuris
2216 5241 2560 5310 temporibus,
2603 5255 2702 5309 pro
2741 5242 3007 5297 mercedis
3046 5253 3244 5298 nostra:
3275 5256 3565 5316 augmento

1983 5336 2049 5389 ad
2079 5337 2244 5404 ipsam
2267 5348 2443 5389 casam
2473 5333 2562 5387 Dei
2596 5335 2902 5400 perenniter
2927 5335 3204 5403 proﬁciant
3229 5337 3280 5392 in
3310 5352 3568 5407 augmen-

1985 5434 2074 5487 tis.
2119 5431 2185 5485 Et
2212 5440 2266 5483 ut
2305 5429 2418 5483 hzcc
2445 5431 2732 5485 auctoritas
2777 5432 2980 5486 firmior
3023 5432 3299 5502 habeatur,
3345 5436 3427 5490 vel
3468 5451 3565 5508 per

1989 5534 2224 5590 tempora
2255 5518 2466 5574 Christo
2507 5521 2734 5589 propitio
2779 5522 2967 5577 melius
3003 5535 3368 5590 conservetur,
3404 5541 3565 5582 manu

1988 5612 2196 5682 propria
2226 5610 2408 5664 subter
2436 5609 2780 5678 firmavimus,
2811 5623 2867 5666 et
2890 5611 2958 5666 de
2983 5614 3178 5666 annulo
3203 5625 3387 5668 nostro
3413 5617 3562 5685 sigil-

1989 5705 2085 5759 lari
2110 5699 2386 5772 jussimus.
2424 5701 2638 5770 Signum
2669 5701 2842 5757 Caroli
2867 5701 3232 5772 g'oriosissinii
3261 5708 3419 5776 regis.

3052 5817 3131 5878 3h
