4034 6182
459 290 598 347 10ϐ7

1338 289 1397 345 Β.
1434 287 1683 346 CAROLI
1725 287 1938 346 MAG-Nl
1977 288 2127 344 ΟΡΡ.
2173 289 2346 347 PARS
2385 291 2428 346 I.
2471 292 2712 349 SECTIO
2753 293 2814 349 IL

3563 304 3711 361 I'DIZS

528 406 662 460 Data
691 420 742 458 ιιι
773 403 907 460 Non.
935 401 1188 466 Januarii,
1215 400 1500 456 indictione
1529 416 1634 468 xlv,
1666 415 1806 455 anno
1830 399 1900 452 εὖ
1933 415 2018 453 rc-
2048 403 2095 460 Α
2125 401 2479 470 temporibus,
2510 401 2721 459 Christo
2749 403 2997 475 auspice,
3031 419 3124 475 per
3169 421 3383 465 manum
3413 409 3712 481 legentium

449 497 540 568 gni
571 495 770 552 domini
798 493 973 550 Caroli
997 492 1320 566 serenissimi
1347 494 1505 561 regis.

523 593 715 646 Actum
744 585 1072 653 Wormatite,
1098 586 1150 641 in
1181 584 1277 643 Dei
1320 586 1535 642 nomine
1556 586 1795 641 feliciter.
1829 586 2020 641 Amen.

1142 718 1326 774 XVIII.

457 834 693 903 Diploma
717 831 890 903 Caroli
921 830 1100 900 Magni
1122 845 1222 899 quo
1249 829 1571 903 donationem
1597 829 1806 903 abaritia:
1837 828 2020 899 Epter-

522 897 727 956 itacensi
765 917 797 954 a
836 897 1076 970 germano
1113 897 1204 953 suo
1241 897 1626 952 Karolomanno
1659 900 1848 968 [artant
1884 897 2016 954 con-

521 972 690 1040 ﬁrmat
718 969 875 1036 (anno
905 969 1052 1038 794).

732 1061 827 1122 (Ex
856 1059 1136 1119 Hontheim,
1159 1059 1370 1109 Historia
1395 1058 1748 1122 Trevirensis.)

518 1171 738 1227 Carolus
766 1171 930 1239 gratia
968 1169 1058 1223 Dei
1087 1183 1176 1223 rex
1205 1167 1529 1222 Francorum
1562 1177 1614 1219 et
1645 1165 2016 1234 Longobardo—

448 1276 598 1326 rum,
631 1273 693 1313 ac
729 1259 978 1329 patricius
1007 1257 1391 1311 Romanorum.
1419 1255 1683 1324 Quidquid
1713 1257 1852 1309 enim
1887 1256 2016 1310 locis

450 1361 754 1408 sanctarum
779 1350 1159 1406 venerabilium
1183 1349 1253 1404 ob
1279 1361 1512 1402 amorem
1545 1346 1747 1400 Domini
1777 1346 2015 1400 cedimus

449 1441 529 1497 vel
563 1441 962 1508 conﬁrmamus,
995 1440 1096 1494 hoc
1124 1439 1278 1493 nobis
1310 1437 1377 1492 ad
1405 1437 1702 1491 mercedem
1733 1436 1814 1489 vel
1857 1435 2011 1490 retri-

450 1533 716 1588 butionem
747 1540 996 1585 aeternam
1027 1529 1297 1598 pertinere
1324 1527 1663 1582 conﬁdimus.

517 1621 721 1676 Idcirco
749 1627 930 1674 notum
958 1619 1026 1672 sit
1054 1617 1298 1673 omnibus
1338 1616 1582 1672 ﬁdelibus
1623 1614 1837 1678 nostris,
1877 1629 2014 1682 ιιι-τοο

2124 505 2306 545 eorum
2339 493 2390 546 in
2420 491 2964 563 Iuminaribus.ipsius
2989 495 3252 560 ecclesiae,
3283 513 3378 554 seu
3419 503 3713 568 stipendiis

2123 599 2396 640 servorum
2442 585 2560 653 Dei,
2605 589 2697 656 qui
2745 587 2941 643 ibidem
2990 588 3100 643 Deo
3141 588 3398 648 famulare
3427 594 3708 661 videntur,

2125 674 2425 743 perenniter
2454 675 2734 744 proﬁciant
2759 678 2811 730 in
2836 679 3152 746 augmentis.

2193 765 2259 818 Et
2289 775 2348 819 ιιι
2373 767 2486 820 haec
2510 767 2797 822 auctoritas
2828 767 3098 832 inviolata,
3127 768 3236 824 Deo
3258 769 3523 839 adjutore,
3552 779 3712 828 omni

2123 865 2361 923 tempore
2387 857 2563 912 valeat
2593 857 2905 926 perdurare,
2936 872 3095 912 manu
3136 860 3347 930 propria
3385 863 3571 918 subter
3613 881 3708 918 ro.

2122 946 2306 1000 borare
2333 945 2690 1011 decrevimus,
2722 955 2776 1001 et
2802 946 2867 1001 de
2899 947 3058 1002 anulo
3084 958 3266 1005 nostro
3293 949 3547 1022 sigillare.

2190 1037 2408 1106 Signum
2436 1035 2608 1092 Caroli
2636 1036 2852 1106 gloriosi
2881 1037 3042 1108 regis.

2834 1147 2976 1203 XIX.

2119 1233 2288 1289 Caroli
2319 1234 2496 1305 Magni
2535 1238 2744 1290 donatio
2779 1253 2880 1305 qua
2907 1242 3210 1292 monasterio
3251 1238 3538 1298 Prnmiensi
3568 1263 3702 1298 con-

2186 1307 2323 1386 cedit
2346 1307 2490 1386 uillas
2521 1305 2828 1386 eguriacum
2854 1318 2900 1362 et
2926 1307 3186 1364 Catiacun't
3214 1312 3267 1364 in
3297 1329 3429 1382 pago
3455 1315 3668 1386 Audega

2185 1375 2323 1429 νεηθὲ
2350 1376 2505 1447 (anno
2533 1374 2683 1443 797).

2619 1465 2714 1527 (Ex
2739 1465 3024 1529 Hontheim,
3047 1467 3185 1530 ibid.)

2183 1546 2406 1600 Karolus
2431 1548 2595 1614 gratia
2625 1549 2716 1602 Dei
2751 1563 2840 1603 rex
2873 1548 3197 1605 Francorum
3224 1559 3279 1606 et
3309 1551 3698 1622 Langobardo-

2114 1651 2254 1690 rum.
2297 1637 2560 1708 Quidquid
2587 1640 2729 1692 enim
2760 1637 2812 1693 in
2845 1648 3022 1695 nostra
3053 1640 3138 1696 vel
3168 1657 3447 1709 procerum
3481 1657 3700 1700 rostro-

447 1709 686 1766 sentibus
722 1709 957 1775 scilicet.
997 1719 1049 1764 el
1081 1707 1298 1772 Ῐιιιιιΐίεν
1337 1706 1666 1812 (ιιξθιῖιετινῖτ
1694 1705 2008 1812 venerim“;
2043 1751 2084 1812 Β
2115 1743 2228 1784 rum
2259 1705 2539 1798 praesentia
2580 1739 2727 1785 recto
2756 1732 2971 1787 tramite
3009 1705 3202 1802 agitur,
3242 1748 3306 1788 ac
3341 1735 3483 1804 juste
3513 1739 3700 1792 termi-

447 1809 474 1838 ¹ι
516 1797 843 1853 Berneradus
880 1806 1076 1850 sancta:
1114 1795 1435 1850 Senoncnsis
1469 1794 1704 1847 ecclesiae
1742 1791 2008 1853 archiepi-

445 1902 658 1958 sc0pus,
688 1886 777 1957 qui
807 1893 889 1940 est
913 1893 1086 1940 rector
1115 1882 1442 1943 monasterii.
1472 1882 1558 1935 ubi
1589 1891 1802 1936 sanctos
1833 1881 2009 1935 Willi-

448 1981 670 2036 brordns
699 1991 923 2048 corpore
967 1975 1277 2045 requiescit,
1322 1973 1460 2042 quod
1486 1982 1569 2029 est
1604 1974 1761 2027 situm
1803 1973 1854 2025 in
1900 1974 2014 2026 loco

447 2073 764 2140 Epternaco,
800 2067 1095 2124 clementiae
1123 2068 1268 2135 regni
1297 2067 1462 2120 nostri
1496 2065 1753 2126 innoutit,
1782 2081 1846 2117 co
1876 2065 2011 2131 (ιιιωά

447 2164 597 2217 bona:
634 2161 905 2216 memoriae
952 2158 1374 2214 Karolomannus
1419 2155 1685 2226 quondam
1729 2168 2012 2226 germanus

444 2261 647 2315 noster,
696 2266 793 2320 pro
831 2250 1092 2305 mercedis
1136 2264 1246 2304 sua:
1287 2257 1590 2318 augmento,
1623 2247 1776 2300 villas
1814 2247 2013 2315 aliquas

443 2344 495 2398 in
525 2357 656 2412 pago
688 2341 942 2406 Bedense,
967 2339 1020 2393 in
1051 2339 1166 2392 loco
1190 2345 1530 2404 nuncupante
1567 2336 1752 2388 Droise
1787 2331 2011 2405 [Drcyls]

442 2449 601 2502 super
637 2431 852 2487 ﬂuvium
881 2431 1158 2494 Salmana,
1199 2437 1251 2482 et
1279 2426 1305 2465 ι’
1336 2425 1584 2482 Ofﬁcinas
1627 2441 1783 2495 super
1812 2426 2010 2489 Lisera,

441 2540 546 2578 una
574 2537 695 2578 cum
736 2521 910 2582 terris,
942 2520 1202 2582 domibus,
1235 2517 1496 2580 aediliciis,
1525 2515 1828 2581 accolabus,
1860 2528 2010 2568 man-

438 2611 614 2682 cipiis,
645 2611 833 2676 vineis,
870 2609 1055 2679 sylvis,
1082 2608 1304 2676 campis,
1351 2605 1537 2674 pratis,
1575 2606 1808 2674 pascuis,
1839 2604 2008 2672 aquis,

437 2716 764 2772 aquarumve
793 2700 1103 2756 decursibus
1135 2709 1324 2762 Ictum,
1357 2706 1412 2751 ct
1439 2697 1505 2750 ad
1534 2697 1794 2765 integrum
1815 2737 1830 2762 ,
1862 2697 2013 2764 quid-

438 2795 564 2866 quid
592 2793 658 2850 ad
699 2794 814 2863 ipsa
843 2792 957 2846 loca
988 2790 1192 2861 legibus
1222 2788 1486 2856 pertinere
1528 2786 1754 2853 videtur,
1784 2787 1848 2840 ad
1882 2801 2010 2853 prte-

438 2887 635 2941 dictum
679 2883 1058 2939 monasterium
1089 2879 1232 2933 visus
1263 2877 1361 2932 fuit
1388 2877 1727 2942 condonare;
1776 2877 1867 2932 sed
1917 2893 2010 2932 ne-

435 2974 687 3045 gligentia
715 2973 1010 3035 eveniente,
1053 2984 1382 3038 nequaquam
1413 2967 1613 3022 cartula
1643 2968 2011 3023 concessionis

437 3066 604 3134 ipsius
642 3062 880 3134 germani
923 3060 1087 3115 nostri
1130 3060 1320 3114 exinde
1358 3066 1574 3127 accepta
1623 3057 1827 3112 fuisset.
1860 3055 2010 3114 Unde

439 3155 630 3212 asserit
650 3154 758 3224 jam
805 3153 978 3206 dictus
1010 3151 1342 3204 Berneradus
1387 3147 1815 3217 archiepiscOpus
1866 3149 2008 3217 ipsas

438 3259 523 3298 res
551 3242 734 3312 quieto
761 3241 948 3296 ordine
984 3239 1050 3294 ad
1082 3248 1256 3309 partes
1289 3239 1397 3309 jam
1435 3239 1561 3294 dicti
1604 3241 1910 3294 monasterii
1945 3251 2015 3294 te-

439 3348 565 3389 nere
585 3349 604 3387 :
630 3332 724 3388 sed
753 3346 849 3400 pro
875 3332 949 3387 rei
975 3332 1135 3387 totius
1159 3329 1426 3396 ﬁrmitate,
1459 3329 1610 3398 petiit
1638 3344 1666 3382 a
1699 3329 2012 3385 celsitudine

436 3433 640 3488 nostra,
679 3431 736 3476 ut
777 3421 880 3477 hoc
920 3436 1017 3477 nos
1043 3421 1217 3476 denuo
1243 3420 1294 3476 in
1339 3421 1681 3490 eleemosyna
1725 3430 1927 3484 nostra,
1960 3432 2013 3477 ct

430 3515 539 3584 jam
568 3513 691 3569 dicti
720 3513 958 3583 germani
1004 3510 1170 3568 nostri
1215 3525 1308 3580 per
1354 3520 1588 3565 nostram
1634 3512 2008 3565 auctoritatem

436 3620 558 3675 erga
590 3604 762 3674 ipsum
807 3612 1050 3657 sanctum
1088 3603 1263 3658 locum
1301 3601 1596 3658 concedere
1633 3609 1792 3671 atque
1827 3603 2011 3657 conﬁr-

434 3708 582 3752 mare
612 3695 942 3750 deberemus.

505 3784 669 3854 Cujus
697 3784 1006 3854 petitionem
1037 3797 1136 3854 pro
1183 3783 1367 3838 divino
1395 3783 1588 3839 intuitu
1627 3792 1682 3840 et
1711 3787 2008 3840 reverentia

386 3943 389 3948 η
433 3877 602 3948 ipsius
627 3875 802 3931 sancti
834 3875 937 3930 loci
978 3875 1226 3930 nolumus
1253 3874 1536 3945 denegare,
1559 3876 1652 3931 sed
1683 3876 1734 3930 in
1762 3878 2009 3932 omnibus

435 3982 531 4036 pro
577 3965 842 4022 mercedis
894 3973 1093 4021 nostrae
1140 3976 1454 4036 augmento,
1520 3967 1620 4022 hoc
1679 3970 2009 4024 concessisse

432 4066 594 4126 atque
633 4055 981 4112 conﬁrmasse
1016 4055 1341 4125 cognoscite.
1381 4057 1719 4128 Quapropter
1748 4073 1842 4129 per
1880 4076 2009 4128 pra:-

382 4139 384 4142 ’
432 4160 556 4202 scus
577 4145 935 4211 decrevimus,
967 4152 1127 4214 atque
1152 4145 1399 4215 iubemus
1429 4158 1772 4218 praeceptum,
1807 4157 1866 4203 ut
1898 4151 2008 4204 nul-

430 4237 516 4293 lus
544 4235 797 4308 quislibet
823 4236 892 4294 de
922 4236 1163 4292 ﬁdelibus
1192 4238 1413 4303 nostris,
1439 4253 1611 4308 neque
1635 4256 1698 4295 ex
1725 4239 2005 4310 judiciaria

430 4333 694 4394 potestate
719 4326 828 4382 ullo
855 4341 1088 4396 unquam
1121 4335 1359 4396 tempore
1387 4337 1510 4384 ante
1536 4341 1830 4386 memorato
1871 4331 2002 4388 Ber-

2117 1827 2292 1884 natur,
2335 1827 2544 1888 Oportet
2575 1828 2790 1888 propter
2815 1821 3107 1877 futurorum
3139 1823 3415 1880 hominum
3447 1828 3698 1881 nmitiatn

2117 1923 2210 1976 per
2236 1911 2622 1978 scripturarum
2652 1913 2845 1967 seriem
2879 1913 3152 1982 roborare,
3185 1924 3241 1970 ut
3271 1917 3324 1972 in
3354 1920 3693 1986 postmodum

2112 1997 2230 2064 jure
2260 1998 2564 2054 ﬁrmissimo
2592 2009 2803 2056 maneat
2833 2002 3222 2059 inconvulsum.
3252 2003 3483 2075 Ideoque
3508 2018 3638 2063 notu
3663 2028 3696 2062 ιι

2115 2090 2186 2143 sit
2223 2092 2456 2145 omnium
2501 2092 2734 2147 ﬁdelium
2780 2103 3080 2149 nostrorum
3129 2098 3496 2165 magnitudini,
3543 2115 3700 2168 pra--

2115 2179 2344 2233 sentium
2377 2180 2584 2236 scilicet
2605 2191 2661 2236 et
2685 2187 3002 2247 Iuturorum,
3025 2184 3250 2254 qualiter
3269 2185 3522 2243 Asoarins
3549 2190 3700 2245 abba

2113 2285 2178 2324 ex
2210 2273 2534 2327 monasterio
2560 2274 2730 2328 sancti
2761 2273 3072 2340 Salvatoris,
3095 2276 3236 2347 quod
3261 2277 3489 2334 domnus
3515 2292 3571 2336 et
3596 2294 3700 2349 ge-

2116 2361 2256 2414 nitor
2310 2372 2493 2418 noster
2539 2374 2724 2419 sancta
2775 2367 3077 2422 recordatio
3124 2368 3378 2437 Pippinus
3425 2372 3700 2440 quondam

2114 2451 2526 2520 gloriosissimus
2553 2470 2674 2522 rex,
2701 2470 2763 2510 ac
2785 2456 2978 2511 domna
3008 2466 3064 2514 et
3087 2460 3318 2529 genitrix
3348 2472 3522 2516 nosm
3550 2461 3698 2516 bona

2117 2544 2370 2596 memoria
2401 2542 2655 2599 Bertrada
2703 2547 2884 2616 regina
2906 2588 2919 2610 ,
2967 2549 3019 2602 in
3061 2549 3180 2608 loco
3209 2549 3298 2618 qui
3328 2550 3526 2604 dicitur
3565 2552 3703 2605 Pru-

2114 2639 2238 2697 mia,
2287 2649 2425 2689 novo
2472 2650 2636 2704 opere
2680 2643 3110 2706 construxerunt,
3156 2641 3444 2698 Serenitati
3496 2653 3702 2700 nostra:

2115 2726 2382 2782 multoties
2407 2729 2722 2798 deprecatus
2744 2744 2849 2799 est,
2875 2750 2970 2804 pro
2993 2735 3258 2804 aliquibus
3287 2738 3451 2792 rebus
3479 2741 3612 2793 sitas
3644 2740 3697 2793 in

2114 2819 2417 2884 Andecavo,
2465 2820 2618 2876 villas
2665 2836 2992 2894 nuncupatas
3042 2826 3298 2884 Lauriaco
3347 2839 3406 2883 et
3455 2827 3700 2894 Catiacn,

2113 2909 2440 2972 adserentes,
2465 2911 2604 2980 quod
2634 2913 2700 2966 de
2729 2924 2880 2981 parte
2907 2915 3180 2984 genitricis
3209 2931 3322 2972 suae
3347 2918 3695 2981 Wilbarante,

2115 3007 2168 3052 et
2192 3011 2303 3053 avte
2331 3014 2442 3054 suae
2463 3001 2736 3056 Teodildaa
2756 3004 2803 3058 ei
2836 3003 3039 3073 legibus
3067 3006 3334 3075 pertinere
3355 3007 3694 3072 debuissent,

2036 3103 2082 3162 ρ
2111 3097 2163 3142 et
2189 3103 2218 3141 a
2249 3091 2525 3146 retroactis
2555 3093 2880 3163 temporibus
2917 3111 3038 3151 cum
3067 3095 3185 3151 aliis
3213 3097 3398 3166 rebus,
3431 3114 3551 3168 qur
3580 3116 3705 3168 pm-

2114 3189 2234 3249 pter
2263 3181 2634 3239 inﬁdelitatem
2665 3185 2968 3256 aliquorum
2999 3187 3269 3244 hominum
3307 3202 3700 3261 parentumque

2110 3287 2322 3327 suorum
2355 3273 2406 3327 in
2434 3274 2562 3330 ﬁsco
2607 3279 2837 3333 redacta:
2865 3280 3093 3348 fuerant,
3127 3281 3267 3336 malo
3295 3282 3485 3338 ordine
3513 3298 3564 3339 et
3603 3286 3695 3339 in-

2103 3361 2246 3432 juste
2273 3377 2536 3435 usurpata:
2563 3368 2925 3426 devenissent.
2972 3371 3078 3427 Nos
3103 3373 3318 3442 quidem
3359 3375 3480 3445 ejus
3509 3379 3696 3430 consi-

2110 3449 2359 3506 derantes
2386 3454 2763 3521 sacerdotium,
2789 3465 2844 3510 et
2868 3456 3009 3512 ﬁdeli
3033 3459 3274 3525 servitio,
3299 3461 3367 3514 ita
3392 3475 3487 3529 per
3505 3477 3634 3515 omn
3660 3482 3692 3515 a

2109 3556 2294 3595 verum
2327 3557 2448 3598 esse
2490 3545 2833 3608 credidimus,
2881 3561 2943 3601 ac
2980 3548 3048 3602 de
3088 3548 3216 3618 ipsis
3260 3551 3412 3605 rebus
3451 3551 3690 3618 plenilcr

2109 3633 2361 3688 revestire
2401 3634 2693 3704 jussimus,
2742 3645 2796 3692 et
2843 3653 2938 3707 per
2983 3649 3307 3710 praeceptum
3352 3642 3682 3694 auctoritatis

2109 3732 2304 3777 nostra:
2323 3724 2495 3779 eidem
2517 3726 2833 3782 conﬁrmare
2853 3727 3207 3785 decrevimus.
3240 3730 3531 3785 Transacto
3549 3747 3687 3784 vero

2107 3811 2286 3879 aliquo
2315 3822 2558 3882 tempore
2598 3815 2865 3870 inventum
2897 3827 2979 3871 est
3008 3817 3286 3874 manifeste
3317 3834 3414 3888 per
3435 3818 3690 3875 0dilltar-

2106 3901 2231 3956 dum
2261 3911 2456 3957 sancta:
2486 3904 2792 3960 Nanneticae
2818 3907 2965 3964 urbis
2994 3907 3238 3963 ecclesiae
3262 3910 3598 3979 episcopum,
3632 3921 3691 3966 et

2107 3990 2238 4045 alios
2279 4007 2497 4048 veraces
2528 3994 2770 4050 homines
2809 3993 2945 4050 infra
2988 4000 3210 4066 patriam
3252 3998 3580 4065 habitantes,
3619 4003 3690 4056 de

2109 4083 2354 4151 praedicta
2385 4084 2506 4138 villa
2540 4085 2816 4151 Lauriaco,
2846 4087 2983 4156 quod
3025 4097 3220 4142 nostra
3259 4089 3565 4144 ba'reditati
3613 4093 3690 4145 le-

2104 4173 2254 4240 gibus
2283 4189 2347 4228 ac
2388 4175 2530 4244 juste
2571 4176 2876 4242 deberetur,
2919 4187 2974 4232 et
3018 4178 3218 4233 nullam
3250 4180 3377 4235 inibi
3423 4183 3688 4237 Asoarius

2104 4263 2242 4318 abba
2273 4265 2494 4320 deberet
2523 4266 2717 4322 habere
2740 4267 3022 4337 justitiam.
3052 4271 3151 4336 Qui
3179 4273 3234 4326 in
3260 4284 3557 4342 conspectu
3589 4290 3688 4328 no-

2102 4364 2213 4410 stro
2239 4370 2301 4411 ac
2331 4356 2678 4425 plurimorum
2703 4399 2718 4426 ,
2764 4373 3152 4430 procerumque
3194 4373 3502 4418 nostrorum
3546 4381 3685 4433 prae-

432 4415 632 4516 ιξεηάο
658 4415 1078 4488 ετοιιίθρίεοοροο
1106 4431 1284 4518 ,ιξοςιιο
1319 4422 1736 4524 ξυξίξξδξξρτὶὺιιξ,
1774 4422 1865 4524 qui
1893 4424 2004 4524 flle-
2028 4437 2080 4499 D
2104 4447 2271 4500 sentin
2315 4415 2463 4502 stans
2514 4448 2567 4503 in
2615 4415 2835 4518 judicio.
2880 4415 3169 4507 secundum
3385 4415 3522 4511 In}.

429 4504 536 4560 rint
572 4513 806 4560 rectores
834 4506 1142 4563 monasterii
1181 4507 1354 4564 sancti
1381 4507 1740 4578 Willibrordi,
1781 4513 1849 4568 de
1888 4514 1996 4581 jam

429 4597 585 4654 dictis
613 4597 772 4654 rebus
797 4599 1110 4668 inquietare,
1141 4609 1232 4656 aut
1255 4603 1577 4658 calumniam
1605 4619 1885 4675 generare,
1908 4617 2000 4664 aut

426 4687 626 4757 aliquid
652 4688 980 4754 abstrahere,
1014 4704 1114 4746 nec
1158 4689 1398 4749 minuere
1444 4695 1552 4749 ullo
1598 4713 1827 4766 unquam
1872 4709 2000 4756 tem-

429 4792 559 4848 pore
607 4787 990 4848 praesumatur,
1046 4779 1140 4836 sed
1194 4795 1290 4849 pro
1343 4784 1604 4841 mercedis
1655 4799 1848 4844 nostra:
1900 4805 1995 4845 au-

426 4880 664 4940 gmento,
692 4878 749 4925 et
773 4869 964 4924 anima
989 4871 1226 4940 germani
1259 4876 1421 4927 nostri
1454 4875 1827 4934 Karolomanni
1857 4882 1996 4950 regis

428 4960 494 5015 ad
540 4959 651 5032 jam
694 4960 891 5016 dictum
933 4968 1172 5016 sanctum
1221 4963 1390 5018 locum
1443 4969 1654 5033 nostris,
1703 4968 1996 5039 futurisque

499 5145 524 5173 θ
563 5133 881 5210 Bergeradus
913 5141 1108 5210 sancite
1143 5133 1454 5210 Settoiiensia
1489 5135 1994 5210 ecclesiteinrcltiepi-

429 5217 632 5273 scopas.
663 5201 1000 5273 Berneradus
1023 5202 1107 5257 hic
1135 5203 1240 5268 (cui
1275 5203 1440 5257 Vitam
1471 5209 1635 5259 sancti
1671 5201 1989 5266 Willibroi-di

430 5271 698 5340 inscripsit
739 5271 1012 5340 Alcuinus)
1055 5275 1238 5328 tertius
1277 5288 1306 5327 a
1343 5283 1527 5329 sancto
1558 5275 1897 5334 Willibrordo
1925 5286 1992 5335 ab

429 5357 570 5396 anno
588 5342 690 5396 777
721 5342 785 5395 ad
811 5357 1009 5394 annum
1032 5342 1136 5395 798
1166 5345 1542 5399 monasterium
1571 5349 1770 5403 rexisse
1799 5349 1994 5405 dicitur

431 5413 484 5482 in
523 5412 669 5467 brevi
698 5411 961 5482 Chronico
1000 5426 1105 5467 ms.
1151 5413 1548 5482 Epternacensi,
1593 5430 1622 5469 a
1666 5417 1991 5475 Theoderico

431 5481 569 5535 circa
593 5495 788 5535 annum
823 5479 959 5535 H90
995 5479 1232 5535 exorato.
1271 5483 1400 5535 Cum
1442 5497 1614 5537 autem
1655 5486 1790 5540 inter
1825 5490 1992 5541 Seno-

434 5564 628 5624 nenses
653 5550 902 5624 praesules
925 5551 1074 5624 circa
1087 5551 1208 5624 haec
1233 5561 1466 5624 tetnp_o_ra
1492 5555 1696 5622 legatur
1719 5557 1990 5624 praifuisse

435 5619 692 5690 lierartlus
728 5621 796 5674 ab
831 5633 974 5674 anno
1014 5619 1118 5675 795
1161 5635 1323 5690 usque
1361 5619 1488 5690 795,
1539 5619 1616 5676 sic
1644 5619 1804 5680 unum
1850 5627 1989 5684 hunc

431 5689 778 5756 eumdemque
801 5704 940 5756 esse,
972 5689 1299 5758 conjicimus.
1325 5689 1780 5753 AAdd...lleuman.
1811 5697 1878 5752 de
1910 5700 1990 5756 lle

2099 4549 2255 4592 mana
2289 4538 2501 4604 edocet,
2542 4549 2597 4595 et
2633 4541 2712 4595 sui
2756 4542 2979 4597 scabiuii
3018 4544 3067 4598 ei
3102 4544 3488 4613 iudicaverunt,
3531 4562 3677 4613 prte-

2096 4629 2267 4683 dictas
2294 4630 2448 4684 villas
2480 4631 2712 4700 partibus
2742 4634 2943 4690 nostris
2970 4634 3235 4707 simulque
3269 4647 3326 4694 et
3350 4650 3681 4713 praeceptum

2097 4720 2513 4777 conﬁrmationis
2542 4731 2740 4778 nostrae
2767 4725 3016 4781 reddidit.
3051 4726 3124 4781 De
3143 4730 3336 4798 quibus
3357 4744 3455 4784 nos
3473 4746 3646 4785 unum
3667 4775 3686 4797 ,

2096 4825 2213 4880 quae
2236 4823 2453 4867 vocatur
2479 4812 2814 4880 Lauriacum,
2840 4830 2935 4885 pro
2962 4817 3136 4872 futura
3165 4820 3338 4875 salute
3369 4820 3419 4875 in
3441 4820 3686 4876 eleemo-

2095 4915 2226 4968 syna
2257 4901 2439 4956 domni
2470 4919 2535 4959 ac
2561 4905 2817 4972 genitoris
2857 4909 3027 4964 nostri
3058 4908 3211 4964 bona:
3241 4912 3511 4966 memoria:
3556 4913 3682 4981 Pip-

2097 4993 2203 5062 pini
2234 4994 2499 5063 quondam
2529 4995 2899 5063 gloriosissimi
2937 5000 3075 5069 regis
3104 5001 3169 5055 ad
3209 5000 3315 5070 jam
3349 5002 3513 5057 fatum
3564 5019 3690 5059 mo-

2096 5152 2485 5224 Diplom.,cap.
2518 5153 2574 5216 ‘2,
2611 5153 2755 5224 §66,
2789 5171 2842 5209 n.
2879 5157 2966 5210 II.

2162 5223 2200 5295 b_
2233 5221 2469 5292 Ome-ina:
2497 5221 2648 5295 super
2678 5225 2886 5279 Lisura.
2919 5226 3174 5295 Martene,
3216 5227 3424 5286 Calmet
3463 5242 3515 5286 et
3544 5232 3697 5290 Ber-

2094 5291 2262 5363 tholet
2291 5295 2471 5361 legunt
2502 5293 2763 5363 Ojﬁcinua,
2793 5297 2886 5350 sed
2919 5291 3214 5363 perperam.

2166 5374 2188 5402 c
2234 5361 2340 5416 Lex
2369 5361 2623 5433 Romana.
2658 5361 2760 5418 Per
2801 5361 2966 5433 legem
3010 5361 3303 5423 Romanam
3345 5370 3433 5428 hic
3472 5372 3697 5429 intelIio

2090 5433 2231 5554 gitur
2270 5431 2451 5512 podex
2492 5431 2926 5515 'I‘lteodosianos;
2959 5437 3256 5519 'Pandectae
3301 5444 3442 5496 enim
3482 5451 3539 5497 et
3577 5441 3694 5527 ilus

2125 5514 2492 5554 usttntanaeum
2518 5503 2749 5554 nondum
2774 5521 2824 5554 ιιι
2847 5506 3136 5554 Occidente
3159 5521 3515 5554 innumerans
3553 5513 3689 5554 lim-

2067 5503 2492 5555 Justinianaeum
2518 5503 2749 5556 nondum
2773 5506 2824 5557 in
2847 5506 3136 5560 Occidente
3157 5507 3517 5565 innotuerant.
3552 5513 3689 5567 Est-

2089 5586 2192 5637 que
2232 5572 2332 5646 hoc
2361 5574 2586 5646 primum
2625 5575 2942 5646 vestigium,
2981 5577 3124 5646 quod
3157 5577 3296 5632 inter
3325 5589 3501 5635 nostra
3540 5584 3689 5638 mihi

2091 5641 2342 5709 occurrit,
2372 5640 2515 5698 Iuris
2545 5640 2849 5700 Romam-"tn
2883 5640 3105 5703 Francia
3129 5653 3242 5717 jam
3269 5651 3502 5720 usurpati
