  <div class='ocr_page' id='page_1' title='image "/cluster/home/n/w/nwhite01/storage/ocr_20150623/97/hvd.32044054759667/542.png"; bbox 0 0 4034 6182; ppageno 0'>
   <div class='ocr_carea' id='block_1_1' title="bbox 417 311 3657 390">
    <p class='ocr_par' dir='ltr' id='par_1_1' title="bbox 417 311 3657 390">
     <span class='ocr_line' id='line_1_1' title="bbox 417 311 3657 390; baseline 0 -14"><span class='ocrx_word' id='word_1_1' title='bbox 417 320 550 376; x_wconf 70' lang='grc'><strong>1069</strong></span> <span class='ocrx_word' id='word_1_2' title='bbox 623 317 858 376; x_wconf 75' lang='lat' dir='ltr'><strong>CODEX</strong></span> <span class='ocrx_word' id='word_1_3' title='bbox 898 317 1418 378; x_wconf 68' lang='lat' dir='ltr'><strong>DIPLOMATICUS.</strong></span> <span class='ocrx_word' id='word_1_4' title='bbox 1462 349 1528 360; x_wconf 89' lang='lat'><strong>-—</strong></span> <span class='ocrx_word' id='word_1_5' title='bbox 1567 315 1984 376; x_wconf 78' lang='lat' dir='ltr'><strong>PRIVILEGIA.</strong></span> <span class='ocrx_word' id='word_1_6' title='bbox 2022 343 2095 358; x_wconf 92' lang='lat'><strong>—-</strong></span> <span class='ocrx_word' id='word_1_7' title='bbox 2129 317 2213 372; x_wconf 90' lang='lat' dir='ltr'><strong>Ill.</strong></span> <span class='ocrx_word' id='word_1_8' title='bbox 2256 311 2504 374; x_wconf 83' lang='lat' dir='ltr'><strong>PRIVIL.</strong></span> <span class='ocrx_word' id='word_1_9' title='bbox 2547 315 2681 371; x_wconf 79' lang='lat' dir='ltr'><strong>PER</strong></span> <span class='ocrx_word' id='word_1_10' title='bbox 2709 313 3005 390; x_wconf 27' lang='lat' dir='ltr'><strong>‘PARTES</strong></span> <span class='ocrx_word' id='word_1_11' title='bbox 3041 316 3446 377; x_wconf 62' lang='lat' dir='ltr'><strong>GERMANIIE.</strong></span> <span class='ocrx_word' id='word_1_12' title='bbox 3521 315 3657 376; x_wconf 71' lang='lat'><strong>1070</strong></span> 
     </span>
    </p>
   </div>
   <div class='ocr_carea' id='block_1_2' title="bbox 410 429 3752 506">
    <p class='ocr_par' dir='ltr' id='par_1_2' title="bbox 410 429 3752 506">
     <span class='ocr_line' id='line_1_2' title="bbox 410 429 3752 506; baseline -0 -17"><span class='ocrx_word' id='word_1_13' title='bbox 410 435 698 489; x_wconf 77' lang='lat' dir='ltr'><strong>nasteiium</strong></span> <span class='ocrx_word' id='word_1_14' title='bbox 728 435 898 489; x_wconf 98' lang='lat' dir='ltr'><strong>sancti</strong></span> <span class='ocrx_word' id='word_1_15' title='bbox 938 433 1227 489; x_wconf 86' lang='lat' dir='ltr'><strong>Salvatoris</strong></span> <span class='ocrx_word' id='word_1_16' title='bbox 1255 447 1362 503; x_wconf 79' lang='lat' dir='ltr'><strong>per&#39;</strong></span> <span class='ocrx_word' id='word_1_17' title='bbox 1389 443 1710 503; x_wconf 63' lang='lat' dir='ltr'><strong>praeceptum</strong></span> <span class='ocrx_word' id='word_1_18' title='bbox 1750 433 1982 489; x_wconf 90' lang='lat' dir='ltr'><strong>auctori-</strong></span> <span class='ocrx_word' id='word_1_19' title='bbox 2010 431 2063 491; x_wconf 83' lang='lat' dir='ltr'><strong>A</strong></span> <span class='ocrx_word' id='word_1_20' title='bbox 2089 429 2260 484; x_wconf 90' lang='lat' dir='ltr'><strong>valeat</strong></span> <span class='ocrx_word' id='word_1_21' title='bbox 2301 446 2631 499; x_wconf 79' lang='lat' dir='ltr'><strong>permanere,</strong></span> <span class='ocrx_word' id='word_1_22' title='bbox 2674 447 2832 485; x_wconf 88' lang='lat' dir='ltr'><strong>manu</strong></span> <span class='ocrx_word' id='word_1_23' title='bbox 2873 432 3082 501; x_wconf 92' lang='lat' dir='ltr'><strong>propria</strong></span> <span class='ocrx_word' id='word_1_24' title='bbox 3113 433 3463 498; x_wconf 77' lang='lat' dir='ltr'><strong>firmavimus,</strong></span> <span class='ocrx_word' id='word_1_25' title='bbox 3498 443 3552 489; x_wconf 91' lang='lat' dir='ltr'><strong>et</strong></span> <span class='ocrx_word' id='word_1_26' title='bbox 3589 434 3659 489; x_wconf 85' lang='lat' dir='ltr'><strong>de</strong></span> <span class='ocrx_word' id='word_1_27' title='bbox 3749 503 3752 506; x_wconf 94' lang='lat'><em>_</em></span> 
     </span>
    </p>
   </div>
   <div class='ocr_carea' id='block_1_3' title="bbox 408 525 1983 595">
    <p class='ocr_par' dir='ltr' id='par_1_3' title="bbox 408 525 1983 595">
     <span class='ocr_line' id='line_1_3' title="bbox 408 525 1983 595; baseline -0.004 -12"><span class='ocrx_word' id='word_1_28' title='bbox 408 529 532 583; x_wconf 88' lang='lat' dir='ltr'><strong>tatis</strong></span> <span class='ocrx_word' id='word_1_29' title='bbox 581 535 776 580; x_wconf 71' lang='lat' dir='ltr'><strong>nostrae</strong></span> <span class='ocrx_word' id='word_1_30' title='bbox 818 525 1200 595; x_wconf 87' lang='lat' dir='ltr'><strong>delegavimus,</strong></span> <span class='ocrx_word' id='word_1_31' title='bbox 1252 533 1307 581; x_wconf 92' lang='lat' dir='ltr'><strong>et</strong></span> <span class='ocrx_word' id='word_1_32' title='bbox 1354 526 1548 593; x_wconf 91' lang='lat' dir='ltr'><strong>aliam,</strong></span> <span class='ocrx_word' id='word_1_33' title='bbox 1601 540 1718 592; x_wconf 66' lang='lat' dir='ltr'><strong>quas</strong></span> <span class='ocrx_word' id='word_1_34' title='bbox 1766 533 1983 579; x_wconf 91' lang='lat' dir='ltr'><strong>vocatur</strong></span> 
     </span>
    </p>
   </div>
   <div class='ocr_carea' id='block_1_4' title="bbox 406 613 1980 688">
    <p class='ocr_par' dir='ltr' id='par_1_4' title="bbox 406 613 1980 688">
     <span class='ocr_line' id='line_1_4' title="bbox 406 613 1980 688; baseline 0 -15"><span class='ocrx_word' id='word_1_35' title='bbox 406 620 642 684; x_wconf 71' lang='lat' dir='ltr'><strong>Catiacn,</strong></span> <span class='ocrx_word' id='word_1_36' title='bbox 672 617 790 688; x_wconf 87' lang='lat' dir='ltr'><strong>quia</strong></span> <span class='ocrx_word' id='word_1_37' title='bbox 833 617 928 685; x_wconf 89' lang='lat' dir='ltr'><strong>ipsi</strong></span> <span class='ocrx_word' id='word_1_38' title='bbox 963 613 1220 688; x_wconf 80' lang='lat' dir='ltr'><strong>pagenses</strong></span> <span class='ocrx_word' id='word_1_39' title='bbox 1261 618 1436 673; x_wconf 88' lang='lat' dir='ltr'><strong>testati</strong></span> <span class='ocrx_word' id='word_1_40' title='bbox 1477 628 1600 672; x_wconf 90' lang='lat' dir='ltr'><strong>sunt</strong></span> <span class='ocrx_word' id='word_1_41' title='bbox 1626 617 1822 672; x_wconf 81' lang='lat' dir='ltr'><strong>vidisse</strong></span> <span class='ocrx_word' id='word_1_42' title='bbox 1861 631 1980 673; x_wconf 89' lang='lat' dir='ltr'><strong>eam</strong></span> 
     </span>
    </p>
   </div>
   <div class='ocr_carea' id='block_1_5' title="bbox 409 709 1982 780">
    <p class='ocr_par' dir='ltr' id='par_1_5' title="bbox 409 709 1982 780">
     <span class='ocr_line' id='line_1_5' title="bbox 409 709 1982 780; baseline 0 -16"><span class='ocrx_word' id='word_1_43' title='bbox 409 711 627 775; x_wconf 89' lang='lat' dir='ltr'><strong>habere,</strong></span> <span class='ocrx_word' id='word_1_44' title='bbox 672 709 806 764; x_wconf 66' lang='lat' dir='ltr'><strong>avias</strong></span> <span class='ocrx_word' id='word_1_45' title='bbox 845 709 1010 779; x_wconf 87' lang='lat' dir='ltr'><strong>ipsius</strong></span> <span class='ocrx_word' id='word_1_46' title='bbox 1055 711 1259 764; x_wconf 79' lang='lat' dir='ltr'><strong>Asoarii</strong></span> <span class='ocrx_word' id='word_1_47' title='bbox 1291 711 1559 766; x_wconf 78' lang='lat' dir='ltr'><strong>Teodildzc</strong></span> <span class='ocrx_word' id='word_1_48' title='bbox 1598 711 1652 765; x_wconf 89' lang='lat' dir='ltr'><strong>in</strong></span> <span class='ocrx_word' id='word_1_49' title='bbox 1693 710 1846 766; x_wconf 89' lang='lat' dir='ltr'><strong>alode</strong></span> <span class='ocrx_word' id='word_1_50' title='bbox 1887 725 1982 780; x_wconf 86' lang='lat' dir='ltr'><strong>per</strong></span> 
     </span>
    </p>
   </div>
   <div class='ocr_carea' id='block_1_6' title="bbox 409 793 1979 856">
    <p class='ocr_par' dir='ltr' id='par_1_6' title="bbox 409 793 1979 856">
     <span class='ocr_line' id='line_1_6' title="bbox 409 793 1979 856; baseline -0.001 0"><span class='ocrx_word' id='word_1_51' title='bbox 409 810 646 856; x_wconf 85' lang='lat' dir='ltr'><strong>nostram</strong></span> <span class='ocrx_word' id='word_1_52' title='bbox 675 799 1106 856; x_wconf 75' lang='lat' dir='ltr'><strong>conﬁrmavimus</strong></span> <span class='ocrx_word' id='word_1_53' title='bbox 1135 799 1526 854; x_wconf 74' lang='lat' dir='ltr'><strong>auctoritatem.</strong></span> <span class='ocrx_word' id='word_1_54' title='bbox 1573 793 1764 854; x_wconf 83' lang='lat' dir='ltr'><strong>lterum</strong></span> <span class='ocrx_word' id='word_1_55' title='bbox 1804 809 1979 854; x_wconf 89' lang='lat' dir='ltr'><strong>autem</strong></span> 
     </span>
    </p>
   </div>
   <div class='ocr_carea' id='block_1_7' title="bbox 405 889 1980 965">
    <p class='ocr_par' dir='ltr' id='par_1_7' title="bbox 405 889 1980 965">
     <span class='ocr_line' id='line_1_7' title="bbox 405 889 1980 965; baseline 0.001 -21"><span class='ocrx_word' id='word_1_56' title='bbox 405 899 526 958; x_wconf 87' lang='lat' dir='ltr'><strong>post</strong></span> <span class='ocrx_word' id='word_1_57' title='bbox 564 889 862 958; x_wconf 88' lang='lat' dir='ltr'><strong>aliquantos</strong></span> <span class='ocrx_word' id='word_1_58' title='bbox 901 903 1071 944; x_wconf 88' lang='lat' dir='ltr'><strong>annos</strong></span> <span class='ocrx_word' id='word_1_59' title='bbox 1115 898 1230 945; x_wconf 88' lang='lat' dir='ltr'><strong>orta</strong></span> <span class='ocrx_word' id='word_1_60' title='bbox 1275 899 1357 946; x_wconf 91' lang='lat' dir='ltr'><strong>est</strong></span> <span class='ocrx_word' id='word_1_61' title='bbox 1401 890 1623 946; x_wconf 74' lang='lat' dir='ltr'><strong>intentio</strong></span> <span class='ocrx_word' id='word_1_62' title='bbox 1665 889 1980 965; x_wconf 86' lang='lat' dir='ltr'><strong>[contentio]</strong></span> 
     </span>
    </p>
   </div>
   <div class='ocr_carea' id='block_1_8' title="bbox 403 981 1978 1052">
    <p class='ocr_par' dir='ltr' id='par_1_8' title="bbox 403 981 1978 1052">
     <span class='ocr_line' id='line_1_8' title="bbox 403 981 1978 1052; baseline 0.001 -16"><span class='ocrx_word' id='word_1_63' title='bbox 403 981 596 1036; x_wconf 77' lang='lat' dir='ltr'><strong>exinde</strong></span> <span class='ocrx_word' id='word_1_64' title='bbox 616 996 712 1048; x_wconf 91' lang='lat' dir='ltr'><strong>pro</strong></span> <span class='ocrx_word' id='word_1_65' title='bbox 732 981 995 1052; x_wconf 85' lang='lat' dir='ltr'><strong>aliquibus</strong></span> <span class='ocrx_word' id='word_1_66' title='bbox 1016 981 1362 1052; x_wconf 86' lang='lat' dir='ltr'><strong>appendiciis,</strong></span> <span class='ocrx_word' id='word_1_67' title='bbox 1387 995 1504 1050; x_wconf 68' lang='lat' dir='ltr'><strong>qum</strong></span> <span class='ocrx_word' id='word_1_68' title='bbox 1525 981 1588 1036; x_wconf 84' lang='lat' dir='ltr'><strong>ad</strong></span> <span class='ocrx_word' id='word_1_69' title='bbox 1611 981 1778 1049; x_wconf 84' lang='lat' dir='ltr'><strong>ipsam</strong></span> <span class='ocrx_word' id='word_1_70' title='bbox 1799 983 1978 1038; x_wconf 91' lang='lat' dir='ltr'><strong>villam</strong></span> 
     </span>
    </p>
   </div>
   <div class='ocr_carea' id='block_1_9' title="bbox 406 1070 1981 1142">
    <p class='ocr_par' dir='ltr' id='par_1_9' title="bbox 406 1070 1981 1142">
     <span class='ocr_line' id='line_1_9' title="bbox 406 1070 1981 1142; baseline 0.001 -16"><span class='ocrx_word' id='word_1_71' title='bbox 406 1073 704 1138; x_wconf 87' lang='lat' dir='ltr'><strong>pertinent,</strong></span> <span class='ocrx_word' id='word_1_72' title='bbox 748 1073 886 1128; x_wconf 87' lang='lat' dir='ltr'><strong>inter</strong></span> <span class='ocrx_word' id='word_1_73' title='bbox 919 1071 1030 1142; x_wconf 83' lang='lat' dir='ltr'><strong>jam</strong></span> <span class='ocrx_word' id='word_1_74' title='bbox 1074 1072 1274 1128; x_wconf 91' lang='lat' dir='ltr'><strong>dictum</strong></span> <span class='ocrx_word' id='word_1_75' title='bbox 1317 1070 1594 1125; x_wconf 85' lang='lat' dir='ltr'><strong>Asoarium</strong></span> <span class='ocrx_word' id='word_1_76' title='bbox 1639 1071 1882 1128; x_wconf 81' lang='lat' dir='ltr'><strong>abbatem</strong></span> <span class='ocrx_word' id='word_1_77' title='bbox 1927 1083 1981 1128; x_wconf 91' lang='lat' dir='ltr'><strong>et</strong></span> 
     </span>
    </p>
   </div>
   <div class='ocr_carea' id='block_1_10' title="bbox 403 1161 1976 1229">
    <p class='ocr_par' dir='ltr' id='par_1_10' title="bbox 403 1161 1976 1229">
     <span class='ocr_line' id='line_1_10' title="bbox 403 1161 1976 1229; baseline 0.001 -14"><span class='ocrx_word' id='word_1_78' title='bbox 403 1161 676 1216; x_wconf 85' lang='lat' dir='ltr'><strong>Nunonem</strong></span> <span class='ocrx_word' id='word_1_79' title='bbox 717 1163 970 1216; x_wconf 90' lang='lat' dir='ltr'><strong>comitem</strong></span> <span class='ocrx_word' id='word_1_80' title='bbox 1015 1171 1283 1226; x_wconf 89' lang='lat' dir='ltr'><strong>nostrum,</strong></span> <span class='ocrx_word' id='word_1_81' title='bbox 1314 1161 1401 1229; x_wconf 88' lang='lat' dir='ltr'><strong>qui</strong></span> <span class='ocrx_word' id='word_1_82' title='bbox 1443 1161 1506 1214; x_wconf 91' lang='lat' dir='ltr'><strong>ad</strong></span> <span class='ocrx_word' id='word_1_83' title='bbox 1549 1170 1782 1216; x_wconf 89' lang='lat' dir='ltr'><strong>nostram</strong></span> <span class='ocrx_word' id='word_1_84' title='bbox 1815 1163 1976 1217; x_wconf 82' lang='lat' dir='ltr'><strong>alter-</strong></span> 
     </span>
    </p>
   </div>
   <div class='ocr_carea' id='block_1_11' title="bbox 401 1252 1974 1322">
    <p class='ocr_par' dir='ltr' id='par_1_11' title="bbox 401 1252 1974 1322">
     <span class='ocr_line' id='line_1_11' title="bbox 401 1252 1974 1322; baseline 0.001 -16"><span class='ocrx_word' id='word_1_85' title='bbox 401 1253 572 1306; x_wconf 85' lang='lat' dir='ltr'><strong>cando</strong></span> <span class='ocrx_word' id='word_1_86' title='bbox 592 1253 906 1307; x_wconf 86' lang='lat' dir='ltr'><strong>accedentes</strong></span> <span class='ocrx_word' id='word_1_87' title='bbox 929 1252 1284 1320; x_wconf 69' lang='lat' dir='ltr'><strong>praesentiam,</strong></span> <span class='ocrx_word' id='word_1_88' title='bbox 1311 1252 1640 1322; x_wconf 85' lang='lat' dir='ltr'><strong>repperimus</strong></span> <span class='ocrx_word' id='word_1_89' title='bbox 1659 1253 1974 1320; x_wconf 87' lang='lat' dir='ltr'><strong>certissime,</strong></span> 
     </span>
    </p>
   </div>
   <div class='ocr_carea' id='block_1_12' title="bbox 403 1342 1976 1413">
    <p class='ocr_par' dir='ltr' id='par_1_12' title="bbox 403 1342 1976 1413">
     <span class='ocr_line' id='line_1_12' title="bbox 403 1342 1976 1413; baseline -0.001 -15"><span class='ocrx_word' id='word_1_90' title='bbox 403 1355 510 1398; x_wconf 89' lang='lat' dir='ltr'><strong>tam</strong></span> <span class='ocrx_word' id='word_1_91' title='bbox 539 1357 636 1413; x_wconf 91' lang='lat' dir='ltr'><strong>per</strong></span> <span class='ocrx_word' id='word_1_92' title='bbox 663 1357 884 1398; x_wconf 80' lang='lat' dir='ltr'><strong>veraces</strong></span> <span class='ocrx_word' id='word_1_93' title='bbox 913 1342 1176 1404; x_wconf 87' lang='lat' dir='ltr'><strong>homines,</strong></span> <span class='ocrx_word' id='word_1_94' title='bbox 1201 1356 1356 1411; x_wconf 87' lang='lat' dir='ltr'><strong>quam</strong></span> <span class='ocrx_word' id='word_1_95' title='bbox 1389 1356 1480 1410; x_wconf 89' lang='lat' dir='ltr'><strong>per</strong></span> <span class='ocrx_word' id='word_1_96' title='bbox 1505 1349 1818 1408; x_wconf 88' lang='lat' dir='ltr'><strong>strumenta,</strong></span> <span class='ocrx_word' id='word_1_97' title='bbox 1849 1357 1976 1412; x_wconf 86' lang='lat' dir='ltr'><strong>qua-</strong></span> 
     </span>
    </p>
   </div>
   <div class='ocr_carea' id='block_1_13' title="bbox 405 1430 1974 1502">
    <p class='ocr_par' dir='ltr' id='par_1_13' title="bbox 405 1430 1974 1502">
     <span class='ocr_line' id='line_1_13' title="bbox 405 1430 1974 1502; baseline 0.002 -17"><span class='ocrx_word' id='word_1_98' title='bbox 405 1433 524 1486; x_wconf 90' lang='lat' dir='ltr'><strong>liter</strong></span> <span class='ocrx_word' id='word_1_99' title='bbox 543 1441 666 1486; x_wconf 86' lang='lat' dir='ltr'><strong>ante</strong></span> <span class='ocrx_word' id='word_1_100' title='bbox 687 1432 823 1486; x_wconf 90' lang='lat' dir='ltr'><strong>dicta</strong></span> <span class='ocrx_word' id='word_1_101' title='bbox 850 1431 966 1484; x_wconf 89' lang='lat' dir='ltr'><strong>avia</strong></span> <span class='ocrx_word' id='word_1_102' title='bbox 993 1446 1086 1485; x_wconf 90' lang='lat' dir='ltr'><strong>sua</strong></span> <span class='ocrx_word' id='word_1_103' title='bbox 1111 1430 1510 1488; x_wconf 87' lang='lat' dir='ltr'><strong>Theodelhildis</strong></span> <span class='ocrx_word' id='word_1_104' title='bbox 1536 1445 1694 1502; x_wconf 88' lang='lat' dir='ltr'><strong>supra</strong></span> <span class='ocrx_word' id='word_1_105' title='bbox 1721 1433 1974 1502; x_wconf 81' lang='lat' dir='ltr'><strong>scriptam</strong></span> 
     </span>
    </p>
   </div>
   <div class='ocr_carea' id='block_1_14' title="bbox 339 1519 1973 1592">
    <p class='ocr_par' dir='ltr' id='par_1_14' title="bbox 339 1519 1973 1592">
     <span class='ocr_line' id='line_1_14' title="bbox 339 1519 1973 1592; baseline 0.002 -18"><span class='ocrx_word' id='word_1_106' title='bbox 339 1543 352 1552; x_wconf 88' lang='lat'><strong>-</strong></span> <span class='ocrx_word' id='word_1_107' title='bbox 407 1521 582 1574; x_wconf 88' lang='lat' dir='ltr'><strong>villam</strong></span> <span class='ocrx_word' id='word_1_108' title='bbox 631 1519 904 1575; x_wconf 87' lang='lat' dir='ltr'><strong>Catiacum</strong></span> <span class='ocrx_word' id='word_1_109' title='bbox 949 1533 1069 1575; x_wconf 91' lang='lat' dir='ltr'><strong>cum</strong></span> <span class='ocrx_word' id='word_1_110' title='bbox 1115 1521 1232 1574; x_wconf 91' lang='lat' dir='ltr'><strong>aliis</strong></span> <span class='ocrx_word' id='word_1_111' title='bbox 1278 1522 1434 1576; x_wconf 86' lang='lat' dir='ltr'><strong>rebus</strong></span> <span class='ocrx_word' id='word_1_112' title='bbox 1482 1521 1816 1592; x_wconf 87' lang='lat' dir='ltr'><strong>proprietatis</strong></span> <span class='ocrx_word' id='word_1_113' title='bbox 1862 1537 1973 1578; x_wconf 71' lang='lat' dir='ltr'><strong>sure</strong></span> 
     </span>
    </p>
   </div>
   <div class='ocr_carea' id='block_1_15' title="bbox 403 1612 1968 1682">
    <p class='ocr_par' dir='ltr' id='par_1_15' title="bbox 403 1612 1968 1682">
     <span class='ocr_line' id='line_1_15' title="bbox 403 1612 1968 1682; baseline 0.001 -14"><span class='ocrx_word' id='word_1_114' title='bbox 403 1615 598 1668; x_wconf 73' lang='lat' dir='ltr'><strong>domno</strong></span> <span class='ocrx_word' id='word_1_115' title='bbox 622 1621 677 1667; x_wconf 90' lang='lat' dir='ltr'><strong>et</strong></span> <span class='ocrx_word' id='word_1_116' title='bbox 717 1613 942 1682; x_wconf 86' lang='lat' dir='ltr'><strong>genitori</strong></span> <span class='ocrx_word' id='word_1_117' title='bbox 985 1621 1168 1666; x_wconf 89' lang='lat' dir='ltr'><strong>nostro</strong></span> <span class='ocrx_word' id='word_1_118' title='bbox 1199 1612 1523 1679; x_wconf 90' lang='lat' dir='ltr'><strong>tradiderat,</strong></span> <span class='ocrx_word' id='word_1_119' title='bbox 1553 1621 1608 1668; x_wconf 88' lang='lat' dir='ltr'><strong>et</strong></span> <span class='ocrx_word' id='word_1_120' title='bbox 1645 1613 1764 1668; x_wconf 90' lang='lat' dir='ltr'><strong>ideo</strong></span> <span class='ocrx_word' id='word_1_121' title='bbox 1793 1627 1968 1669; x_wconf 81' lang='lat' dir='ltr'><strong>nostra</strong></span> 
     </span>
    </p>
   </div>
   <div class='ocr_carea' id='block_1_16' title="bbox 403 1701 1966 1773">
    <p class='ocr_par' dir='ltr' id='par_1_16' title="bbox 403 1701 1966 1773">
     <span class='ocr_line' id='line_1_16' title="bbox 403 1701 1966 1773; baseline 0.005 -19"><span class='ocrx_word' id='word_1_122' title='bbox 403 1705 518 1772; x_wconf 83' lang='lat' dir='ltr'><strong>plus</strong></span> <span class='ocrx_word' id='word_1_123' title='bbox 548 1703 748 1773; x_wconf 81' lang='lat' dir='ltr'><strong>legibus</strong></span> <span class='ocrx_word' id='word_1_124' title='bbox 775 1717 890 1757; x_wconf 90' lang='lat' dir='ltr'><strong>cum</strong></span> <span class='ocrx_word' id='word_1_125' title='bbox 919 1702 1118 1772; x_wconf 87' lang='lat' dir='ltr'><strong>justitia</strong></span> <span class='ocrx_word' id='word_1_126' title='bbox 1147 1718 1266 1758; x_wconf 87' lang='lat' dir='ltr'><strong>esse</strong></span> <span class='ocrx_word' id='word_1_127' title='bbox 1293 1701 1542 1768; x_wconf 85' lang='lat' dir='ltr'><strong>deberet,</strong></span> <span class='ocrx_word' id='word_1_128' title='bbox 1571 1719 1728 1770; x_wconf 87' lang='lat' dir='ltr'><strong>quam</strong></span> <span class='ocrx_word' id='word_1_129' title='bbox 1760 1704 1966 1763; x_wconf 82' lang='lat' dir='ltr'><strong>Asuarii</strong></span> 
     </span>
    </p>
   </div>
   <div class='ocr_carea' id='block_1_17' title="bbox 2084 521 3004 592">
    <p class='ocr_par' dir='ltr' id='par_1_17' title="bbox 2084 521 3004 592">
     <span class='ocr_line' id='line_1_17' title="bbox 2084 521 3004 592; baseline 0.004 -20"><span class='ocrx_word' id='word_1_130' title='bbox 2084 521 2241 574; x_wconf 88' lang='lat' dir='ltr'><strong>anulo</strong></span> <span class='ocrx_word' id='word_1_131' title='bbox 2269 530 2451 577; x_wconf 88' lang='lat' dir='ltr'><strong>nostro</strong></span> <span class='ocrx_word' id='word_1_132' title='bbox 2475 522 2706 592; x_wconf 77' lang='lat' dir='ltr'><strong>sigillare</strong></span> <span class='ocrx_word' id='word_1_133' title='bbox 2730 522 3004 590; x_wconf 88' lang='lat' dir='ltr'><strong>jussimus.</strong></span> 
     </span>
    </p>
   </div>
   <div class='ocr_carea' id='block_1_18' title="bbox 2155 609 3657 683">
    <p class='ocr_par' dir='ltr' id='par_1_18' title="bbox 2155 609 3657 683">
     <span class='ocr_line' id='line_1_18' title="bbox 2155 609 3657 683; baseline 0.002 -19"><span class='ocrx_word' id='word_1_134' title='bbox 2155 609 2372 680; x_wconf 78' lang='lat' dir='ltr'><strong>Signum</strong></span> <span class='ocrx_word' id='word_1_135' title='bbox 2401 613 2574 667; x_wconf 84' lang='lat' dir='ltr'><strong>Caroli</strong></span> <span class='ocrx_word' id='word_1_136' title='bbox 2601 613 2968 682; x_wconf 88' lang='lat' dir='ltr'><strong>gloriosissimi</strong></span> <span class='ocrx_word' id='word_1_137' title='bbox 2996 613 3157 683; x_wconf 86' lang='lat' dir='ltr'><strong>regis.</strong></span> <span class='ocrx_word' id='word_1_138' title='bbox 3192 613 3550 670; x_wconf 76' lang='lat' dir='ltr'><strong>Ercanbaldus</strong></span> <span class='ocrx_word' id='word_1_139' title='bbox 3590 616 3657 669; x_wconf 75' lang='lat' dir='ltr'><strong>ad</strong></span> 
     </span>
    </p>
   </div>
   <div class='ocr_carea' id='block_1_19' title="bbox 2083 702 2677 774">
    <p class='ocr_par' dir='ltr' id='par_1_19' title="bbox 2083 702 2677 774">
     <span class='ocr_line' id='line_1_19' title="bbox 2083 702 2677 774; baseline 0.01 -22"><span class='ocrx_word' id='word_1_140' title='bbox 2083 702 2344 759; x_wconf 85' lang='lat' dir='ltr'><strong>vicem....</strong></span> <span class='ocrx_word' id='word_1_141' title='bbox 2375 706 2677 774; x_wconf 81' lang='lat' dir='ltr'><strong>recognovi.</strong></span> 
     </span>
    </p>
   </div>
   <div class='ocr_carea' id='block_1_20' title="bbox 2158 791 3656 868">
    <p class='ocr_par' dir='ltr' id='par_1_20' title="bbox 2158 791 3656 868">
     <span class='ocr_line' id='line_1_20' title="bbox 2158 791 3656 868; baseline 0.003 -23"><span class='ocrx_word' id='word_1_142' title='bbox 2158 793 2284 846; x_wconf 88' lang='lat' dir='ltr'><strong>Data</strong></span> <span class='ocrx_word' id='word_1_143' title='bbox 2322 809 2414 848; x_wconf 77' lang='lat' dir='ltr'><strong>xm</strong></span> <span class='ocrx_word' id='word_1_144' title='bbox 2447 791 2672 850; x_wconf 79' lang='lat' dir='ltr'><strong>Kalend.</strong></span> <span class='ocrx_word' id='word_1_145' title='bbox 2714 795 2959 862; x_wconf 77' lang='lat' dir='ltr'><strong>Martias,</strong></span> <span class='ocrx_word' id='word_1_146' title='bbox 2999 808 3140 850; x_wconf 87' lang='lat' dir='ltr'><strong>anno</strong></span> <span class='ocrx_word' id='word_1_147' title='bbox 3183 809 3366 850; x_wconf 79' lang='lat' dir='ltr'><strong>xxvnn</strong></span> <span class='ocrx_word' id='word_1_148' title='bbox 3402 793 3570 868; x_wconf 67' lang='lat' dir='ltr'><strong>[um</strong></span> <span class='ocrx_word' id='word_1_149' title='bbox 3603 806 3656 851; x_wconf 89' lang='lat' dir='ltr'><strong>et</strong></span> 
     </span>
    </p>
   </div>
   <div class='ocr_carea' id='block_1_21' title="bbox 2083 872 2934 951">
    <p class='ocr_par' dir='ltr' id='par_1_21' title="bbox 2083 872 2934 951">
     <span class='ocr_line' id='line_1_21' title="bbox 2083 872 2934 951; baseline 0.005 -18"><span class='ocrx_word' id='word_1_150' title='bbox 2083 894 2207 934; x_wconf 79' lang='lat' dir='ltr'><strong>xxiv</strong></span> <span class='ocrx_word' id='word_1_151' title='bbox 2237 883 2381 951; x_wconf 81' lang='lat' dir='ltr'><strong>regni</strong></span> <span class='ocrx_word' id='word_1_152' title='bbox 2413 882 2598 936; x_wconf 86' lang='lat' dir='ltr'><strong>nostri.</strong></span> <span class='ocrx_word' id='word_1_153' title='bbox 2923 872 2934 884; x_wconf 73' lang='grc'><strong><em>’</em></strong></span> 
     </span>
    </p>
   </div>
   <div class='ocr_carea' id='block_1_22' title="bbox 2153 973 3657 1046">
    <p class='ocr_par' dir='ltr' id='par_1_22' title="bbox 2153 973 3657 1046">
     <span class='ocr_line' id='line_1_22' title="bbox 2153 973 3657 1046; baseline 0.001 -20"><span class='ocrx_word' id='word_1_154' title='bbox 2153 973 2342 1027; x_wconf 68' lang='lat' dir='ltr'><strong>Actum</strong></span> <span class='ocrx_word' id='word_1_155' title='bbox 2383 973 2700 1044; x_wconf 80' lang='lat' dir='ltr'><strong>Aquisgrani</strong></span> <span class='ocrx_word' id='word_1_156' title='bbox 2743 974 2938 1043; x_wconf 89' lang='lat' dir='ltr'><strong>palatio</strong></span> <span class='ocrx_word' id='word_1_157' title='bbox 2977 982 3162 1030; x_wconf 83' lang='lat' dir='ltr'><strong>nostro</strong></span> <span class='ocrx_word' id='word_1_158' title='bbox 3201 973 3440 1046; x_wconf 80' lang='lat' dir='ltr'><strong>publice,</strong></span> <span class='ocrx_word' id='word_1_159' title='bbox 3477 973 3528 1028; x_wconf 90' lang='lat' dir='ltr'><strong>in</strong></span> <span class='ocrx_word' id='word_1_160' title='bbox 3567 973 3657 1029; x_wconf 79' lang='lat' dir='ltr'><strong>Dei</strong></span> 
     </span>
    </p>
   </div>
   <div class='ocr_carea' id='block_1_23' title="bbox 2079 1063 2912 1188">
    <p class='ocr_par' dir='ltr' id='par_1_23' title="bbox 2079 1063 2912 1188">
     <span class='ocr_line' id='line_1_23' title="bbox 2079 1063 2912 1188; baseline 0.005 -72"><span class='ocrx_word' id='word_1_161' title='bbox 2079 1065 2294 1118; x_wconf 86' lang='lat' dir='ltr'><strong>nomine</strong></span> <span class='ocrx_word' id='word_1_162' title='bbox 2321 1063 2558 1118; x_wconf 79' lang='lat' dir='ltr'><strong>feliciter.</strong></span> <span class='ocrx_word' id='word_1_163' title='bbox 2594 1066 2781 1120; x_wconf 83' lang='lat' dir='ltr'><strong>Amen.</strong></span> <span class='ocrx_word' id='word_1_164' title='bbox 2815 1134 2912 1188; x_wconf 69' lang='lat' dir='ltr'><strong>xx</strong></span> 
     </span>
    </p>
   </div>
   <div class='ocr_carea' id='block_1_24' title="bbox 2079 1219 3656 1306">
    <p class='ocr_par' dir='ltr' id='par_1_24' title="bbox 2079 1219 3656 1306">
     <span class='ocr_line' id='line_1_24' title="bbox 2079 1219 3656 1306; baseline 0.001 -30"><span class='ocrx_word' id='word_1_165' title='bbox 2079 1219 2254 1302; x_wconf 71' lang='lat' dir='ltr'><strong>Caroli</strong></span> <span class='ocrx_word' id='word_1_166' title='bbox 2293 1220 2473 1306; x_wconf 76' lang='lat' dir='ltr'><strong>Magni</strong></span> <span class='ocrx_word' id='word_1_167' title='bbox 2509 1223 2832 1306; x_wconf 52' lang='lat' dir='ltr'><strong>imperatoris</strong></span> <span class='ocrx_word' id='word_1_168' title='bbox 2873 1225 3215 1306; x_wconf 53' lang='lat' dir='ltr'><strong>donationqua</strong></span> <span class='ocrx_word' id='word_1_169' title='bbox 3248 1225 3445 1295; x_wconf 77' lang='lat' dir='ltr'><strong>confert</strong></span> <span class='ocrx_word' id='word_1_170' title='bbox 3478 1227 3656 1306; x_wconf 56' lang='lat' dir='ltr'><strong>arani.</strong></span> 
     </span>
    </p>
   </div>
   <div class='ocr_carea' id='block_1_25' title="bbox 2147 1292 3658 1434">
    <p class='ocr_par' dir='ltr' id='par_1_25' title="bbox 2147 1292 3658 1434">
     <span class='ocr_line' id='line_1_25' title="bbox 2147 1292 3658 1434; baseline 0.003 -91"><span class='ocrx_word' id='word_1_171' title='bbox 2147 1293 2464 1434; x_wconf 46' lang='lat' dir='ltr'><strong>Epiros)ng</strong></span> <span class='ocrx_word' id='word_1_172' title='bbox 2503 1293 2726 1349; x_wconf 59' lang='lat' dir='ltr'><strong>ecclesiis</strong></span> <span class='ocrx_word' id='word_1_173' title='bbox 2757 1292 3040 1350; x_wconf 73' lang='lat' dir='ltr'><strong>Trevir-ensi</strong></span> <span class='ocrx_word' id='word_1_174' title='bbox 3069 1292 3298 1350; x_wconf 75' lang='lat' dir='ltr'><strong>Cérviam</strong></span> <span class='ocrx_word' id='word_1_175' title='bbox 3326 1292 3440 1352; x_wconf 70' lang='lat' dir='ltr'><strong>cum</strong></span> <span class='ocrx_word' id='word_1_176' title='bbox 3469 1299 3658 1367; x_wconf 74' lang='lat' dir='ltr'><strong>[cresia</strong></span> 
     </span>
     <span class='ocr_line' id='line_1_26' title="bbox 2173 1378 2486 1417; baseline 0.006 -2"><span class='ocrx_word' id='word_1_177' title='bbox 2173 1378 2274 1415; x_wconf 78' lang='lat' dir='ltr'><strong>amt</strong></span> <span class='ocrx_word' id='word_1_178' title='bbox 2472 1401 2486 1417; x_wconf 98' lang='lat'><strong>.</strong></span> 
     </span>
    </p>
   </div>
   <div class='ocr_carea' id='block_1_26' title="bbox 2173 1378 2486 1417">
    <p class='ocr_par' dir='ltr' id='par_1_26' title="bbox 2173 1378 2486 1417">
     <span class='ocr_line' id='line_1_27' title="bbox 2173 1378 2486 1417; baseline 0.006 -2"><span class='ocrx_word' id='word_1_179' title='bbox 2173 1378 2306 1415; x_wconf 82' lang='lat' dir='ltr'><strong>anno</strong></span> <span class='ocrx_word' id='word_1_180' title='bbox 2337 1378 2440 1416; x_wconf 78' lang='grc' dir='ltr'><strong>δυΖ</strong></span> <span class='ocrx_word' id='word_1_181' title='bbox 2451 1378 2486 1417; x_wconf 81' lang='grc'><strong>1.</strong></span> 
     </span>
    </p>
   </div>
   <div class='ocr_carea' id='block_1_27' title="bbox 2498 1451 3141 1518">
    <p class='ocr_par' dir='ltr' id='par_1_27' title="bbox 2498 1451 3141 1518">
     <span class='ocr_line' id='line_1_28' title="bbox 2498 1451 3141 1518; baseline 0.008 -18"><span class='ocrx_word' id='word_1_182' title='bbox 2498 1508 2509 1518; x_wconf 86' lang='lat'>_</span> <span class='ocrx_word' id='word_1_183' title='bbox 2585 1451 2678 1516; x_wconf 79' lang='lat' dir='ltr'><strong>(Ex</strong></span> <span class='ocrx_word' id='word_1_184' title='bbox 2701 1453 2981 1517; x_wconf 79' lang='lat' dir='ltr'><strong>llontheim,</strong></span> <span class='ocrx_word' id='word_1_185' title='bbox 3003 1455 3141 1518; x_wconf 90' lang='lat' dir='ltr'><strong>ibid.)</strong></span> 
     </span>
    </p>
   </div>
   <div class='ocr_carea' id='block_1_28' title="bbox 2151 1533 3657 1592">
    <p class='ocr_par' dir='ltr' id='par_1_28' title="bbox 2151 1533 3657 1592">
     <span class='ocr_line' id='line_1_29' title="bbox 2151 1533 3657 1592; baseline 0.001 -6"><span class='ocrx_word' id='word_1_186' title='bbox 2151 1533 2205 1586; x_wconf 92' lang='lat' dir='ltr'><strong>In</strong></span> <span class='ocrx_word' id='word_1_187' title='bbox 2253 1535 2468 1589; x_wconf 87' lang='lat' dir='ltr'><strong>nomine</strong></span> <span class='ocrx_word' id='word_1_188' title='bbox 2509 1545 2696 1591; x_wconf 89' lang='lat' dir='ltr'><strong>sancte</strong></span> <span class='ocrx_word' id='word_1_189' title='bbox 2727 1547 2780 1591; x_wconf 90' lang='lat' dir='ltr'><strong>et</strong></span> <span class='ocrx_word' id='word_1_190' title='bbox 2818 1537 3086 1592; x_wconf 76' lang='lat' dir='ltr'><strong>individua</strong></span> <span class='ocrx_word' id='word_1_191' title='bbox 3113 1537 3406 1592; x_wconf 80' lang='lat' dir='ltr'><strong>Trinitatis.</strong></span> <span class='ocrx_word' id='word_1_192' title='bbox 3438 1536 3657 1590; x_wconf 70' lang='lat' dir='ltr'><strong>Carolus</strong></span> 
     </span>
    </p>
   </div>
   <div class='ocr_carea' id='block_1_29' title="bbox 2075 1622 3658 1696">
    <p class='ocr_par' dir='ltr' id='par_1_29' title="bbox 2075 1622 3658 1696">
     <span class='ocr_line' id='line_1_30' title="bbox 2075 1622 3658 1696; baseline 0.001 -20"><span class='ocrx_word' id='word_1_193' title='bbox 2075 1622 2250 1677; x_wconf 92' lang='lat' dir='ltr'><strong>divina</strong></span> <span class='ocrx_word' id='word_1_194' title='bbox 2276 1624 2487 1680; x_wconf 82' lang='lat' dir='ltr'><strong>favente</strong></span> <span class='ocrx_word' id='word_1_195' title='bbox 2511 1626 2798 1681; x_wconf 88' lang='lat' dir='ltr'><strong>clementia</strong></span> <span class='ocrx_word' id='word_1_196' title='bbox 2829 1627 3116 1696; x_wconf 88' lang='lat' dir='ltr'><strong>imperator</strong></span> <span class='ocrx_word' id='word_1_197' title='bbox 3135 1638 3389 1696; x_wconf 86' lang='lat' dir='ltr'><strong>angustus</strong></span> <span class='ocrx_word' id='word_1_198' title='bbox 3418 1634 3475 1682; x_wconf 89' lang='lat' dir='ltr'><strong>ct</strong></span> <span class='ocrx_word' id='word_1_199' title='bbox 3503 1627 3658 1682; x_wconf 75' lang='lat' dir='ltr'><strong>Fian-</strong></span> 
     </span>
    </p>
   </div>
   <div class='ocr_carea' id='block_1_30' title="bbox 2074 1716 3652 1788">
    <p class='ocr_par' dir='ltr' id='par_1_30' title="bbox 2074 1716 3652 1788">
     <span class='ocr_line' id='line_1_31' title="bbox 2074 1716 3652 1788; baseline 0.004 -23"><span class='ocrx_word' id='word_1_200' title='bbox 2074 1727 2257 1766; x_wconf 88' lang='lat' dir='ltr'><strong>corum</strong></span> <span class='ocrx_word' id='word_1_201' title='bbox 2285 1716 2554 1782; x_wconf 87' lang='lat' dir='ltr'><strong>patricius.</strong></span> <span class='ocrx_word' id='word_1_202' title='bbox 2585 1717 2908 1786; x_wconf 88' lang='lat' dir='ltr'><strong>Comitibus,</strong></span> <span class='ocrx_word' id='word_1_203' title='bbox 2936 1719 3161 1772; x_wconf 72' lang='lat' dir='ltr'><strong>ducibus</strong></span> <span class='ocrx_word' id='word_1_204' title='bbox 3191 1727 3298 1772; x_wconf 84' lang='lat' dir='ltr'><strong>tam</strong></span> <span class='ocrx_word' id='word_1_205' title='bbox 3327 1719 3463 1773; x_wconf 90' lang='lat' dir='ltr'><strong>ultra</strong></span> <span class='ocrx_word' id='word_1_206' title='bbox 3494 1735 3652 1788; x_wconf 87' lang='lat' dir='ltr'><strong>quam</strong></span> 
     </span>
    </p>
   </div>
   <div class='ocr_carea' id='block_1_31' title="bbox 401 1789 3655 1880">
    <p class='ocr_par' dir='ltr' id='par_1_31' title="bbox 401 1789 3655 1880">
     <span class='ocr_line' id='line_1_32' title="bbox 401 1789 3655 1880; baseline 0.006 -34"><span class='ocrx_word' id='word_1_207' title='bbox 401 1792 604 1846; x_wconf 86' lang='lat' dir='ltr'><strong>abbatis</strong></span> <span class='ocrx_word' id='word_1_208' title='bbox 635 1793 702 1848; x_wconf 91' lang='lat' dir='ltr'><strong>de</strong></span> <span class='ocrx_word' id='word_1_209' title='bbox 743 1803 890 1860; x_wconf 89' lang='lat' dir='ltr'><strong>parte</strong></span> <span class='ocrx_word' id='word_1_210' title='bbox 929 1793 1202 1864; x_wconf 76' lang='lat' dir='ltr'><strong>genitricis</strong></span> <span class='ocrx_word' id='word_1_211' title='bbox 1231 1809 1342 1848; x_wconf 68' lang='lat' dir='ltr'><strong>suae</strong></span> <span class='ocrx_word' id='word_1_212' title='bbox 1366 1793 1712 1850; x_wconf 71' lang='lat' dir='ltr'><strong>Wilharantc.</strong></span> <span class='ocrx_word' id='word_1_213' title='bbox 1749 1797 1840 1852; x_wconf 78' lang='lat' dir='ltr'><strong>llis</strong></span> <span class='ocrx_word' id='word_1_214' title='bbox 1871 1797 1974 1854; x_wconf 88' lang='lat' dir='ltr'><strong>ita-</strong></span> <span class='ocrx_word' id='word_1_215' title='bbox 2005 1789 2052 1849; x_wconf 87' lang='grc' dir='ltr'><strong>Β</strong></span> <span class='ocrx_word' id='word_1_216' title='bbox 2082 1801 2220 1857; x_wconf 87' lang='lat' dir='ltr'><strong>circa</strong></span> <span class='ocrx_word' id='word_1_217' title='bbox 2253 1803 2494 1860; x_wconf 74' lang='lat' dir='ltr'><strong>Rhenum</strong></span> <span class='ocrx_word' id='word_1_218' title='bbox 2535 1815 2589 1861; x_wconf 90' lang='lat' dir='ltr'><strong>et</strong></span> <span class='ocrx_word' id='word_1_219' title='bbox 2622 1807 2860 1879; x_wconf 78' lang='lat' dir='ltr'><strong>Ligerim</strong></span> <span class='ocrx_word' id='word_1_220' title='bbox 2891 1809 3224 1879; x_wconf 82' lang='lat' dir='ltr'><strong>degentibus,</strong></span> <span class='ocrx_word' id='word_1_221' title='bbox 3271 1820 3374 1864; x_wconf 91' lang='lat' dir='ltr'><strong>tam</strong></span> <span class='ocrx_word' id='word_1_222' title='bbox 3408 1813 3655 1880; x_wconf 57' lang='lat' dir='ltr'><strong>prest-ntie</strong></span> 
     </span>
    </p>
   </div>
   <div class='ocr_carea' id='block_1_32' title="bbox 398 1882 1972 1952">
    <p class='ocr_par' dir='ltr' id='par_1_32' title="bbox 398 1882 1972 1952">
     <span class='ocr_line' id='line_1_33' title="bbox 398 1882 1972 1952; baseline 0.006 -17"><span class='ocrx_word' id='word_1_223' title='bbox 398 1897 502 1952; x_wconf 90' lang='lat' dir='ltr'><strong>que</strong></span> <span class='ocrx_word' id='word_1_224' title='bbox 531 1882 692 1949; x_wconf 85' lang='lat' dir='ltr'><strong>gestis</strong></span> <span class='ocrx_word' id='word_1_225' title='bbox 717 1883 916 1952; x_wconf 85' lang='lat' dir='ltr'><strong>placuit</strong></span> <span class='ocrx_word' id='word_1_226' title='bbox 949 1883 1246 1937; x_wconf 88' lang='lat' dir='ltr'><strong>celsitudini</strong></span> <span class='ocrx_word' id='word_1_227' title='bbox 1276 1893 1503 1952; x_wconf 68' lang='lat' dir='ltr'><strong>nostrae,</strong></span> <span class='ocrx_word' id='word_1_228' title='bbox 1535 1895 1592 1941; x_wconf 92' lang='lat' dir='ltr'><strong>ut</strong></span> <span class='ocrx_word' id='word_1_229' title='bbox 1629 1887 1699 1942; x_wconf 93' lang='lat' dir='ltr'><strong>ob</strong></span> <span class='ocrx_word' id='word_1_230' title='bbox 1737 1901 1972 1944; x_wconf 88' lang='lat' dir='ltr'><strong>amorem</strong></span> 
     </span>
    </p>
   </div>
   <div class='ocr_carea' id='block_1_33' title="bbox 337 1975 1975 2048">
    <p class='ocr_par' dir='ltr' id='par_1_33' title="bbox 337 1975 1975 2048">
     <span class='ocr_line' id='line_1_34' title="bbox 337 1975 1975 2048; baseline 0.007 -21"><span class='ocrx_word' id='word_1_231' title='bbox 337 2015 342 2022; x_wconf 96' lang='lat'><strong>.</strong></span> <span class='ocrx_word' id='word_1_232' title='bbox 401 1975 490 2029; x_wconf 83' lang='lat' dir='ltr'><strong>Dei</strong></span> <span class='ocrx_word' id='word_1_233' title='bbox 523 1985 576 2031; x_wconf 93' lang='lat' dir='ltr'><strong>et</strong></span> <span class='ocrx_word' id='word_1_234' title='bbox 606 1979 955 2031; x_wconf 80' lang='lat' dir='ltr'><strong>reverentiam</strong></span> <span class='ocrx_word' id='word_1_235' title='bbox 985 1977 1171 2046; x_wconf 86' lang='lat' dir='ltr'><strong>ipsius,</strong></span> <span class='ocrx_word' id='word_1_236' title='bbox 1204 1979 1322 2048; x_wconf 87' lang='lat' dir='ltr'><strong>quia</strong></span> <span class='ocrx_word' id='word_1_237' title='bbox 1355 1979 1438 2034; x_wconf 89' lang='lat' dir='ltr'><strong>vir</strong></span> <span class='ocrx_word' id='word_1_238' title='bbox 1473 1980 1564 2035; x_wconf 90' lang='lat' dir='ltr'><strong>Dei</strong></span> <span class='ocrx_word' id='word_1_239' title='bbox 1599 1995 1718 2037; x_wconf 91' lang='lat' dir='ltr'><strong>esse</strong></span> <span class='ocrx_word' id='word_1_240' title='bbox 1744 1983 1975 2040; x_wconf 87' lang='lat' dir='ltr'><strong>dinosci-</strong></span> 
     </span>
    </p>
   </div>
   <div class='ocr_carea' id='block_1_34' title="bbox 402 2067 1972 2140">
    <p class='ocr_par' dir='ltr' id='par_1_34' title="bbox 402 2067 1972 2140">
     <span class='ocr_line' id='line_1_35' title="bbox 402 2067 1972 2140; baseline 0.008 -22"><span class='ocrx_word' id='word_1_241' title='bbox 402 2076 504 2130; x_wconf 85' lang='lat' dir='ltr'><strong>tur,</strong></span> <span class='ocrx_word' id='word_1_242' title='bbox 536 2081 598 2120; x_wconf 80' lang='lat' dir='ltr'><strong>ex</strong></span> <span class='ocrx_word' id='word_1_243' title='bbox 633 2067 792 2120; x_wconf 90' lang='lat' dir='ltr'><strong>corde</strong></span> <span class='ocrx_word' id='word_1_244' title='bbox 831 2081 961 2136; x_wconf 91' lang='lat' dir='ltr'><strong>puro</strong></span> <span class='ocrx_word' id='word_1_245' title='bbox 999 2075 1054 2122; x_wconf 89' lang='lat' dir='ltr'><strong>et</strong></span> <span class='ocrx_word' id='word_1_246' title='bbox 1090 2069 1292 2122; x_wconf 89' lang='lat' dir='ltr'><strong>sincera</strong></span> <span class='ocrx_word' id='word_1_247' title='bbox 1328 2069 1628 2138; x_wconf 82' lang='lat' dir='ltr'><strong>voluntate,</strong></span> <span class='ocrx_word' id='word_1_248' title='bbox 1670 2075 1791 2140; x_wconf 85' lang='lat' dir='ltr'><strong>quia</strong></span> <span class='ocrx_word' id='word_1_249' title='bbox 1831 2075 1972 2130; x_wconf 85' lang='lat' dir='ltr'><strong>aliud</strong></span> 
     </span>
    </p>
   </div>
   <div class='ocr_carea' id='block_1_35' title="bbox 402 2156 1973 2226">
    <p class='ocr_par' dir='ltr' id='par_1_35' title="bbox 402 2156 1973 2226">
     <span class='ocr_line' id='line_1_36' title="bbox 402 2156 1973 2226; baseline 0.01 -19"><span class='ocrx_word' id='word_1_250' title='bbox 402 2171 498 2222; x_wconf 92' lang='lat' dir='ltr'><strong>pro</strong></span> <span class='ocrx_word' id='word_1_251' title='bbox 527 2156 667 2209; x_wconf 75' lang='lat' dir='ltr'><strong>aliud</strong></span> <span class='ocrx_word' id='word_1_252' title='bbox 691 2196 706 2220; x_wconf 93' lang='lat'><strong>,</strong></span> <span class='ocrx_word' id='word_1_253' title='bbox 735 2171 892 2226; x_wconf 87' lang='lat' dir='ltr'><strong>quam</strong></span> <span class='ocrx_word' id='word_1_254' title='bbox 921 2157 1000 2211; x_wconf 91' lang='lat' dir='ltr'><strong>vir</strong></span> <span class='ocrx_word' id='word_1_255' title='bbox 1027 2157 1358 2226; x_wconf 86' lang='lat' dir='ltr'><strong>simpliciter,</strong></span> <span class='ocrx_word' id='word_1_256' title='bbox 1390 2161 1544 2216; x_wconf 92' lang='lat' dir='ltr'><strong>nobis</strong></span> <span class='ocrx_word' id='word_1_257' title='bbox 1576 2166 1752 2218; x_wconf 90' lang='lat' dir='ltr'><strong>retulit</strong></span> <span class='ocrx_word' id='word_1_258' title='bbox 1783 2175 1836 2220; x_wconf 89' lang='lat' dir='ltr'><strong>et</strong></span> <span class='ocrx_word' id='word_1_259' title='bbox 1864 2169 1973 2222; x_wconf 85' lang='lat' dir='ltr'><strong>cui-</strong></span> 
     </span>
    </p>
   </div>
   <div class='ocr_carea' id='block_1_36' title="bbox 403 2245 1972 2326">
    <p class='ocr_par' dir='ltr' id='par_1_36' title="bbox 403 2245 1972 2326">
     <span class='ocr_line' id='line_1_37' title="bbox 403 2245 1972 2326; baseline 0.011 -31"><span class='ocrx_word' id='word_1_260' title='bbox 403 2245 590 2313; x_wconf 83' lang='lat' dir='ltr'><strong>pabilis</strong></span> <span class='ocrx_word' id='word_1_261' title='bbox 612 2254 769 2315; x_wconf 89' lang='lat' dir='ltr'><strong>atque</strong></span> <span class='ocrx_word' id='word_1_262' title='bbox 789 2248 1064 2302; x_wconf 90' lang='lat' dir='ltr'><strong>convictus</strong></span> <span class='ocrx_word' id='word_1_263' title='bbox 1085 2250 1348 2318; x_wconf 87' lang='lat' dir='ltr'><strong>apparuit,</strong></span> <span class='ocrx_word' id='word_1_264' title='bbox 1365 2251 1414 2304; x_wconf 93' lang='lat' dir='ltr'><strong>in</strong></span> <span class='ocrx_word' id='word_1_265' title='bbox 1437 2253 1771 2326; x_wconf 87' lang='lat' dir='ltr'><strong>eleemosyna</strong></span> <span class='ocrx_word' id='word_1_266' title='bbox 1796 2267 1972 2312; x_wconf 89' lang='lat' dir='ltr'><strong>nostra</strong></span> 
     </span>
    </p>
   </div>
   <div class='ocr_carea' id='block_1_37' title="bbox 400 2327 1975 2416">
    <p class='ocr_par' dir='ltr' id='par_1_37' title="bbox 400 2327 1975 2416">
     <span class='ocr_line' id='line_1_38' title="bbox 400 2327 1975 2416; baseline 0.009 -25"><span class='ocrx_word' id='word_1_267' title='bbox 400 2337 448 2391; x_wconf 89' lang='lat' dir='ltr'><strong>ei</strong></span> <span class='ocrx_word' id='word_1_268' title='bbox 476 2339 648 2391; x_wconf 86' lang='lat' dir='ltr'><strong>omnia</strong></span> <span class='ocrx_word' id='word_1_269' title='bbox 693 2337 990 2407; x_wconf 87' lang='lat' dir='ltr'><strong>indulgere,</strong></span> <span class='ocrx_word' id='word_1_270' title='bbox 1031 2349 1086 2394; x_wconf 92' lang='lat' dir='ltr'><strong>et</strong></span> <span class='ocrx_word' id='word_1_271' title='bbox 1126 2327 1342 2412; x_wconf 88' lang='lat' dir='ltr'><strong>insuper</strong></span> <span class='ocrx_word' id='word_1_272' title='bbox 1381 2343 1524 2410; x_wconf 87' lang='lat' dir='ltr'><strong>ipsas</strong></span> <span class='ocrx_word' id='word_1_273' title='bbox 1553 2344 1702 2398; x_wconf 90' lang='lat' dir='ltr'><strong>villas</strong></span> <span class='ocrx_word' id='word_1_274' title='bbox 1730 2347 1975 2416; x_wconf 89' lang='lat' dir='ltr'><strong>superius</strong></span> 
     </span>
    </p>
   </div>
   <div class='ocr_carea' id='block_1_38' title="bbox 401 2430 1974 2508">
    <p class='ocr_par' dir='ltr' id='par_1_38' title="bbox 401 2430 1974 2508">
     <span class='ocr_line' id='line_1_39' title="bbox 401 2430 1974 2508; baseline 0.01 -26"><span class='ocrx_word' id='word_1_275' title='bbox 401 2430 696 2484; x_wconf 89' lang='lat' dir='ltr'><strong>nominatas</strong></span> <span class='ocrx_word' id='word_1_276' title='bbox 737 2430 992 2486; x_wconf 85' lang='lat' dir='ltr'><strong>Lauriaco</strong></span> <span class='ocrx_word' id='word_1_277' title='bbox 1021 2441 1074 2487; x_wconf 91' lang='lat' dir='ltr'><strong>et</strong></span> <span class='ocrx_word' id='word_1_278' title='bbox 1099 2433 1334 2490; x_wconf 88' lang='lat' dir='ltr'><strong>Cattiaco</strong></span> <span class='ocrx_word' id='word_1_279' title='bbox 1359 2450 1477 2490; x_wconf 91' lang='lat' dir='ltr'><strong>cum</strong></span> <span class='ocrx_word' id='word_1_280' title='bbox 1509 2439 1619 2492; x_wconf 90' lang='lat' dir='ltr'><strong>suis</strong></span> <span class='ocrx_word' id='word_1_281' title='bbox 1649 2441 1974 2508; x_wconf 87' lang='lat' dir='ltr'><strong>appendiciis</strong></span> 
     </span>
    </p>
   </div>
   <div class='ocr_carea' id='block_1_39' title="bbox 407 2523 1971 2602">
    <p class='ocr_par' dir='ltr' id='par_1_39' title="bbox 407 2523 1971 2602">
     <span class='ocr_line' id='line_1_40' title="bbox 407 2523 1971 2602; baseline 0.012 -27"><span class='ocrx_word' id='word_1_282' title='bbox 407 2537 500 2590; x_wconf 92' lang='lat' dir='ltr'><strong>pro</strong></span> <span class='ocrx_word' id='word_1_283' title='bbox 528 2523 694 2579; x_wconf 91' lang='lat' dir='ltr'><strong>salute</strong></span> <span class='ocrx_word' id='word_1_284' title='bbox 735 2525 1030 2580; x_wconf 89' lang='lat' dir='ltr'><strong>animarum</strong></span> <span class='ocrx_word' id='word_1_285' title='bbox 1072 2527 1251 2583; x_wconf 91' lang='lat' dir='ltr'><strong>domni</strong></span> <span class='ocrx_word' id='word_1_286' title='bbox 1283 2544 1345 2585; x_wconf 90' lang='lat' dir='ltr'><strong>ac</strong></span> <span class='ocrx_word' id='word_1_287' title='bbox 1386 2534 1638 2602; x_wconf 83' lang='lat' dir='ltr'><strong>genitoris</strong></span> <span class='ocrx_word' id='word_1_288' title='bbox 1679 2537 1840 2591; x_wconf 90' lang='lat' dir='ltr'><strong>nostri</strong></span> <span class='ocrx_word' id='word_1_289' title='bbox 1879 2551 1971 2593; x_wconf 84' lang='lat' dir='ltr'><strong>seu</strong></span> 
     </span>
    </p>
   </div>
   <div class='ocr_carea' id='block_1_40' title="bbox 402 2613 1973 2685">
    <p class='ocr_par' dir='ltr' id='par_1_40' title="bbox 402 2613 1973 2685">
     <span class='ocr_line' id='line_1_41' title="bbox 402 2613 1973 2685; baseline 0.013 -22"><span class='ocrx_word' id='word_1_290' title='bbox 402 2614 694 2681; x_wconf 83' lang='lat' dir='ltr'><strong>genitricis,</strong></span> <span class='ocrx_word' id='word_1_291' title='bbox 723 2613 791 2669; x_wconf 89' lang='lat' dir='ltr'><strong>ad</strong></span> <span class='ocrx_word' id='word_1_292' title='bbox 823 2615 1130 2685; x_wconf 72' lang='lat' dir='ltr'><strong>praedictum</strong></span> <span class='ocrx_word' id='word_1_293' title='bbox 1161 2621 1538 2676; x_wconf 89' lang='lat' dir='ltr'><strong>monasterium</strong></span> <span class='ocrx_word' id='word_1_294' title='bbox 1566 2637 1628 2678; x_wconf 83' lang='lat' dir='ltr'><strong>ex</strong></span> <span class='ocrx_word' id='word_1_295' title='bbox 1660 2637 1842 2682; x_wconf 88' lang='lat' dir='ltr'><strong>nostro</strong></span> <span class='ocrx_word' id='word_1_296' title='bbox 1871 2628 1973 2682; x_wconf 88' lang='lat' dir='ltr'><strong>lar-</strong></span> 
     </span>
    </p>
   </div>
   <div class='ocr_carea' id='block_1_41' title="bbox 395 2703 1968 2775">
    <p class='ocr_par' dir='ltr' id='par_1_41' title="bbox 395 2703 1968 2775">
     <span class='ocr_line' id='line_1_42' title="bbox 395 2703 1968 2775; baseline 0.013 -24"><span class='ocrx_word' id='word_1_297' title='bbox 395 2703 572 2772; x_wconf 79' lang='lat' dir='ltr'><strong>gitatis</strong></span> <span class='ocrx_word' id='word_1_298' title='bbox 608 2719 827 2761; x_wconf 87' lang='lat' dir='ltr'><strong>munere</strong></span> <span class='ocrx_word' id='word_1_299' title='bbox 853 2705 1158 2775; x_wconf 87' lang='lat' dir='ltr'><strong>plenissima</strong></span> <span class='ocrx_word' id='word_1_300' title='bbox 1185 2707 1566 2767; x_wconf 77' lang='lat' dir='ltr'><strong>deliberatione</strong></span> <span class='ocrx_word' id='word_1_301' title='bbox 1600 2715 1794 2771; x_wconf 81' lang='lat' dir='ltr'><strong>cedere</strong></span> <span class='ocrx_word' id='word_1_302' title='bbox 1820 2726 1878 2772; x_wconf 89' lang='lat' dir='ltr'><strong>et</strong></span> <span class='ocrx_word' id='word_1_303' title='bbox 1917 2719 1968 2772; x_wconf 89' lang='lat' dir='ltr'><strong>in</strong></span> 
     </span>
    </p>
   </div>
   <div class='ocr_carea' id='block_1_42' title="bbox 396 2793 1970 2876">
    <p class='ocr_par' dir='ltr' id='par_1_42' title="bbox 396 2793 1970 2876">
     <span class='ocr_line' id='line_1_43' title="bbox 396 2793 1970 2876; baseline 0.011 -30"><span class='ocrx_word' id='word_1_304' title='bbox 396 2793 644 2848; x_wconf 89' lang='lat' dir='ltr'><strong>omnibus</strong></span> <span class='ocrx_word' id='word_1_305' title='bbox 675 2795 1010 2853; x_wconf 81' lang='lat' dir='ltr'><strong>conﬁrmare.</strong></span> <span class='ocrx_word' id='word_1_306' title='bbox 1047 2798 1352 2856; x_wconf 88' lang='lat' dir='ltr'><strong>Statuentes</strong></span> <span class='ocrx_word' id='word_1_307' title='bbox 1380 2817 1506 2872; x_wconf 88' lang='lat' dir='ltr'><strong>ergo</strong></span> <span class='ocrx_word' id='word_1_308' title='bbox 1529 2803 1796 2874; x_wconf 86' lang='lat' dir='ltr'><strong>jubemus,</strong></span> <span class='ocrx_word' id='word_1_309' title='bbox 1829 2809 1970 2876; x_wconf 92' lang='lat' dir='ltr'><strong>quod</strong></span> 
     </span>
    </p>
   </div>
   <div class='ocr_carea' id='block_1_43' title="bbox 398 2889 1970 2963">
    <p class='ocr_par' dir='ltr' id='par_1_43' title="bbox 398 2889 1970 2963">
     <span class='ocr_line' id='line_1_44' title="bbox 398 2889 1970 2963; baseline 0.011 -23"><span class='ocrx_word' id='word_1_310' title='bbox 398 2889 776 2954; x_wconf 86' lang='lat' dir='ltr'><strong>perpetualiter</strong></span> <span class='ocrx_word' id='word_1_311' title='bbox 805 2905 1112 2947; x_wconf 88' lang='lat' dir='ltr'><strong>mansurum</strong></span> <span class='ocrx_word' id='word_1_312' title='bbox 1141 2907 1262 2950; x_wconf 82' lang='lat' dir='ltr'><strong>esse</strong></span> <span class='ocrx_word' id='word_1_313' title='bbox 1290 2896 1553 2963; x_wconf 89' lang='lat' dir='ltr'><strong>volumus,</strong></span> <span class='ocrx_word' id='word_1_314' title='bbox 1589 2906 1646 2952; x_wconf 87' lang='lat' dir='ltr'><strong>ut</strong></span> <span class='ocrx_word' id='word_1_315' title='bbox 1685 2901 1875 2956; x_wconf 87' lang='lat' dir='ltr'><strong>amodo</strong></span> <span class='ocrx_word' id='word_1_316' title='bbox 1916 2914 1970 2958; x_wconf 89' lang='lat' dir='ltr'><strong>et</strong></span> 
     </span>
    </p>
   </div>
   <div class='ocr_carea' id='block_1_44' title="bbox 395 2978 1968 3051">
    <p class='ocr_par' dir='ltr' id='par_1_44' title="bbox 395 2978 1968 3051">
     <span class='ocr_line' id='line_1_45' title="bbox 395 2978 1968 3051; baseline 0.011 -21"><span class='ocrx_word' id='word_1_317' title='bbox 395 2978 650 3049; x_wconf 80' lang='lat' dir='ltr'><strong>deinceps</strong></span> <span class='ocrx_word' id='word_1_318' title='bbox 693 2995 834 3051; x_wconf 61' lang='lat' dir='ltr'><strong>sape</strong></span> <span class='ocrx_word' id='word_1_319' title='bbox 873 2993 1194 3040; x_wconf 88' lang='lat' dir='ltr'><strong>memoratus</strong></span> <span class='ocrx_word' id='word_1_320' title='bbox 1234 2985 1315 3040; x_wconf 87' lang='lat' dir='ltr'><strong>vir</strong></span> <span class='ocrx_word' id='word_1_321' title='bbox 1355 2989 1673 3044; x_wconf 86' lang='lat' dir='ltr'><strong>venerabilis</strong></span> <span class='ocrx_word' id='word_1_322' title='bbox 1713 2991 1968 3049; x_wconf 82' lang='lat' dir='ltr'><strong>Asuarius</strong></span> 
     </span>
    </p>
   </div>
   <div class='ocr_carea' id='block_1_45' title="bbox 395 3069 1968 3152">
    <p class='ocr_par' dir='ltr' id='par_1_45' title="bbox 395 3069 1968 3152">
     <span class='ocr_line' id='line_1_46' title="bbox 395 3069 1968 3152; baseline 0.013 -31"><span class='ocrx_word' id='word_1_323' title='bbox 395 3069 558 3124; x_wconf 63' lang='lat' dir='ltr'><strong>abhis</strong></span> <span class='ocrx_word' id='word_1_324' title='bbox 599 3070 786 3141; x_wconf 88' lang='lat' dir='ltr'><strong>suique</strong></span> <span class='ocrx_word' id='word_1_325' title='bbox 827 3075 878 3126; x_wconf 90' lang='lat' dir='ltr'><strong>in</strong></span> <span class='ocrx_word' id='word_1_326' title='bbox 921 3083 1228 3144; x_wconf 90' lang='lat' dir='ltr'><strong>perpetuum</strong></span> <span class='ocrx_word' id='word_1_327' title='bbox 1267 3090 1622 3144; x_wconf 88' lang='lat' dir='ltr'><strong>successores,</strong></span> <span class='ocrx_word' id='word_1_328' title='bbox 1655 3083 1742 3152; x_wconf 91' lang='lat' dir='ltr'><strong>qui</strong></span> <span class='ocrx_word' id='word_1_329' title='bbox 1774 3083 1968 3140; x_wconf 79' lang='lat' dir='ltr'><strong>fuerint</strong></span> 
     </span>
    </p>
   </div>
   <div class='ocr_carea' id='block_1_46' title="bbox 397 3165 1965 3244">
    <p class='ocr_par' dir='ltr' id='par_1_46' title="bbox 397 3165 1965 3244">
     <span class='ocr_line' id='line_1_47' title="bbox 397 3165 1965 3244; baseline 0.015 -35"><span class='ocrx_word' id='word_1_330' title='bbox 397 3171 640 3227; x_wconf 81' lang='lat' dir='ltr'><strong>pastores</strong></span> <span class='ocrx_word' id='word_1_331' title='bbox 685 3165 1028 3236; x_wconf 87' lang='lat' dir='ltr'><strong>suprascripti</strong></span> <span class='ocrx_word' id='word_1_332' title='bbox 1074 3170 1382 3225; x_wconf 87' lang='lat' dir='ltr'><strong>monasterii</strong></span> <span class='ocrx_word' id='word_1_333' title='bbox 1429 3175 1597 3228; x_wconf 88' lang='lat' dir='ltr'><strong>sancti</strong></span> <span class='ocrx_word' id='word_1_334' title='bbox 1639 3175 1965 3244; x_wconf 83' lang='lat' dir='ltr'><strong>Salvatoris,</strong></span> 
     </span>
    </p>
   </div>
   <div class='ocr_carea' id='block_1_47' title="bbox 395 3251 1969 3332">
    <p class='ocr_par' dir='ltr' id='par_1_47' title="bbox 395 3251 1969 3332">
     <span class='ocr_line' id='line_1_48' title="bbox 395 3251 1969 3332; baseline 0.017 -32"><span class='ocrx_word' id='word_1_335' title='bbox 395 3251 502 3319; x_wconf 81' lang='lat' dir='ltr'><strong>jam</strong></span> <span class='ocrx_word' id='word_1_336' title='bbox 532 3253 704 3308; x_wconf 90' lang='lat' dir='ltr'><strong>dictas</strong></span> <span class='ocrx_word' id='word_1_337' title='bbox 731 3257 880 3312; x_wconf 88' lang='lat' dir='ltr'><strong>villas</strong></span> <span class='ocrx_word' id='word_1_338' title='bbox 911 3257 1164 3314; x_wconf 87' lang='lat' dir='ltr'><strong>Lauriaco</strong></span> <span class='ocrx_word' id='word_1_339' title='bbox 1202 3271 1255 3316; x_wconf 87' lang='lat' dir='ltr'><strong>et</strong></span> <span class='ocrx_word' id='word_1_340' title='bbox 1285 3263 1537 3332; x_wconf 85' lang='lat' dir='ltr'><strong>Cattiaco,</strong></span> <span class='ocrx_word' id='word_1_341' title='bbox 1573 3283 1670 3320; x_wconf 89' lang='lat' dir='ltr'><strong>una</strong></span> <span class='ocrx_word' id='word_1_342' title='bbox 1709 3284 1826 3322; x_wconf 91' lang='lat' dir='ltr'><strong>cum</strong></span> <span class='ocrx_word' id='word_1_343' title='bbox 1865 3277 1969 3326; x_wconf 89' lang='lat' dir='ltr'><strong>ter-</strong></span> 
     </span>
    </p>
   </div>
   <div class='ocr_carea' id='block_1_48' title="bbox 398 3343 1966 3427">
    <p class='ocr_par' dir='ltr' id='par_1_48' title="bbox 398 3343 1966 3427">
     <span class='ocr_line' id='line_1_49' title="bbox 398 3343 1966 3427; baseline 0.013 -32"><span class='ocrx_word' id='word_1_344' title='bbox 398 3344 490 3408; x_wconf 85' lang='lat' dir='ltr'><strong>ris,</strong></span> <span class='ocrx_word' id='word_1_345' title='bbox 521 3343 784 3412; x_wconf 84' lang='lat' dir='ltr'><strong>domibus,</strong></span> <span class='ocrx_word' id='word_1_346' title='bbox 819 3348 1079 3418; x_wconf 74' lang='lat' dir='ltr'><strong>mdiﬁciis,</strong></span> <span class='ocrx_word' id='word_1_347' title='bbox 1121 3352 1422 3420; x_wconf 87' lang='lat' dir='ltr'><strong>accolabus,</strong></span> <span class='ocrx_word' id='word_1_348' title='bbox 1454 3357 1749 3424; x_wconf 83' lang='lat' dir='ltr'><strong>mancipiis,</strong></span> <span class='ocrx_word' id='word_1_349' title='bbox 1780 3360 1966 3427; x_wconf 87' lang='lat' dir='ltr'><strong>vineis,</strong></span> 
     </span>
    </p>
   </div>
   <div class='ocr_carea' id='block_1_49' title="bbox 397 3436 1970 3520">
    <p class='ocr_par' dir='ltr' id='par_1_49' title="bbox 397 3436 1970 3520">
     <span class='ocr_line' id='line_1_50' title="bbox 397 3436 1970 3520; baseline 0.013 -34"><span class='ocrx_word' id='word_1_350' title='bbox 397 3436 620 3504; x_wconf 83' lang='lat' dir='ltr'><strong>campis,</strong></span> <span class='ocrx_word' id='word_1_351' title='bbox 677 3437 846 3504; x_wconf 88' lang='lat' dir='ltr'><strong>silvis,</strong></span> <span class='ocrx_word' id='word_1_352' title='bbox 901 3441 1084 3508; x_wconf 91' lang='lat' dir='ltr'><strong>pratis,</strong></span> <span class='ocrx_word' id='word_1_353' title='bbox 1138 3443 1368 3510; x_wconf 70' lang='lat' dir='ltr'><strong>pascuis,</strong></span> <span class='ocrx_word' id='word_1_354' title='bbox 1419 3449 1568 3514; x_wconf 85' lang='lat' dir='ltr'><strong>aquis</strong></span> <span class='ocrx_word' id='word_1_355' title='bbox 1609 3463 1970 3520; x_wconf 88' lang='lat' dir='ltr'><strong>aquarumque</strong></span> 
     </span>
    </p>
   </div>
   <div class='ocr_carea' id='block_1_50' title="bbox 399 3525 1966 3608">
    <p class='ocr_par' dir='ltr' id='par_1_50' title="bbox 399 3525 1966 3608">
     <span class='ocr_line' id='line_1_51' title="bbox 399 3525 1966 3608; baseline 0.011 -30"><span class='ocrx_word' id='word_1_356' title='bbox 399 3525 728 3594; x_wconf 86' lang='lat' dir='ltr'><strong>decursibus,</strong></span> <span class='ocrx_word' id='word_1_357' title='bbox 774 3531 1055 3586; x_wconf 89' lang='lat' dir='ltr'><strong>mobilibus</strong></span> <span class='ocrx_word' id='word_1_358' title='bbox 1096 3541 1150 3585; x_wconf 91' lang='lat' dir='ltr'><strong>et</strong></span> <span class='ocrx_word' id='word_1_359' title='bbox 1198 3533 1586 3603; x_wconf 91' lang='lat' dir='ltr'><strong>immobilibus,</strong></span> <span class='ocrx_word' id='word_1_360' title='bbox 1629 3540 1966 3608; x_wconf 84' lang='lat' dir='ltr'><strong>appenditiis,</strong></span> 
     </span>
    </p>
   </div>
   <div class='ocr_carea' id='block_1_51' title="bbox 399 3617 1966 3700">
    <p class='ocr_par' dir='ltr' id='par_1_51' title="bbox 399 3617 1966 3700">
     <span class='ocr_line' id='line_1_52' title="bbox 399 3617 1966 3700; baseline 0.013 -33"><span class='ocrx_word' id='word_1_361' title='bbox 399 3617 730 3688; x_wconf 84' lang='lat' dir='ltr'><strong>adjacentiis,</strong></span> <span class='ocrx_word' id='word_1_362' title='bbox 760 3622 940 3674; x_wconf 86' lang='lat' dir='ltr'><strong>omnia</strong></span> <span class='ocrx_word' id='word_1_363' title='bbox 967 3631 1020 3676; x_wconf 89' lang='lat' dir='ltr'><strong>et</strong></span> <span class='ocrx_word' id='word_1_364' title='bbox 1048 3638 1112 3678; x_wconf 78' lang='lat' dir='ltr'><strong>ex</strong></span> <span class='ocrx_word' id='word_1_365' title='bbox 1141 3625 1408 3693; x_wconf 89' lang='lat' dir='ltr'><strong>omnibus,</strong></span> <span class='ocrx_word' id='word_1_366' title='bbox 1436 3628 1573 3683; x_wconf 89' lang='lat' dir='ltr'><strong>sicut</strong></span> <span class='ocrx_word' id='word_1_367' title='bbox 1599 3629 1664 3684; x_wconf 89' lang='lat' dir='ltr'><strong>ad</strong></span> <span class='ocrx_word' id='word_1_368' title='bbox 1696 3631 1811 3700; x_wconf 89' lang='lat' dir='ltr'><strong>ipsa</strong></span> <span class='ocrx_word' id='word_1_369' title='bbox 1852 3632 1966 3688; x_wconf 87' lang='lat' dir='ltr'><strong>loca</strong></span> 
     </span>
    </p>
   </div>
   <div class='ocr_carea' id='block_1_52' title="bbox 397 3709 1962 3794">
    <p class='ocr_par' dir='ltr' id='par_1_52' title="bbox 397 3709 1962 3794">
     <span class='ocr_line' id='line_1_53' title="bbox 397 3709 1962 3794; baseline 0.012 -34"><span class='ocrx_word' id='word_1_370' title='bbox 397 3709 636 3774; x_wconf 81' lang='lat' dir='ltr'><strong>aSpicere</strong></span> <span class='ocrx_word' id='word_1_371' title='bbox 685 3710 910 3778; x_wconf 88' lang='lat' dir='ltr'><strong>videtur,</strong></span> <span class='ocrx_word' id='word_1_372' title='bbox 959 3722 1011 3769; x_wconf 90' lang='lat' dir='ltr'><strong>et</strong></span> <span class='ocrx_word' id='word_1_373' title='bbox 1041 3725 1242 3782; x_wconf 88' lang='lat' dir='ltr'><strong>nostra,</strong></span> <span class='ocrx_word' id='word_1_374' title='bbox 1297 3717 1403 3774; x_wconf 89' lang='lat' dir='ltr'><strong>Deo</strong></span> <span class='ocrx_word' id='word_1_375' title='bbox 1431 3719 1679 3786; x_wconf 84' lang='lat' dir='ltr'><strong>donante,</strong></span> <span class='ocrx_word' id='word_1_376' title='bbox 1733 3723 1962 3794; x_wconf 88' lang='lat' dir='ltr'><strong>legitima</strong></span> 
     </span>
    </p>
   </div>
   <div class='ocr_carea' id='block_1_53' title="bbox 396 3799 1964 3874">
    <p class='ocr_par' dir='ltr' id='par_1_53' title="bbox 396 3799 1964 3874">
     <span class='ocr_line' id='line_1_54' title="bbox 396 3799 1964 3874; baseline 0.011 -24"><span class='ocrx_word' id='word_1_377' title='bbox 396 3799 602 3852; x_wconf 81' lang='lat' dir='ltr'><strong>videtur</strong></span> <span class='ocrx_word' id='word_1_378' title='bbox 630 3815 749 3856; x_wconf 90' lang='lat' dir='ltr'><strong>esse</strong></span> <span class='ocrx_word' id='word_1_379' title='bbox 781 3805 1062 3870; x_wconf 83' lang='lat' dir='ltr'><strong>possessio,</strong></span> <span class='ocrx_word' id='word_1_380' title='bbox 1103 3821 1198 3874; x_wconf 86' lang='lat' dir='ltr'><strong>per</strong></span> <span class='ocrx_word' id='word_1_381' title='bbox 1229 3808 1327 3862; x_wconf 90' lang='lat' dir='ltr'><strong>hoc</strong></span> <span class='ocrx_word' id='word_1_382' title='bbox 1366 3819 1604 3865; x_wconf 88' lang='lat' dir='ltr'><strong>nostrum</strong></span> <span class='ocrx_word' id='word_1_383' title='bbox 1637 3813 1964 3868; x_wconf 84' lang='lat' dir='ltr'><strong>auctoritatis</strong></span> 
     </span>
    </p>
   </div>
   <div class='ocr_carea' id='block_1_54' title="bbox 395 3891 1966 3972">
    <p class='ocr_par' dir='ltr' id='par_1_54' title="bbox 395 3891 1966 3972">
     <span class='ocr_line' id='line_1_55' title="bbox 395 3891 1966 3972; baseline 0.009 -27"><span class='ocrx_word' id='word_1_384' title='bbox 395 3901 448 3945; x_wconf 92' lang='lat' dir='ltr'><strong>et</strong></span> <span class='ocrx_word' id='word_1_385' title='bbox 473 3891 747 3960; x_wconf 82' lang='lat' dir='ltr'><strong>cessionis,</strong></span> <span class='ocrx_word' id='word_1_386' title='bbox 777 3905 934 3964; x_wconf 85' lang='lat' dir='ltr'><strong>atque</strong></span> <span class='ocrx_word' id='word_1_387' title='bbox 962 3897 1380 3953; x_wconf 83' lang='lat' dir='ltr'><strong>conﬁrmationis</strong></span> <span class='ocrx_word' id='word_1_388' title='bbox 1411 3911 1730 3970; x_wconf 74' lang='lat' dir='ltr'><strong>praeceptum</strong></span> <span class='ocrx_word' id='word_1_389' title='bbox 1758 3904 1822 3957; x_wconf 92' lang='lat' dir='ltr'><strong>ad</strong></span> <span class='ocrx_word' id='word_1_390' title='bbox 1856 3919 1966 3972; x_wconf 87' lang='lat' dir='ltr'><strong>par-</strong></span> 
     </span>
    </p>
   </div>
   <div class='ocr_carea' id='block_1_55' title="bbox 397 3983 1966 4061">
    <p class='ocr_par' dir='ltr' id='par_1_55' title="bbox 397 3983 1966 4061">
     <span class='ocr_line' id='line_1_56' title="bbox 397 3983 1966 4061; baseline 0.009 -27"><span class='ocrx_word' id='word_1_391' title='bbox 397 3992 500 4036; x_wconf 89' lang='lat' dir='ltr'><strong>tem</strong></span> <span class='ocrx_word' id='word_1_392' title='bbox 544 3983 706 4051; x_wconf 89' lang='lat' dir='ltr'><strong>ipsius</strong></span> <span class='ocrx_word' id='word_1_393' title='bbox 744 3987 910 4041; x_wconf 88' lang='lat' dir='ltr'><strong>sancti</strong></span> <span class='ocrx_word' id='word_1_394' title='bbox 941 3987 1036 4043; x_wconf 87' lang='lat' dir='ltr'><strong>loci</strong></span> <span class='ocrx_word' id='word_1_395' title='bbox 1069 3989 1120 4042; x_wconf 92' lang='lat' dir='ltr'><strong>in</strong></span> <span class='ocrx_word' id='word_1_396' title='bbox 1156 3990 1496 4061; x_wconf 81' lang='lat' dir='ltr'><strong>eleemosyna</strong></span> <span class='ocrx_word' id='word_1_397' title='bbox 1529 4001 1708 4046; x_wconf 85' lang='lat' dir='ltr'><strong>nostra</strong></span> <span class='ocrx_word' id='word_1_398' title='bbox 1750 4001 1966 4048; x_wconf 88' lang='lat' dir='ltr'><strong>teneant</strong></span> 
     </span>
    </p>
   </div>
   <div class='ocr_carea' id='block_1_56' title="bbox 395 4074 1962 4148">
    <p class='ocr_par' dir='ltr' id='par_1_56' title="bbox 395 4074 1962 4148">
     <span class='ocr_line' id='line_1_57' title="bbox 395 4074 1962 4148; baseline 0.009 -24"><span class='ocrx_word' id='word_1_399' title='bbox 395 4082 550 4140; x_wconf 89' lang='lat' dir='ltr'><strong>atque</strong></span> <span class='ocrx_word' id='word_1_400' title='bbox 577 4074 902 4142; x_wconf 91' lang='lat' dir='ltr'><strong>possideant,</strong></span> <span class='ocrx_word' id='word_1_401' title='bbox 939 4087 990 4131; x_wconf 88' lang='lat' dir='ltr'><strong>et</strong></span> <span class='ocrx_word' id='word_1_402' title='bbox 1025 4079 1090 4131; x_wconf 90' lang='lat' dir='ltr'><strong>ad</strong></span> <span class='ocrx_word' id='word_1_403' title='bbox 1119 4079 1288 4148; x_wconf 88' lang='lat' dir='ltr'><strong>ipsam</strong></span> <span class='ocrx_word' id='word_1_404' title='bbox 1318 4095 1495 4136; x_wconf 89' lang='lat' dir='ltr'><strong>casam</strong></span> <span class='ocrx_word' id='word_1_405' title='bbox 1528 4081 1621 4138; x_wconf 87' lang='lat' dir='ltr'><strong>Dei</strong></span> <span class='ocrx_word' id='word_1_406' title='bbox 1651 4087 1854 4140; x_wconf 85' lang='lat' dir='ltr'><strong>nostris</strong></span> <span class='ocrx_word' id='word_1_407' title='bbox 1878 4084 1962 4140; x_wconf 83' lang='lat' dir='ltr'><strong>l’u-</strong></span> 
     </span>
    </p>
   </div>
   <div class='ocr_carea' id='block_1_57' title="bbox 397 4163 1964 4244">
    <p class='ocr_par' dir='ltr' id='par_1_57' title="bbox 397 4163 1964 4244">
     <span class='ocr_line' id='line_1_58' title="bbox 397 4163 1964 4244; baseline 0.011 -30"><span class='ocrx_word' id='word_1_408' title='bbox 397 4163 633 4230; x_wconf 89' lang='lat' dir='ltr'><strong>turisque</strong></span> <span class='ocrx_word' id='word_1_409' title='bbox 663 4167 990 4234; x_wconf 89' lang='lat' dir='ltr'><strong>temporibus</strong></span> <span class='ocrx_word' id='word_1_410' title='bbox 1037 4169 1315 4237; x_wconf 75' lang='lat' dir='ltr'><strong>proficiant</strong></span> <span class='ocrx_word' id='word_1_411' title='bbox 1342 4172 1394 4226; x_wconf 92' lang='lat' dir='ltr'><strong>in</strong></span> <span class='ocrx_word' id='word_1_412' title='bbox 1425 4175 1752 4242; x_wconf 87' lang='lat' dir='ltr'><strong>angmentis,</strong></span> <span class='ocrx_word' id='word_1_413' title='bbox 1791 4187 1964 4244; x_wconf 68' lang='lat' dir='ltr'><strong>quate</strong></span> 
     </span>
    </p>
   </div>
   <div class='ocr_carea' id='block_1_58' title="bbox 397 4253 1962 4331">
    <p class='ocr_par' dir='ltr' id='par_1_58' title="bbox 397 4253 1962 4331">
     <span class='ocr_line' id='line_1_59' title="bbox 397 4253 1962 4331; baseline 0.013 -28"><span class='ocrx_word' id='word_1_414' title='bbox 397 4267 495 4304; x_wconf 91' lang='lat' dir='ltr'><strong>nus</strong></span> <span class='ocrx_word' id='word_1_415' title='bbox 525 4253 712 4308; x_wconf 89' lang='lat' dir='ltr'><strong>melius</strong></span> <span class='ocrx_word' id='word_1_416' title='bbox 739 4255 964 4311; x_wconf 78' lang='lat' dir='ltr'><strong>delectet</strong></span> <span class='ocrx_word' id='word_1_417' title='bbox 995 4258 1140 4328; x_wconf 88' lang='lat' dir='ltr'><strong>ipsos</strong></span> <span class='ocrx_word' id='word_1_418' title='bbox 1168 4275 1354 4316; x_wconf 90' lang='lat' dir='ltr'><strong>servos</strong></span> <span class='ocrx_word' id='word_1_419' title='bbox 1381 4261 1493 4328; x_wconf 91' lang='lat' dir='ltr'><strong>Dei,</strong></span> <span class='ocrx_word' id='word_1_420' title='bbox 1519 4265 1606 4331; x_wconf 93' lang='lat' dir='ltr'><strong>qui</strong></span> <span class='ocrx_word' id='word_1_421' title='bbox 1635 4265 1827 4322; x_wconf 89' lang='lat' dir='ltr'><strong>ibidem</strong></span> <span class='ocrx_word' id='word_1_422' title='bbox 1855 4269 1962 4324; x_wconf 92' lang='lat' dir='ltr'><strong>Deo</strong></span> 
     </span>
    </p>
   </div>
   <div class='ocr_carea' id='block_1_59' title="bbox 398 4341 1963 4428">
    <p class='ocr_par' dir='ltr' id='par_1_59' title="bbox 398 4341 1963 4428">
     <span class='ocr_line' id='line_1_60' title="bbox 398 4341 1963 4428; baseline 0.013 -34"><span class='ocrx_word' id='word_1_423' title='bbox 398 4341 728 4411; x_wconf 69' lang='lat' dir='ltr'><strong>muniantur,</strong></span> <span class='ocrx_word' id='word_1_424' title='bbox 779 4359 873 4412; x_wconf 89' lang='lat' dir='ltr'><strong>pro</strong></span> <span class='ocrx_word' id='word_1_425' title='bbox 922 4351 1073 4405; x_wconf 84' lang='lat' dir='ltr'><strong>nobis</strong></span> <span class='ocrx_word' id='word_1_426' title='bbox 1121 4360 1174 4406; x_wconf 90' lang='lat' dir='ltr'><strong>et</strong></span> <span class='ocrx_word' id='word_1_427' title='bbox 1225 4353 1407 4409; x_wconf 90' lang='lat' dir='ltr'><strong>liberis</strong></span> <span class='ocrx_word' id='word_1_428' title='bbox 1452 4357 1668 4422; x_wconf 88' lang='lat' dir='ltr'><strong>nostris,</strong></span> <span class='ocrx_word' id='word_1_429' title='bbox 1720 4373 1814 4413; x_wconf 89' lang='lat' dir='ltr'><strong>seu</strong></span> <span class='ocrx_word' id='word_1_430' title='bbox 1869 4375 1963 4428; x_wconf 93' lang='lat' dir='ltr'><strong>pro</strong></span> 
     </span>
    </p>
   </div>
   <div class='ocr_carea' id='block_1_60' title="bbox 393 4434 1962 4519">
    <p class='ocr_par' dir='ltr' id='par_1_60' title="bbox 393 4434 1962 4519">
     <span class='ocr_line' id='line_1_61' title="bbox 393 4434 1962 4519; baseline 0.013 -34"><span class='ocrx_word' id='word_1_431' title='bbox 393 4434 679 4491; x_wconf 87' lang='lat' dir='ltr'><strong>stabilitate</strong></span> <span class='ocrx_word' id='word_1_432' title='bbox 709 4439 856 4508; x_wconf 88' lang='lat' dir='ltr'><strong>regni</strong></span> <span class='ocrx_word' id='word_1_433' title='bbox 889 4441 1075 4508; x_wconf 89' lang='lat' dir='ltr'><strong>nostri,</strong></span> <span class='ocrx_word' id='word_1_434' title='bbox 1109 4453 1163 4496; x_wconf 89' lang='lat' dir='ltr'><strong>et</strong></span> <span class='ocrx_word' id='word_1_435' title='bbox 1189 4457 1284 4508; x_wconf 90' lang='lat' dir='ltr'><strong>pro</strong></span> <span class='ocrx_word' id='word_1_436' title='bbox 1312 4447 1588 4501; x_wconf 87' lang='lat' dir='ltr'><strong>animabus</strong></span> <span class='ocrx_word' id='word_1_437' title='bbox 1614 4445 1872 4519; x_wconf 83' lang='lat' dir='ltr'><strong>genitoris</strong></span> <span class='ocrx_word' id='word_1_438' title='bbox 1900 4465 1962 4505; x_wconf 92' lang='lat' dir='ltr'><strong>ac</strong></span> 
     </span>
    </p>
   </div>
   <div class='ocr_carea' id='block_1_61' title="bbox 394 4527 1962 4601">
    <p class='ocr_par' dir='ltr' id='par_1_61' title="bbox 394 4527 1962 4601">
     <span class='ocr_line' id='line_1_62' title="bbox 394 4527 1962 4601; baseline 0.012 -24"><span class='ocrx_word' id='word_1_439' title='bbox 394 4527 666 4592; x_wconf 75' lang='lat' dir='ltr'><strong>genitricis</strong></span> <span class='ocrx_word' id='word_1_440' title='bbox 707 4539 900 4584; x_wconf 69' lang='lat' dir='ltr'><strong>nostra:</strong></span> <span class='ocrx_word' id='word_1_441' title='bbox 941 4531 1138 4601; x_wconf 83' lang='lat' dir='ltr'><strong>jugiter</strong></span> <span class='ocrx_word' id='word_1_442' title='bbox 1173 4534 1380 4589; x_wconf 86' lang='lat' dir='ltr'><strong>Domini</strong></span> <span class='ocrx_word' id='word_1_443' title='bbox 1421 4537 1834 4594; x_wconf 79' lang='lat' dir='ltr'><strong>miscricordiam</strong></span> <span class='ocrx_word' id='word_1_444' title='bbox 1878 4555 1962 4595; x_wconf 79' lang='lat' dir='ltr'><strong>ex-</strong></span> 
     </span>
    </p>
   </div>
   <div class='ocr_carea' id='block_1_62' title="bbox 393 4621 1960 4691">
    <p class='ocr_par' dir='ltr' id='par_1_62' title="bbox 393 4621 1960 4691">
     <span class='ocr_line' id='line_1_63' title="bbox 393 4621 1960 4691; baseline 0.011 -19"><span class='ocrx_word' id='word_1_445' title='bbox 393 4633 566 4674; x_wconf 91' lang='lat' dir='ltr'><strong>orare.</strong></span> <span class='ocrx_word' id='word_1_446' title='bbox 617 4621 680 4675; x_wconf 87' lang='lat' dir='ltr'><strong>Et</strong></span> <span class='ocrx_word' id='word_1_447' title='bbox 727 4631 782 4677; x_wconf 90' lang='lat' dir='ltr'><strong>nt</strong></span> <span class='ocrx_word' id='word_1_448' title='bbox 823 4623 935 4680; x_wconf 68' lang='lat' dir='ltr'><strong>hac</strong></span> <span class='ocrx_word' id='word_1_449' title='bbox 971 4627 1258 4682; x_wconf 88' lang='lat' dir='ltr'><strong>auctoritas</strong></span> <span class='ocrx_word' id='word_1_450' title='bbox 1303 4629 1551 4684; x_wconf 80' lang='lat' dir='ltr'><strong>inviolata</strong></span> <span class='ocrx_word' id='word_1_451' title='bbox 1604 4631 1710 4687; x_wconf 89' lang='lat' dir='ltr'><strong>Deo</strong></span> <span class='ocrx_word' id='word_1_452' title='bbox 1757 4635 1960 4691; x_wconf 90' lang='lat' dir='ltr'><strong>auctori</strong></span> 
     </span>
    </p>
   </div>
   <div class='ocr_carea' id='block_1_63' title="bbox 465 4757 1958 4843">
    <p class='ocr_par' dir='ltr' id='par_1_63' title="bbox 465 4757 1958 4843">
     <span class='ocr_line' id='line_1_64' title="bbox 465 4757 1958 4843; baseline 0.01 -32"><span class='ocrx_word' id='word_1_453' title='bbox 465 4771 488 4798; x_wconf 77' lang='grc' dir='ltr'>ει</span> <span class='ocrx_word' id='word_1_454' title='bbox 533 4757 844 4843; x_wconf 58' lang='grc' dir='ltr'>ῑξγρυιιιαᾴιιι</span> <span class='ocrx_word' id='word_1_455' title='bbox 866 4775 910 4817; x_wconf 83' lang='lat' dir='ltr'><strong>et</strong></span> <span class='ocrx_word' id='word_1_456' title='bbox 933 4765 1089 4833; x_wconf 79' lang='lat' dir='ltr'><strong>frater</strong></span> <span class='ocrx_word' id='word_1_457' title='bbox 1106 4769 1216 4843; x_wconf 80' lang='lat' dir='ltr'><strong>ejus</strong></span> <span class='ocrx_word' id='word_1_458' title='bbox 1234 4765 1468 4843; x_wconf 71' lang='lat' dir='ltr'><strong>Basinus.</strong></span> <span class='ocrx_word' id='word_1_459' title='bbox 1497 4768 1738 4843; x_wconf 57' lang='lat' dir='ltr'><strong>Praesens</strong></span> <span class='ocrx_word' id='word_1_460' title='bbox 1753 4771 1958 4839; x_wconf 86' lang='lat' dir='ltr'><strong>charta,</strong></span> 
     </span>
    </p>
   </div>
   <div class='ocr_carea' id='block_1_64' title="bbox 394 4831 1961 4900">
    <p class='ocr_par' dir='ltr' id='par_1_64' title="bbox 394 4831 1961 4900">
     <span class='ocr_line' id='line_1_65' title="bbox 394 4831 1961 4900; baseline 0.012 -23"><span class='ocrx_word' id='word_1_461' title='bbox 394 4831 566 4895; x_wconf 85' lang='lat' dir='ltr'><strong>quoad</strong></span> <span class='ocrx_word' id='word_1_462' title='bbox 607 4846 717 4884; x_wconf 87' lang='lat' dir='ltr'><strong>rem</strong></span> <span class='ocrx_word' id='word_1_463' title='bbox 755 4831 1014 4900; x_wconf 44' lang='lat' dir='ltr'><strong>ipsam&#39;et</strong></span> <span class='ocrx_word' id='word_1_464' title='bbox 1057 4831 1402 4891; x_wconf 77' lang='lat' dir='ltr'><strong>substantiam</strong></span> <span class='ocrx_word' id='word_1_465' title='bbox 1447 4840 1573 4892; x_wconf 90' lang='lat' dir='ltr'><strong>mihi</strong></span> <span class='ocrx_word' id='word_1_466' title='bbox 1617 4841 1832 4896; x_wconf 91' lang='lat' dir='ltr'><strong>minime</strong></span> <span class='ocrx_word' id='word_1_467' title='bbox 1871 4831 1961 4896; x_wconf 58' lang='lat' dir='ltr'><strong>su;</strong></span> 
     </span>
    </p>
   </div>
   <div class='ocr_carea' id='block_1_65' title="bbox 394 4901 1962 4968">
    <p class='ocr_par' dir='ltr' id='par_1_65' title="bbox 394 4901 1962 4968">
     <span class='ocr_line' id='line_1_66' title="bbox 394 4901 1962 4968; baseline 0.011 -19"><span class='ocrx_word' id='word_1_468' title='bbox 394 4909 595 4963; x_wconf 87' lang='lat' dir='ltr'><strong>specta,</strong></span> <span class='ocrx_word' id='word_1_469' title='bbox 641 4901 814 4968; x_wconf 88' lang='lat' dir='ltr'><strong>quoad</strong></span> <span class='ocrx_word' id='word_1_470' title='bbox 862 4903 1080 4957; x_wconf 76' lang='lat' dir='ltr'><strong>formam</strong></span> <span class='ocrx_word' id='word_1_471' title='bbox 1119 4917 1266 4960; x_wconf 90' lang='lat' dir='ltr'><strong>certe</strong></span> <span class='ocrx_word' id='word_1_472' title='bbox 1310 4907 1428 4962; x_wconf 89' lang='lat' dir='ltr'><strong>talis</strong></span> <span class='ocrx_word' id='word_1_473' title='bbox 1463 4909 1689 4964; x_wconf 88' lang='lat' dir='ltr'><strong>videtur.</strong></span> <span class='ocrx_word' id='word_1_474' title='bbox 1735 4910 1962 4966; x_wconf 59' lang='lat' dir='ltr'><strong>Praeter-</strong></span> 
     </span>
    </p>
   </div>
   <div class='ocr_carea' id='block_1_66' title="bbox 394 4971 1960 5046">
    <p class='ocr_par' dir='ltr' id='par_1_66' title="bbox 394 4971 1960 5046">
     <span class='ocr_line' id='line_1_67' title="bbox 394 4971 1960 5046; baseline 0.014 -31"><span class='ocrx_word' id='word_1_475' title='bbox 394 4971 746 5046; x_wconf 81' lang='lat' dir='ltr'><strong>qua_m_e_nim,</strong></span> <span class='ocrx_word' id='word_1_476' title='bbox 781 4973 921 5038; x_wconf 82' lang='lat' dir='ltr'><strong>qtmd</strong></span> <span class='ocrx_word' id='word_1_477' title='bbox 945 4973 1121 5046; x_wconf 60' lang='lat' dir='ltr'><strong>Qaroli</strong></span> <span class='ocrx_word' id='word_1_478' title='bbox 1149 4975 1333 5046; x_wconf 75' lang='lat' dir='ltr'><strong>titulus</strong></span> <span class='ocrx_word' id='word_1_479' title='bbox 1359 4977 1677 5032; x_wconf 80' lang='lat' dir='ltr'><strong>Francorum</strong></span> <span class='ocrx_word' id='word_1_480' title='bbox 1709 4980 1960 5046; x_wconf 85' lang='lat' dir='ltr'><strong>patricius</strong></span> 
     </span>
    </p>
   </div>
   <div class='ocr_carea' id='block_1_67' title="bbox 393 5037 1960 5120">
    <p class='ocr_par' dir='ltr' id='par_1_67' title="bbox 393 5037 1960 5120">
     <span class='ocr_line' id='line_1_68' title="bbox 393 5037 1960 5120; baseline 0.011 -31"><span class='ocrx_word' id='word_1_481' title='bbox 393 5037 509 5120; x_wconf 52' lang='lat' dir='ltr'><strong>(qui</strong></span> <span class='ocrx_word' id='word_1_482' title='bbox 536 5037 753 5120; x_wconf 79' lang='lat' dir='ltr'><strong>deberet</strong></span> <span class='ocrx_word' id='word_1_483' title='bbox 789 5037 910 5098; x_wconf 86' lang='lat' dir='ltr'><strong>esse</strong></span> <span class='ocrx_word' id='word_1_484' title='bbox 945 5041 1280 5120; x_wconf 60' lang='lat' dir='ltr'><strong>Francorum</strong></span> <span class='ocrx_word' id='word_1_485' title='bbox 1313 5037 1845 5120; x_wconf 10' lang='lat' dir='ltr'><strong>Rex,_fﬂomanorum</strong></span> <span class='ocrx_word' id='word_1_486' title='bbox 1875 5037 1960 5120; x_wconf 55' lang='lat' dir='ltr'><strong>pa;</strong></span> 
     </span>
    </p>
   </div>
   <div class='ocr_carea' id='block_1_68' title="bbox 395 5108 1958 5182">
    <p class='ocr_par' dir='ltr' id='par_1_68' title="bbox 395 5108 1958 5182">
     <span class='ocr_line' id='line_1_69' title="bbox 395 5108 1958 5182; baseline 0.012 -25"><span class='ocrx_word' id='word_1_487' title='bbox 395 5108 600 5182; x_wconf 77' lang='lat' dir='ltr'><strong>tricins)</strong></span> <span class='ocrx_word' id='word_1_488' title='bbox 625 5119 895 5164; x_wconf 87' lang='lat' dir='ltr'><strong>truncatus</strong></span> <span class='ocrx_word' id='word_1_489' title='bbox 917 5121 1188 5182; x_wconf 87' lang='lat' dir='ltr'><strong>appareat,</strong></span> <span class='ocrx_word' id='word_1_490' title='bbox 1216 5108 1487 5167; x_wconf 83' lang='lat' dir='ltr'><strong>Weomadi</strong></span> <span class='ocrx_word' id='word_1_491' title='bbox 1510 5126 1563 5168; x_wconf 91' lang='lat' dir='ltr'><strong>et</strong></span> <span class='ocrx_word' id='word_1_492' title='bbox 1589 5117 1760 5174; x_wconf 88' lang='lat' dir='ltr'><strong>Basini</strong></span> <span class='ocrx_word' id='word_1_493' title='bbox 1782 5108 1958 5176; x_wconf 58' lang='lat' dir='ltr'><strong>coaiva</strong></span> 
     </span>
    </p>
   </div>
   <div class='ocr_carea' id='block_1_69' title="bbox 395 5176 1958 5250">
    <p class='ocr_par' dir='ltr' id='par_1_69' title="bbox 395 5176 1958 5250">
     <span class='ocr_line' id='line_1_70' title="bbox 395 5176 1958 5250; baseline 0.012 -24"><span class='ocrx_word' id='word_1_494' title='bbox 395 5176 498 5250; x_wconf 84' lang='lat' dir='ltr'><strong>vita</strong></span> <span class='ocrx_word' id='word_1_495' title='bbox 528 5176 628 5250; x_wconf 80' lang='lat' dir='ltr'><strong>n_0n</strong></span> <span class='ocrx_word' id='word_1_496' title='bbox 659 5182 907 5234; x_wconf 87' lang='lat' dir='ltr'><strong>convenit</strong></span> <span class='ocrx_word' id='word_1_497' title='bbox 935 5176 1053 5235; x_wconf 80' lang='lat' dir='ltr'><strong>cum</strong></span> <span class='ocrx_word' id='word_1_498' title='bbox 1083 5176 1220 5234; x_wconf 89' lang='lat' dir='ltr'><strong>anno</strong></span> <span class='ocrx_word' id='word_1_499' title='bbox 1247 5185 1513 5250; x_wconf 83' lang='lat' dir='ltr'><strong>regiminis</strong></span> <span class='ocrx_word' id='word_1_500' title='bbox 1539 5183 1608 5240; x_wconf 75' lang='grc'><strong>54</strong></span> <span class='ocrx_word' id='word_1_501' title='bbox 1636 5187 1811 5242; x_wconf 89' lang='lat' dir='ltr'><strong>Caroli</strong></span> <span class='ocrx_word' id='word_1_502' title='bbox 1841 5191 1958 5243; x_wconf 84' lang='lat' dir='ltr'><strong>Ma-</strong></span> 
     </span>
    </p>
   </div>
   <div class='ocr_carea' id='block_1_70' title="bbox 391 5247 1958 5320">
    <p class='ocr_par' dir='ltr' id='par_1_70' title="bbox 391 5247 1958 5320">
     <span class='ocr_line' id='line_1_71' title="bbox 391 5247 1958 5320; baseline 0.012 -25"><span class='ocrx_word' id='word_1_503' title='bbox 391 5247 500 5314; x_wconf 89' lang='lat' dir='ltr'><strong>gni.</strong></span> <span class='ocrx_word' id='word_1_504' title='bbox 533 5247 826 5303; x_wconf 81' lang='lat' dir='ltr'><strong>Convixere</strong></span> <span class='ocrx_word' id='word_1_505' title='bbox 865 5252 1044 5319; x_wconf 86' lang='lat' dir='ltr'><strong>utique</strong></span> <span class='ocrx_word' id='word_1_506' title='bbox 1084 5247 1766 5320; x_wconf 39' lang='lat' dir='ltr'><strong>BasinusietWeomadus,</strong></span> <span class='ocrx_word' id='word_1_507' title='bbox 1801 5261 1958 5314; x_wconf 86' lang='lat' dir='ltr'><strong>ambo</strong></span> 
     </span>
    </p>
   </div>
   <div class='ocr_carea' id='block_1_71' title="bbox 393 5321 1959 5388">
    <p class='ocr_par' dir='ltr' id='par_1_71' title="bbox 393 5321 1959 5388">
     <span class='ocr_line' id='line_1_72' title="bbox 393 5321 1959 5388; baseline 0.011 -23"><span class='ocrx_word' id='word_1_508' title='bbox 393 5321 692 5373; x_wconf 82' lang='lat' dir='ltr'><strong>successive</strong></span> <span class='ocrx_word' id='word_1_509' title='bbox 718 5323 886 5374; x_wconf 84' lang='lat' dir='ltr'><strong>sancti</strong></span> <span class='ocrx_word' id='word_1_510' title='bbox 918 5322 1183 5374; x_wconf 77' lang='lat' dir='ltr'><strong>Maximini</strong></span> <span class='ocrx_word' id='word_1_511' title='bbox 1212 5321 1448 5388; x_wconf 88' lang='lat' dir='ltr'><strong>abbates,</strong></span> <span class='ocrx_word' id='word_1_512' title='bbox 1479 5333 1532 5376; x_wconf 90' lang='lat' dir='ltr'><strong>et</strong></span> <span class='ocrx_word' id='word_1_513' title='bbox 1561 5324 1752 5380; x_wconf 90' lang='lat' dir='ltr'><strong>deinde</strong></span> <span class='ocrx_word' id='word_1_514' title='bbox 1775 5327 1959 5382; x_wconf 86' lang='lat' dir='ltr'><strong>Trevi-</strong></span> 
     </span>
    </p>
   </div>
   <div class='ocr_carea' id='block_1_72' title="bbox 393 5392 1954 5464">
    <p class='ocr_par' dir='ltr' id='par_1_72' title="bbox 393 5392 1954 5464">
     <span class='ocr_line' id='line_1_73' title="bbox 393 5392 1954 5464; baseline 0.01 -28"><span class='ocrx_word' id='word_1_515' title='bbox 393 5398 572 5440; x_wconf 88' lang='lat' dir='ltr'><strong>rorum</strong></span> <span class='ocrx_word' id='word_1_516' title='bbox 611 5392 915 5464; x_wconf 46' lang='lat' dir='ltr'><strong>prmsules;</strong></span> <span class='ocrx_word' id='word_1_517' title='bbox 945 5400 1000 5464; x_wconf 83' lang='lat' dir='ltr'><strong>at</strong></span> <span class='ocrx_word' id='word_1_518' title='bbox 1034 5393 1188 5454; x_wconf 86' lang='lat' dir='ltr'><strong>citius</strong></span> <span class='ocrx_word' id='word_1_519' title='bbox 1221 5394 1611 5464; x_wconf 10' lang='lat' dir='ltr'><strong>anequefenim</strong></span> <span class='ocrx_word' id='word_1_520' title='bbox 1653 5397 1818 5464; x_wconf 86' lang='lat' dir='ltr'><strong>potuit</strong></span> <span class='ocrx_word' id='word_1_521' title='bbox 1849 5407 1954 5452; x_wconf 89' lang='lat' dir='ltr'><strong>tam</strong></span> 
     </span>
    </p>
   </div>
   <div class='ocr_carea' id='block_1_73' title="bbox 391 5459 1954 5529">
    <p class='ocr_par' dir='ltr' id='par_1_73' title="bbox 391 5459 1954 5529">
     <span class='ocr_line' id='line_1_74' title="bbox 391 5459 1954 5529; baseline 0.012 -25"><span class='ocrx_word' id='word_1_522' title='bbox 391 5461 858 5529; x_wconf 75' lang='lat' dir='ltr'><strong>serosuperruisse</strong></span> <span class='ocrx_word' id='word_1_523' title='bbox 881 5459 1120 5525; x_wconf 86' lang='lat' dir='ltr'><strong>Basinus,</strong></span> <span class='ocrx_word' id='word_1_524' title='bbox 1149 5463 1236 5528; x_wconf 90' lang='lat' dir='ltr'><strong>qni</strong></span> <span class='ocrx_word' id='word_1_525' title='bbox 1254 5459 1479 5529; x_wconf 81' lang='lat' dir='ltr'><strong>jamsub</strong></span> <span class='ocrx_word' id='word_1_526' title='bbox 1505 5459 1666 5516; x_wconf 84' lang='lat' dir='ltr'><strong>tinem</strong></span> <span class='ocrx_word' id='word_1_527' title='bbox 1683 5468 1861 5520; x_wconf 82' lang='lat' dir='ltr'><strong>saeculi</strong></span> <span class='ocrx_word' id='word_1_528' title='bbox 1887 5483 1954 5522; x_wconf 84' lang='lat' dir='ltr'><strong>vn</strong></span> 
     </span>
    </p>
   </div>
   <div class='ocr_carea' id='block_1_74' title="bbox 391 5526 1951 5590">
    <p class='ocr_par' dir='ltr' id='par_1_74' title="bbox 391 5526 1951 5590">
     <span class='ocr_line' id='line_1_75' title="bbox 391 5526 1951 5590; baseline 0.01 -15"><span class='ocrx_word' id='word_1_529' title='bbox 391 5526 620 5589; x_wconf 66' lang='lat' dir='ltr'><strong>praefuit.</strong></span> <span class='ocrx_word' id='word_1_530' title='bbox 655 5527 811 5582; x_wconf 75' lang='lat' dir='ltr'><strong>Juvat</strong></span> <span class='ocrx_word' id='word_1_531' title='bbox 853 5531 938 5584; x_wconf 90' lang='lat' dir='ltr'><strong>hic</strong></span> <span class='ocrx_word' id='word_1_532' title='bbox 967 5531 1150 5584; x_wconf 86' lang='lat' dir='ltr'><strong>audire</strong></span> <span class='ocrx_word' id='word_1_533' title='bbox 1169 5526 1335 5586; x_wconf 52' lang='lat' dir='ltr'><strong>Alex.</strong></span> <span class='ocrx_word' id='word_1_534' title='bbox 1367 5531 1730 5587; x_wconf 87' lang='lat' dir='ltr'><strong>Wilthemium</strong></span> <span class='ocrx_word' id='word_1_535' title='bbox 1762 5538 1951 5590; x_wconf 75' lang='lat' dir='ltr'><strong>Annal.</strong></span> 
     </span>
    </p>
   </div>
   <div class='ocr_carea' id='block_1_75' title="bbox 390 5597 1956 5672">
    <p class='ocr_par' dir='ltr' id='par_1_75' title="bbox 390 5597 1956 5672">
     <span class='ocr_line' id='line_1_76' title="bbox 390 5597 1956 5672; baseline 0.011 -29"><span class='ocrx_word' id='word_1_536' title='bbox 390 5597 560 5672; x_wconf 79' lang='lat' dir='ltr'><strong>sancti</strong></span> <span class='ocrx_word' id='word_1_537' title='bbox 595 5599 805 5672; x_wconf 59' lang='lat' dir='ltr'><strong>alexim.</strong></span> <span class='ocrx_word' id='word_1_538' title='bbox 846 5615 946 5653; x_wconf 74' lang='lat' dir='ltr'><strong>ms.</strong></span> <span class='ocrx_word' id='word_1_539' title='bbox 981 5601 1096 5655; x_wconf 87' lang='lat' dir='ltr'><strong>Lib.</strong></span> <span class='ocrx_word' id='word_1_540' title='bbox 1127 5615 1164 5654; x_wconf 87' lang='grc' dir='ltr'>ιι</span> <span class='ocrx_word' id='word_1_541' title='bbox 1205 5603 1253 5654; x_wconf 93' lang='lat' dir='ltr'><strong>in</strong></span> <span class='ocrx_word' id='word_1_542' title='bbox 1293 5603 1398 5656; x_wconf 81' lang='lat' dir='ltr'><strong>line</strong></span> <span class='ocrx_word' id='word_1_543' title='bbox 1432 5603 1496 5656; x_wconf 90' lang='lat' dir='ltr'><strong>ad</strong></span> <span class='ocrx_word' id='word_1_544' title='bbox 1534 5615 1660 5655; x_wconf 89' lang='lat' dir='ltr'><strong>ann.</strong></span> <span class='ocrx_word' id='word_1_545' title='bbox 1693 5603 1827 5668; x_wconf 74' lang='lat'><strong>729,</strong></span> <span class='ocrx_word' id='word_1_546' title='bbox 1869 5608 1956 5662; x_wconf 87' lang='lat' dir='ltr'><strong>ubi</strong></span> 
     </span>
    </p>
   </div>
   <div class='ocr_carea' id='block_1_76' title="bbox 391 5667 1952 5740">
    <p class='ocr_par' dir='ltr' id='par_1_76' title="bbox 391 5667 1952 5740">
     <span class='ocr_line' id='line_1_77' title="bbox 391 5667 1952 5740; baseline 0.01 -27"><span class='ocrx_word' id='word_1_547' title='bbox 391 5667 514 5740; x_wconf 79' lang='lat' dir='ltr'><strong>ita:</strong></span> <span class='ocrx_word' id='word_1_548' title='bbox 559 5685 577 5718; x_wconf 85' lang='grc' dir='ltr'><strong>ι</strong></span> <span class='ocrx_word' id='word_1_549' title='bbox 619 5667 835 5720; x_wconf 80' lang='lat' dir='ltr'><strong>Basinus</strong></span> <span class='ocrx_word' id='word_1_550' title='bbox 873 5681 1046 5740; x_wconf 81' lang='lat' dir='ltr'><strong>autem</strong></span> <span class='ocrx_word' id='word_1_551' title='bbox 1086 5686 1357 5740; x_wconf 78' lang='lat' dir='ltr'><strong>quousque</strong></span> <span class='ocrx_word' id='word_1_552' title='bbox 1395 5673 1736 5740; x_wconf 86' lang='lat' dir='ltr'><strong>imposterum</strong></span> <span class='ocrx_word' id='word_1_553' title='bbox 1777 5667 1952 5729; x_wconf 85' lang='lat' dir='ltr'><strong>munia</strong></span> 
     </span>
    </p>
   </div>
   <div class='ocr_carea' id='block_1_77' title="bbox 391 5737 1950 5806">
    <p class='ocr_par' dir='ltr' id='par_1_77' title="bbox 391 5737 1950 5806">
     <span class='ocr_line' id='line_1_78' title="bbox 391 5737 1950 5806; baseline 0.012 -24"><span class='ocrx_word' id='word_1_554' title='bbox 391 5737 596 5790; x_wconf 76' lang='lat' dir='ltr'><strong>abbatis</strong></span> <span class='ocrx_word' id='word_1_555' title='bbox 627 5741 870 5806; x_wconf 54' lang='lat' dir='ltr'><strong>gesserit,</strong></span> <span class='ocrx_word' id='word_1_556' title='bbox 903 5739 1036 5793; x_wconf 84' lang='lat' dir='ltr'><strong>haud</strong></span> <span class='ocrx_word' id='word_1_557' title='bbox 1066 5737 1216 5794; x_wconf 72' lang='lat' dir='ltr'><strong>facile</strong></span> <span class='ocrx_word' id='word_1_558' title='bbox 1243 5737 1486 5796; x_wconf 55' lang='lat' dir='ltr'><strong>dixerim;</strong></span> <span class='ocrx_word' id='word_1_559' title='bbox 1537 5744 1642 5797; x_wconf 88' lang='lat' dir='ltr'><strong>lloc</strong></span> <span class='ocrx_word' id='word_1_560' title='bbox 1671 5747 1799 5800; x_wconf 84' lang='lat' dir='ltr'><strong>satis</strong></span> <span class='ocrx_word' id='word_1_561' title='bbox 1829 5761 1950 5802; x_wconf 82' lang='lat' dir='ltr'><strong>cou-</strong></span> 
     </span>
    </p>
   </div>
   <div class='ocr_carea' id='block_1_78' title="bbox 2077 1895 3655 1974">
    <p class='ocr_par' dir='ltr' id='par_1_78' title="bbox 2077 1895 3655 1974">
     <span class='ocr_line' id='line_1_79' title="bbox 2077 1895 3655 1974; baseline 0.005 -24"><span class='ocrx_word' id='word_1_562' title='bbox 2077 1895 2176 1950; x_wconf 89' lang='lat' dir='ltr'><strong>bus</strong></span> <span class='ocrx_word' id='word_1_563' title='bbox 2203 1913 2360 1966; x_wconf 90' lang='lat' dir='ltr'><strong>quam</strong></span> <span class='ocrx_word' id='word_1_564' title='bbox 2392 1899 2601 1955; x_wconf 82' lang='lat' dir='ltr'><strong>tuturis.</strong></span> <span class='ocrx_word' id='word_1_565' title='bbox 2635 1901 2687 1956; x_wconf 89' lang='lat' dir='ltr'><strong>Id</strong></span> <span class='ocrx_word' id='word_1_566' title='bbox 2721 1902 2872 1958; x_wconf 91' lang='lat' dir='ltr'><strong>nobis</strong></span> <span class='ocrx_word' id='word_1_567' title='bbox 2898 1903 2962 1957; x_wconf 91' lang='lat' dir='ltr'><strong>ad</strong></span> <span class='ocrx_word' id='word_1_568' title='bbox 2995 1913 3334 1974; x_wconf 85' lang='lat' dir='ltr'><strong>augmentum</strong></span> <span class='ocrx_word' id='word_1_569' title='bbox 3371 1911 3427 1960; x_wconf 90' lang='lat' dir='ltr'><strong>et</strong></span> <span class='ocrx_word' id='word_1_570' title='bbox 3465 1905 3655 1958; x_wconf 85' lang='lat' dir='ltr'><strong>stabili-</strong></span> 
     </span>
    </p>
   </div>
   <div class='ocr_carea' id='block_1_79' title="bbox 2077 1991 3654 2060">
    <p class='ocr_par' dir='ltr' id='par_1_79' title="bbox 2077 1991 3654 2060">
     <span class='ocr_line' id='line_1_80' title="bbox 2077 1991 3654 2060; baseline 0.003 -21"><span class='ocrx_word' id='word_1_571' title='bbox 2077 1995 2240 2040; x_wconf 89' lang='lat' dir='ltr'><strong>tatem</strong></span> <span class='ocrx_word' id='word_1_572' title='bbox 2272 1991 2418 2058; x_wconf 83' lang='lat' dir='ltr'><strong>regni</strong></span> <span class='ocrx_word' id='word_1_573' title='bbox 2452 1992 2617 2044; x_wconf 90' lang='lat' dir='ltr'><strong>nostri</strong></span> <span class='ocrx_word' id='word_1_574' title='bbox 2649 1992 2830 2060; x_wconf 88' lang='lat' dir='ltr'><strong>procul</strong></span> <span class='ocrx_word' id='word_1_575' title='bbox 2859 1991 3020 2048; x_wconf 91' lang='lat' dir='ltr'><strong>dubio</strong></span> <span class='ocrx_word' id='word_1_576' title='bbox 3051 1993 3106 2047; x_wconf 89' lang='lat' dir='ltr'><strong>in</strong></span> <span class='ocrx_word' id='word_1_577' title='bbox 3139 1993 3228 2048; x_wconf 89' lang='lat' dir='ltr'><strong>Dei</strong></span> <span class='ocrx_word' id='word_1_578' title='bbox 3257 1993 3470 2049; x_wconf 90' lang='lat' dir='ltr'><strong>nomine</strong></span> <span class='ocrx_word' id='word_1_579' title='bbox 3495 1994 3654 2048; x_wconf 57' lang='lat' dir='ltr'><strong>credi.</strong></span> 
     </span>
    </p>
   </div>
   <div class='ocr_carea' id='block_1_80' title="bbox 2078 2083 3656 2152">
    <p class='ocr_par' dir='ltr' id='par_1_80' title="bbox 2078 2083 3656 2152">
     <span class='ocr_line' id='line_1_81' title="bbox 2078 2083 3656 2152; baseline 0.004 -20"><span class='ocrx_word' id='word_1_580' title='bbox 2078 2093 2194 2132; x_wconf 90' lang='lat' dir='ltr'><strong>mus</strong></span> <span class='ocrx_word' id='word_1_581' title='bbox 2221 2083 2506 2146; x_wconf 87' lang='lat' dir='ltr'><strong>pertinere,</strong></span> <span class='ocrx_word' id='word_1_582' title='bbox 2530 2083 2574 2137; x_wconf 92' lang='lat' dir='ltr'><strong>si</strong></span> <span class='ocrx_word' id='word_1_583' title='bbox 2599 2084 2938 2152; x_wconf 86' lang='lat' dir='ltr'><strong>petitionibus</strong></span> <span class='ocrx_word' id='word_1_584' title='bbox 2965 2088 3301 2140; x_wconf 86' lang='lat' dir='ltr'><strong>sacerdotum</strong></span> <span class='ocrx_word' id='word_1_585' title='bbox 3327 2095 3383 2142; x_wconf 87' lang='lat' dir='ltr'><strong>et</strong></span> <span class='ocrx_word' id='word_1_586' title='bbox 3405 2087 3656 2142; x_wconf 83' lang='lat' dir='ltr'><strong>ecclesia-</strong></span> 
     </span>
    </p>
   </div>
   <div class='ocr_carea' id='block_1_81' title="bbox 2076 2169 3654 2245">
    <p class='ocr_par' dir='ltr' id='par_1_81' title="bbox 2076 2169 3654 2245">
     <span class='ocr_line' id='line_1_82' title="bbox 2076 2169 3654 2245; baseline 0.006 -24"><span class='ocrx_word' id='word_1_587' title='bbox 2076 2183 2192 2222; x_wconf 90' lang='lat' dir='ltr'><strong>rum</strong></span> <span class='ocrx_word' id='word_1_588' title='bbox 2228 2169 2316 2224; x_wconf 84' lang='lat' dir='ltr'><strong>Dei</strong></span> <span class='ocrx_word' id='word_1_589' title='bbox 2348 2171 2579 2226; x_wconf 89' lang='lat' dir='ltr'><strong>tidelium</strong></span> <span class='ocrx_word' id='word_1_590' title='bbox 2611 2175 2772 2228; x_wconf 86' lang='lat' dir='ltr'><strong>rectis</strong></span> <span class='ocrx_word' id='word_1_591' title='bbox 2797 2173 3138 2244; x_wconf 85' lang='lat' dir='ltr'><strong>petitionibus</strong></span> <span class='ocrx_word' id='word_1_592' title='bbox 3162 2190 3436 2231; x_wconf 87' lang='lat' dir='ltr'><strong>assensum</strong></span> <span class='ocrx_word' id='word_1_593' title='bbox 3467 2177 3654 2245; x_wconf 79' lang='lat' dir='ltr'><strong>prehe-</strong></span> 
     </span>
    </p>
   </div>
   <div class='ocr_carea' id='block_1_82' title="bbox 2076 2262 3653 2334">
    <p class='ocr_par' dir='ltr' id='par_1_82' title="bbox 2076 2262 3653 2334">
     <span class='ocr_line' id='line_1_83' title="bbox 2076 2262 3653 2334; baseline 0.004 -20"><span class='ocrx_word' id='word_1_594' title='bbox 2076 2275 2214 2314; x_wconf 90' lang='lat' dir='ltr'><strong>mus.</strong></span> <span class='ocrx_word' id='word_1_595' title='bbox 2265 2262 2445 2332; x_wconf 89' lang='lat' dir='ltr'><strong>itaque</strong></span> <span class='ocrx_word' id='word_1_596' title='bbox 2493 2265 2573 2318; x_wconf 89' lang='lat' dir='ltr'><strong>vir</strong></span> <span class='ocrx_word' id='word_1_597' title='bbox 2618 2265 2942 2334; x_wconf 91' lang='lat' dir='ltr'><strong>apostolicus</strong></span> <span class='ocrx_word' id='word_1_598' title='bbox 2971 2275 2998 2305; x_wconf 71' lang='grc' dir='ltr'><strong>ι</strong></span> <span class='ocrx_word' id='word_1_599' title='bbox 3024 2265 3350 2322; x_wconf 84' lang='lat' dir='ltr'><strong>Weomadus</strong></span> <span class='ocrx_word' id='word_1_600' title='bbox 3392 2275 3448 2322; x_wconf 87' lang='lat' dir='ltr'><strong>et</strong></span> <span class='ocrx_word' id='word_1_601' title='bbox 3491 2267 3653 2322; x_wconf 78' lang='lat' dir='ltr'><strong>frater</strong></span> 
     </span>
    </p>
   </div>
   <div class='ocr_carea' id='block_1_83' title="bbox 2076 2351 3651 2419">
    <p class='ocr_par' dir='ltr' id='par_1_83' title="bbox 2076 2351 3651 2419">
     <span class='ocr_line' id='line_1_84' title="bbox 2076 2351 3651 2419; baseline 0.004 -15"><span class='ocrx_word' id='word_1_602' title='bbox 2076 2351 2191 2419; x_wconf 88' lang='lat' dir='ltr'><strong>ejus</strong></span> <span class='ocrx_word' id='word_1_603' title='bbox 2245 2352 2466 2408; x_wconf 86' lang='lat' dir='ltr'><strong>Basinus</strong></span> <span class='ocrx_word' id='word_1_604' title='bbox 2522 2363 2576 2408; x_wconf 91' lang='lat' dir='ltr'><strong>et</strong></span> <span class='ocrx_word' id='word_1_605' title='bbox 2625 2355 2820 2412; x_wconf 89' lang='lat' dir='ltr'><strong>missus</strong></span> <span class='ocrx_word' id='word_1_606' title='bbox 2873 2365 3054 2411; x_wconf 88' lang='lat' dir='ltr'><strong>noster</strong></span> <span class='ocrx_word' id='word_1_607' title='bbox 3105 2357 3384 2412; x_wconf 80' lang='lat' dir='ltr'><strong>Aufericus</strong></span> <span class='ocrx_word' id='word_1_608' title='bbox 3435 2357 3500 2412; x_wconf 89' lang='lat' dir='ltr'><strong>ad</strong></span> <span class='ocrx_word' id='word_1_609' title='bbox 3553 2374 3651 2410; x_wconf 79' lang='lat' dir='ltr'><strong>nos</strong></span> 
     </span>
    </p>
   </div>
   <div class='ocr_carea' id='block_1_84' title="bbox 2075 2442 3650 2514">
    <p class='ocr_par' dir='ltr' id='par_1_84' title="bbox 2075 2442 3650 2514">
     <span class='ocr_line' id='line_1_85' title="bbox 2075 2442 3650 2514; baseline 0.005 -22"><span class='ocrx_word' id='word_1_610' title='bbox 2075 2442 2350 2497; x_wconf 82' lang='lat' dir='ltr'><strong>venientes</strong></span> <span class='ocrx_word' id='word_1_611' title='bbox 2373 2442 2671 2499; x_wconf 86' lang='lat' dir='ltr'><strong>retulerunt</strong></span> <span class='ocrx_word' id='word_1_612' title='bbox 2696 2443 2871 2510; x_wconf 90' lang='lat' dir='ltr'><strong>nobis,</strong></span> <span class='ocrx_word' id='word_1_613' title='bbox 2892 2445 3031 2513; x_wconf 89' lang='lat' dir='ltr'><strong>quod</strong></span> <span class='ocrx_word' id='word_1_614' title='bbox 3056 2445 3459 2514; x_wconf 76' lang='lat' dir='ltr'><strong>prodecessores</strong></span> <span class='ocrx_word' id='word_1_615' title='bbox 3482 2448 3650 2500; x_wconf 87' lang='lat' dir='ltr'><strong>nostri</strong></span> 
     </span>
    </p>
   </div>
   <div class='ocr_carea' id='block_1_85' title="bbox 2075 2537 3650 2608">
    <p class='ocr_par' dir='ltr' id='par_1_85' title="bbox 2075 2537 3650 2608">
     <span class='ocr_line' id='line_1_86' title="bbox 2075 2537 3650 2608; baseline 0.001 -18"><span class='ocrx_word' id='word_1_616' title='bbox 2075 2551 2228 2605; x_wconf 82' lang='lat' dir='ltr'><strong>reges</strong></span> <span class='ocrx_word' id='word_1_617' title='bbox 2270 2539 2338 2590; x_wconf 92' lang='lat' dir='ltr'><strong>ob</strong></span> <span class='ocrx_word' id='word_1_618' title='bbox 2378 2537 2768 2592; x_wconf 84' lang='lat' dir='ltr'><strong>edilicationcm</strong></span> <span class='ocrx_word' id='word_1_619' title='bbox 2809 2553 3023 2592; x_wconf 89' lang='lat' dir='ltr'><strong>suarum</strong></span> <span class='ocrx_word' id='word_1_620' title='bbox 3061 2538 3356 2593; x_wconf 90' lang='lat' dir='ltr'><strong>animarum</strong></span> <span class='ocrx_word' id='word_1_621' title='bbox 3395 2539 3650 2608; x_wconf 88' lang='lat' dir='ltr'><strong>quasdam</strong></span> 
     </span>
    </p>
   </div>
   <div class='ocr_carea' id='block_1_86' title="bbox 2075 2629 3650 2698">
    <p class='ocr_par' dir='ltr' id='par_1_86' title="bbox 2075 2629 3650 2698">
     <span class='ocr_line' id='line_1_87' title="bbox 2075 2629 3650 2698; baseline -0.001 -16"><span class='ocrx_word' id='word_1_622' title='bbox 2075 2642 2162 2683; x_wconf 88' lang='lat' dir='ltr'><strong>res</strong></span> <span class='ocrx_word' id='word_1_623' title='bbox 2183 2629 2247 2682; x_wconf 91' lang='lat' dir='ltr'><strong>ad</strong></span> <span class='ocrx_word' id='word_1_624' title='bbox 2271 2630 2454 2683; x_wconf 84' lang='lat' dir='ltr'><strong>iiscum</strong></span> <span class='ocrx_word' id='word_1_625' title='bbox 2481 2631 2747 2698; x_wconf 85' lang='lat' dir='ltr'><strong>publicum</strong></span> <span class='ocrx_word' id='word_1_626' title='bbox 2773 2631 3094 2698; x_wconf 86' lang='lat' dir='ltr'><strong>pertinentes</strong></span> <span class='ocrx_word' id='word_1_627' title='bbox 3115 2630 3445 2686; x_wconf 85' lang='lat' dir='ltr'><strong>tradiderunt</strong></span> <span class='ocrx_word' id='word_1_628' title='bbox 3463 2639 3650 2683; x_wconf 84' lang='lat' dir='ltr'><strong>sancto</strong></span> 
     </span>
    </p>
   </div>
   <div class='ocr_carea' id='block_1_87' title="bbox 2077 2718 3647 2790">
    <p class='ocr_par' dir='ltr' id='par_1_87' title="bbox 2077 2718 3647 2790">
     <span class='ocr_line' id='line_1_88' title="bbox 2077 2718 3647 2790; baseline 0.003 -18"><span class='ocrx_word' id='word_1_629' title='bbox 2077 2718 2233 2773; x_wconf 79' lang='lat' dir='ltr'><strong>Petro</strong></span> <span class='ocrx_word' id='word_1_630' title='bbox 2259 2722 2322 2773; x_wconf 89' lang='lat' dir='ltr'><strong>ad</strong></span> <span class='ocrx_word' id='word_1_631' title='bbox 2351 2721 2686 2790; x_wconf 86' lang='lat' dir='ltr'><strong>Trevericam</strong></span> <span class='ocrx_word' id='word_1_632' title='bbox 2714 2721 3016 2787; x_wconf 88' lang='lat' dir='ltr'><strong>ecclesiam,</strong></span> <span class='ocrx_word' id='word_1_633' title='bbox 3040 2721 3281 2777; x_wconf 90' lang='lat' dir='ltr'><strong>videlicet</strong></span> <span class='ocrx_word' id='word_1_634' title='bbox 3305 2721 3647 2776; x_wconf 80' lang='lat' dir='ltr'><strong>Valemacum</strong></span> 
     </span>
    </p>
   </div>
   <div class='ocr_carea' id='block_1_88' title="bbox 2072 2810 3646 2880">
    <p class='ocr_par' dir='ltr' id='par_1_88' title="bbox 2072 2810 3646 2880">
     <span class='ocr_line' id='line_1_89' title="bbox 2072 2810 3646 2880; baseline 0.001 -16"><span class='ocrx_word' id='word_1_635' title='bbox 2072 2824 2192 2864; x_wconf 91' lang='lat' dir='ltr'><strong>cum</strong></span> <span class='ocrx_word' id='word_1_636' title='bbox 2220 2810 2471 2865; x_wconf 89' lang='lat' dir='ltr'><strong>omnibus</strong></span> <span class='ocrx_word' id='word_1_637' title='bbox 2495 2811 2824 2880; x_wconf 89' lang='lat' dir='ltr'><strong>appendiciis</strong></span> <span class='ocrx_word' id='word_1_638' title='bbox 2853 2813 2983 2879; x_wconf 91' lang='lat' dir='ltr'><strong>suis,</strong></span> <span class='ocrx_word' id='word_1_639' title='bbox 3014 2821 3237 2880; x_wconf 80' lang='lat' dir='ltr'><strong>excepto</strong></span> <span class='ocrx_word' id='word_1_640' title='bbox 3265 2813 3380 2866; x_wconf 91' lang='lat' dir='ltr'><strong>loco</strong></span> <span class='ocrx_word' id='word_1_641' title='bbox 3407 2813 3646 2868; x_wconf 79' lang='lat' dir='ltr'><strong>Cerviam</strong></span> 
     </span>
    </p>
   </div>
   <div class='ocr_carea' id='block_1_89' title="bbox 2071 2899 3644 2974">
    <p class='ocr_par' dir='ltr' id='par_1_89' title="bbox 2071 2899 3644 2974">
     <span class='ocr_line' id='line_1_90' title="bbox 2071 2899 3644 2974; baseline 0.001 -18"><span class='ocrx_word' id='word_1_642' title='bbox 2071 2899 2252 2974; x_wconf 68' lang='lat' dir='ltr'><strong>(Certi)</strong></span> <span class='ocrx_word' id='word_1_643' title='bbox 2282 2903 2575 2970; x_wconf 88' lang='lat' dir='ltr'><strong>nominato,</strong></span> <span class='ocrx_word' id='word_1_644' title='bbox 2607 2913 2661 2958; x_wconf 90' lang='lat' dir='ltr'><strong>et</strong></span> <span class='ocrx_word' id='word_1_645' title='bbox 2691 2903 2942 2959; x_wconf 87' lang='lat' dir='ltr'><strong>Serviaco</strong></span> <span class='ocrx_word' id='word_1_646' title='bbox 2966 2917 3087 2959; x_wconf 91' lang='lat' dir='ltr'><strong>cum</strong></span> <span class='ocrx_word' id='word_1_647' title='bbox 3119 2905 3315 2958; x_wconf 83' lang='lat' dir='ltr'><strong>loreste</strong></span> <span class='ocrx_word' id='word_1_648' title='bbox 3343 2903 3506 2972; x_wconf 87' lang='lat' dir='ltr'><strong>regia,</strong></span> <span class='ocrx_word' id='word_1_649' title='bbox 3536 2905 3644 2972; x_wconf 84' lang='lat' dir='ltr'><strong>ipsa</strong></span> 
     </span>
    </p>
   </div>
   <div class='ocr_carea' id='block_1_90' title="bbox 2068 2993 3644 3064">
    <p class='ocr_par' dir='ltr' id='par_1_90' title="bbox 2068 2993 3644 3064">
     <span class='ocr_line' id='line_1_91' title="bbox 2068 2993 3644 3064; baseline 0.001 -18"><span class='ocrx_word' id='word_1_650' title='bbox 2068 3001 2246 3046; x_wconf 90' lang='lat' dir='ltr'><strong>autem</strong></span> <span class='ocrx_word' id='word_1_651' title='bbox 2277 2994 2630 3058; x_wconf 86' lang='lat' dir='ltr'><strong>retinuerunt,</strong></span> <span class='ocrx_word' id='word_1_652' title='bbox 2659 2993 2753 3048; x_wconf 88' lang='lat' dir='ltr'><strong>sed</strong></span> <span class='ocrx_word' id='word_1_653' title='bbox 2780 3008 2941 3048; x_wconf 88' lang='lat' dir='ltr'><strong>causa</strong></span> <span class='ocrx_word' id='word_1_654' title='bbox 2971 2995 3282 3049; x_wconf 86' lang='lat' dir='ltr'><strong>venationis.</strong></span> <span class='ocrx_word' id='word_1_655' title='bbox 3312 2996 3644 3064; x_wconf 82' lang='lat' dir='ltr'><strong>Quapmpter</strong></span> 
     </span>
    </p>
   </div>
   <div class='ocr_carea' id='block_1_91' title="bbox 2071 3085 3640 3156">
    <p class='ocr_par' dir='ltr' id='par_1_91' title="bbox 2071 3085 3640 3156">
     <span class='ocr_line' id='line_1_92' title="bbox 2071 3085 3640 3156; baseline 0 -16"><span class='ocrx_word' id='word_1_656' title='bbox 2071 3085 2342 3155; x_wconf 65' lang='lat' dir='ltr'><strong>deprecati</strong></span> <span class='ocrx_word' id='word_1_657' title='bbox 2371 3095 2496 3142; x_wconf 89' lang='lat' dir='ltr'><strong>sunt</strong></span> <span class='ocrx_word' id='word_1_658' title='bbox 2525 3087 2744 3156; x_wconf 88' lang='lat' dir='ltr'><strong>predicti</strong></span> <span class='ocrx_word' id='word_1_659' title='bbox 2777 3087 3172 3151; x_wconf 84' lang='lat' dir='ltr'><strong>ﬁdeles‘nostri,</strong></span> <span class='ocrx_word' id='word_1_660' title='bbox 3195 3097 3252 3142; x_wconf 91' lang='lat' dir='ltr'><strong>ut</strong></span> <span class='ocrx_word' id='word_1_661' title='bbox 3271 3087 3503 3156; x_wconf 87' lang='lat' dir='ltr'><strong>predicta</strong></span> <span class='ocrx_word' id='word_1_662' title='bbox 3528 3087 3640 3141; x_wconf 84' lang='lat' dir='ltr'><strong>loca</strong></span> 
     </span>
    </p>
   </div>
   <div class='ocr_carea' id='block_1_92' title="bbox 2073 3181 3640 3250">
    <p class='ocr_par' dir='ltr' id='par_1_92' title="bbox 2073 3181 3640 3250">
     <span class='ocr_line' id='line_1_93' title="bbox 2073 3181 3640 3250; baseline -0.002 -12"><span class='ocrx_word' id='word_1_663' title='bbox 2073 3183 2312 3238; x_wconf 89' lang='lat' dir='ltr'><strong>Cerviam</strong></span> <span class='ocrx_word' id='word_1_664' title='bbox 2351 3192 2407 3239; x_wconf 90' lang='lat' dir='ltr'><strong>et</strong></span> <span class='ocrx_word' id='word_1_665' title='bbox 2441 3182 2752 3239; x_wconf 88' lang='lat' dir='ltr'><strong>Serviacum</strong></span> <span class='ocrx_word' id='word_1_666' title='bbox 2794 3183 2988 3250; x_wconf 86' lang='lat' dir='ltr'><strong>pariter</strong></span> <span class='ocrx_word' id='word_1_667' title='bbox 3019 3197 3138 3237; x_wconf 89' lang='lat' dir='ltr'><strong>cum</strong></span> <span class='ocrx_word' id='word_1_668' title='bbox 3179 3181 3394 3245; x_wconf 78' lang='lat' dir='ltr'><strong>forests,</strong></span> <span class='ocrx_word' id='word_1_669' title='bbox 3433 3197 3540 3250; x_wconf 88' lang='lat' dir='ltr'><strong>que</strong></span> <span class='ocrx_word' id='word_1_670' title='bbox 3575 3182 3640 3236; x_wconf 86' lang='lat' dir='ltr'><strong>ad</strong></span> 
     </span>
    </p>
   </div>
   <div class='ocr_carea' id='block_1_93' title="bbox 2074 3275 3635 3344">
    <p class='ocr_par' dir='ltr' id='par_1_93' title="bbox 2074 3275 3635 3344">
     <span class='ocr_line' id='line_1_94' title="bbox 2074 3275 3635 3344; baseline -0.001 -15"><span class='ocrx_word' id='word_1_671' title='bbox 2074 3275 2258 3330; x_wconf 82' lang='lat' dir='ltr'><strong>iiscum</strong></span> <span class='ocrx_word' id='word_1_672' title='bbox 2289 3276 2639 3344; x_wconf 86' lang='lat' dir='ltr'><strong>respiciebat,</strong></span> <span class='ocrx_word' id='word_1_673' title='bbox 2668 3275 2998 3335; x_wconf 86' lang='lat' dir='ltr'><strong>traderemus</strong></span> <span class='ocrx_word' id='word_1_674' title='bbox 3023 3277 3086 3330; x_wconf 86' lang='lat' dir='ltr'><strong>ad</strong></span> <span class='ocrx_word' id='word_1_675' title='bbox 3118 3284 3358 3330; x_wconf 89' lang='lat' dir='ltr'><strong>sanctum</strong></span> <span class='ocrx_word' id='word_1_676' title='bbox 3389 3276 3598 3331; x_wconf 86' lang='lat' dir='ltr'><strong>Petrum</strong></span> <span class='ocrx_word' id='word_1_677' title='bbox 3619 3314 3635 3340; x_wconf 95' lang='lat'><strong>,</strong></span> 
     </span>
    </p>
   </div>
   <div class='ocr_carea' id='block_1_94' title="bbox 2073 3364 3636 3436">
    <p class='ocr_par' dir='ltr' id='par_1_94' title="bbox 2073 3364 3636 3436">
     <span class='ocr_line' id='line_1_95' title="bbox 2073 3364 3636 3436; baseline 0 -18"><span class='ocrx_word' id='word_1_678' title='bbox 2073 3380 2140 3420; x_wconf 86' lang='lat' dir='ltr'><strong>ne</strong></span> <span class='ocrx_word' id='word_1_679' title='bbox 2176 3379 2271 3420; x_wconf 87' lang='lat' dir='ltr'><strong>sua</strong></span> <span class='ocrx_word' id='word_1_680' title='bbox 2308 3366 2588 3422; x_wconf 86' lang='lat' dir='ltr'><strong>occasione</strong></span> <span class='ocrx_word' id='word_1_681' title='bbox 2625 3365 2790 3436; x_wconf 90' lang='lat' dir='ltr'><strong>ipsius</strong></span> <span class='ocrx_word' id='word_1_682' title='bbox 2827 3364 3038 3420; x_wconf 88' lang='lat' dir='ltr'><strong>l&#39;nrestis</strong></span> <span class='ocrx_word' id='word_1_683' title='bbox 3077 3365 3512 3434; x_wconf 74' lang='lat' dir='ltr'><strong>circumiacentes</strong></span> <span class='ocrx_word' id='word_1_684' title='bbox 3551 3379 3636 3418; x_wconf 89' lang='lat' dir='ltr'><strong>res</strong></span> 
     </span>
    </p>
   </div>
   <div class='ocr_carea' id='block_1_95' title="bbox 2069 3455 3632 3528">
    <p class='ocr_par' dir='ltr' id='par_1_95' title="bbox 2069 3455 3632 3528">
     <span class='ocr_line' id='line_1_96' title="bbox 2069 3455 3632 3528; baseline -0.001 -18"><span class='ocrx_word' id='word_1_685' title='bbox 2069 3457 2238 3510; x_wconf 89' lang='lat' dir='ltr'><strong>sancti</strong></span> <span class='ocrx_word' id='word_1_686' title='bbox 2271 3455 2412 3510; x_wconf 84' lang='lat' dir='ltr'><strong>Petri</strong></span> <span class='ocrx_word' id='word_1_687' title='bbox 2443 3465 2795 3513; x_wconf 87' lang='lat' dir='ltr'><strong>vastarentur.</strong></span> <span class='ocrx_word' id='word_1_688' title='bbox 2835 3457 2999 3528; x_wconf 86' lang='lat' dir='ltr'><strong>[gitur</strong></span> <span class='ocrx_word' id='word_1_689' title='bbox 3029 3473 3124 3513; x_wconf 89' lang='lat' dir='ltr'><strong>nos</strong></span> <span class='ocrx_word' id='word_1_690' title='bbox 3153 3473 3335 3513; x_wconf 79' lang='lat' dir='ltr'><strong>eorum</strong></span> <span class='ocrx_word' id='word_1_691' title='bbox 3366 3457 3632 3528; x_wconf 83' lang='lat' dir='ltr'><strong>petitioni-</strong></span> 
     </span>
    </p>
   </div>
   <div class='ocr_carea' id='block_1_96' title="bbox 2070 3549 3632 3620">
    <p class='ocr_par' dir='ltr' id='par_1_96' title="bbox 2070 3549 3632 3620">
     <span class='ocr_line' id='line_1_97' title="bbox 2070 3549 3632 3620; baseline -0.001 -17"><span class='ocrx_word' id='word_1_692' title='bbox 2070 3549 2167 3604; x_wconf 85' lang='lat' dir='ltr'><strong>bus</strong></span> <span class='ocrx_word' id='word_1_693' title='bbox 2195 3559 2512 3617; x_wconf 87' lang='lat' dir='ltr'><strong>annuentes,</strong></span> <span class='ocrx_word' id='word_1_694' title='bbox 2543 3549 2695 3620; x_wconf 86' lang='lat' dir='ltr'><strong>legali</strong></span> <span class='ocrx_word' id='word_1_695' title='bbox 2722 3551 2840 3620; x_wconf 83' lang='lat' dir='ltr'><strong>jure</strong></span> <span class='ocrx_word' id='word_1_696' title='bbox 2869 3549 3179 3606; x_wconf 89' lang='lat' dir='ltr'><strong>tradidimus</strong></span> <span class='ocrx_word' id='word_1_697' title='bbox 3209 3551 3270 3604; x_wconf 87' lang='lat' dir='ltr'><strong>ad</strong></span> <span class='ocrx_word' id='word_1_698' title='bbox 3300 3550 3632 3605; x_wconf 83' lang='lat' dir='ltr'><strong>Trcvericam</strong></span> 
     </span>
    </p>
   </div>
   <div class='ocr_carea' id='block_1_97' title="bbox 2069 3639 3632 3710">
    <p class='ocr_par' dir='ltr' id='par_1_97' title="bbox 2069 3639 3632 3710">
     <span class='ocr_line' id='line_1_98' title="bbox 2069 3639 3632 3710; baseline -0.001 -16"><span class='ocrx_word' id='word_1_699' title='bbox 2069 3639 2348 3695; x_wconf 87' lang='lat' dir='ltr'><strong>ecclesiam</strong></span> <span class='ocrx_word' id='word_1_700' title='bbox 2400 3639 2570 3695; x_wconf 88' lang='lat' dir='ltr'><strong>sancti</strong></span> <span class='ocrx_word' id='word_1_701' title='bbox 2620 3641 2762 3696; x_wconf 87' lang='lat' dir='ltr'><strong>Petri</strong></span> <span class='ocrx_word' id='word_1_702' title='bbox 2808 3655 2964 3710; x_wconf 91' lang='lat' dir='ltr'><strong>supra</strong></span> <span class='ocrx_word' id='word_1_703' title='bbox 3009 3639 3146 3696; x_wconf 88' lang='lat' dir='ltr'><strong>dicta</strong></span> <span class='ocrx_word' id='word_1_704' title='bbox 3197 3641 3343 3708; x_wconf 89' lang='lat' dir='ltr'><strong>loca,</strong></span> <span class='ocrx_word' id='word_1_705' title='bbox 3391 3641 3632 3695; x_wconf 82' lang='lat' dir='ltr'><strong>Cerviam</strong></span> 
     </span>
    </p>
   </div>
   <div class='ocr_carea' id='block_1_98' title="bbox 2069 3729 3634 3800">
    <p class='ocr_par' dir='ltr' id='par_1_98' title="bbox 2069 3729 3634 3800">
     <span class='ocr_line' id='line_1_99' title="bbox 2069 3729 3634 3800; baseline 0 -16"><span class='ocrx_word' id='word_1_706' title='bbox 2069 3729 2312 3786; x_wconf 88' lang='lat' dir='ltr'><strong>videlicet</strong></span> <span class='ocrx_word' id='word_1_707' title='bbox 2354 3738 2410 3786; x_wconf 87' lang='lat' dir='ltr'><strong>et</strong></span> <span class='ocrx_word' id='word_1_708' title='bbox 2446 3731 2775 3799; x_wconf 88' lang='lat' dir='ltr'><strong>Serviacum,</strong></span> <span class='ocrx_word' id='word_1_709' title='bbox 2822 3747 2943 3786; x_wconf 87' lang='lat' dir='ltr'><strong>cum</strong></span> <span class='ocrx_word' id='word_1_710' title='bbox 2985 3731 3229 3786; x_wconf 89' lang='lat' dir='ltr'><strong>omnibus</strong></span> <span class='ocrx_word' id='word_1_711' title='bbox 3266 3731 3330 3785; x_wconf 89' lang='lat' dir='ltr'><strong>ad</strong></span> <span class='ocrx_word' id='word_1_712' title='bbox 3371 3731 3481 3800; x_wconf 85' lang='lat' dir='ltr'><strong>ipsa</strong></span> <span class='ocrx_word' id='word_1_713' title='bbox 3521 3733 3634 3785; x_wconf 88' lang='lat' dir='ltr'><strong>loca</strong></span> 
     </span>
    </p>
   </div>
   <div class='ocr_carea' id='block_1_99' title="bbox 2069 3813 3631 3893">
    <p class='ocr_par' dir='ltr' id='par_1_99' title="bbox 2069 3813 3631 3893">
     <span class='ocr_line' id='line_1_100' title="bbox 2069 3813 3631 3893; baseline -0.001 -17"><span class='ocrx_word' id='word_1_714' title='bbox 2069 3822 2474 3893; x_wconf 86' lang='lat' dir='ltr'><strong>pertinentibus,</strong></span> <span class='ocrx_word' id='word_1_715' title='bbox 2506 3825 2732 3891; x_wconf 88' lang='lat' dir='ltr'><strong>campis,</strong></span> <span class='ocrx_word' id='word_1_716' title='bbox 2771 3825 2964 3890; x_wconf 84' lang='lat' dir='ltr'><strong>pratis,</strong></span> <span class='ocrx_word' id='word_1_717' title='bbox 3003 3813 3241 3891; x_wconf 85' lang='lat' dir='ltr'><strong>pascuis,</strong></span> <span class='ocrx_word' id='word_1_718' title='bbox 3282 3822 3430 3890; x_wconf 86' lang='lat' dir='ltr'><strong>aquis</strong></span> <span class='ocrx_word' id='word_1_719' title='bbox 3465 3837 3631 3891; x_wconf 64' lang='lat' dir='ltr'><strong>aqum</strong></span> 
     </span>
    </p>
   </div>
   <div class='ocr_carea' id='block_1_100' title="bbox 2067 3909 3632 3984">
    <p class='ocr_par' dir='ltr' id='par_1_100' title="bbox 2067 3909 3632 3984">
     <span class='ocr_line' id='line_1_101' title="bbox 2067 3909 3632 3984; baseline -0.002 -17"><span class='ocrx_word' id='word_1_720' title='bbox 2067 3927 2289 3984; x_wconf 85' lang='lat' dir='ltr'><strong>rumque</strong></span> <span class='ocrx_word' id='word_1_721' title='bbox 2330 3913 2665 3978; x_wconf 90' lang='lat' dir='ltr'><strong>decursibus,</strong></span> <span class='ocrx_word' id='word_1_722' title='bbox 2695 3913 2862 3978; x_wconf 88' lang='lat' dir='ltr'><strong>silvis,</strong></span> <span class='ocrx_word' id='word_1_723' title='bbox 2903 3909 3061 3968; x_wconf 71' lang='lat' dir='ltr'><strong>cultis</strong></span> <span class='ocrx_word' id='word_1_724' title='bbox 3099 3920 3152 3967; x_wconf 90' lang='lat' dir='ltr'><strong>et</strong></span> <span class='ocrx_word' id='word_1_725' title='bbox 3193 3913 3421 3978; x_wconf 87' lang='lat' dir='ltr'><strong>incultis,</strong></span> <span class='ocrx_word' id='word_1_726' title='bbox 3453 3913 3550 3964; x_wconf 88' lang='lat' dir='ltr'><strong>viis</strong></span> <span class='ocrx_word' id='word_1_727' title='bbox 3578 3923 3632 3964; x_wconf 90' lang='lat' dir='ltr'><strong>et</strong></span> 
     </span>
    </p>
   </div>
   <div class='ocr_carea' id='block_1_101' title="bbox 2065 4003 3632 4072">
    <p class='ocr_par' dir='ltr' id='par_1_101' title="bbox 2065 4003 3632 4072">
     <span class='ocr_line' id='line_1_102' title="bbox 2065 4003 3632 4072; baseline -0.003 -12"><span class='ocrx_word' id='word_1_728' title='bbox 2065 4003 2244 4070; x_wconf 89' lang='lat' dir='ltr'><strong>inviis,</strong></span> <span class='ocrx_word' id='word_1_729' title='bbox 2267 4005 2499 4060; x_wconf 82' lang='lat' dir='ltr'><strong>exitibus</strong></span> <span class='ocrx_word' id='word_1_730' title='bbox 2526 4013 2579 4058; x_wconf 93' lang='lat' dir='ltr'><strong>et</strong></span> <span class='ocrx_word' id='word_1_731' title='bbox 2607 4004 2879 4069; x_wconf 85' lang='lat' dir='ltr'><strong>reditibus,</strong></span> <span class='ocrx_word' id='word_1_732' title='bbox 2905 4019 3025 4059; x_wconf 90' lang='lat' dir='ltr'><strong>cum</strong></span> <span class='ocrx_word' id='word_1_733' title='bbox 3051 4004 3265 4068; x_wconf 79' lang='lat' dir='ltr'><strong>foreste,</strong></span> <span class='ocrx_word' id='word_1_734' title='bbox 3287 4003 3632 4072; x_wconf 88' lang='lat' dir='ltr'><strong>quemadmo-</strong></span> 
     </span>
    </p>
   </div>
   <div class='ocr_carea' id='block_1_102' title="bbox 2065 4092 3634 4161">
    <p class='ocr_par' dir='ltr' id='par_1_102' title="bbox 2065 4092 3634 4161">
     <span class='ocr_line' id='line_1_103' title="bbox 2065 4092 3634 4161; baseline -0.002 -13"><span class='ocrx_word' id='word_1_735' title='bbox 2065 4094 2191 4148; x_wconf 90' lang='lat' dir='ltr'><strong>dum</strong></span> <span class='ocrx_word' id='word_1_736' title='bbox 2220 4095 2286 4148; x_wconf 84' lang='lat' dir='ltr'><strong>ad</strong></span> <span class='ocrx_word' id='word_1_737' title='bbox 2319 4094 2502 4148; x_wconf 85' lang='lat' dir='ltr'><strong>iiscum</strong></span> <span class='ocrx_word' id='word_1_738' title='bbox 2533 4103 2770 4149; x_wconf 87' lang='lat' dir='ltr'><strong>nostrum</strong></span> <span class='ocrx_word' id='word_1_739' title='bbox 2809 4092 3130 4161; x_wconf 89' lang='lat' dir='ltr'><strong>pertinebat,</strong></span> <span class='ocrx_word' id='word_1_740' title='bbox 3170 4108 3288 4147; x_wconf 89' lang='lat' dir='ltr'><strong>cum</strong></span> <span class='ocrx_word' id='word_1_741' title='bbox 3317 4093 3457 4147; x_wconf 86' lang='lat' dir='ltr'><strong>omni</strong></span> <span class='ocrx_word' id='word_1_742' title='bbox 3499 4095 3634 4146; x_wconf 88' lang='lat' dir='ltr'><strong>inte-</strong></span> 
     </span>
    </p>
   </div>
   <div class='ocr_carea' id='block_1_103' title="bbox 2064 4180 3628 4255">
    <p class='ocr_par' dir='ltr' id='par_1_103' title="bbox 2064 4180 3628 4255">
     <span class='ocr_line' id='line_1_104' title="bbox 2064 4180 3628 4255; baseline -0.004 -16"><span class='ocrx_word' id='word_1_743' title='bbox 2064 4187 2253 4255; x_wconf 90' lang='lat' dir='ltr'><strong>gritate</strong></span> <span class='ocrx_word' id='word_1_744' title='bbox 2281 4185 2592 4240; x_wconf 84' lang='lat' dir='ltr'><strong>tradidimus</strong></span> <span class='ocrx_word' id='word_1_745' title='bbox 2632 4193 2686 4240; x_wconf 89' lang='lat' dir='ltr'><strong>et</strong></span> <span class='ocrx_word' id='word_1_746' title='bbox 2721 4186 2993 4240; x_wconf 79' lang='lat' dir='ltr'><strong>sanximus</strong></span> <span class='ocrx_word' id='word_1_747' title='bbox 3033 4183 3116 4239; x_wconf 84' lang='lat' dir='ltr'><strong>his</strong></span> <span class='ocrx_word' id='word_1_748' title='bbox 3157 4185 3284 4238; x_wconf 91' lang='lat' dir='ltr'><strong>locis</strong></span> <span class='ocrx_word' id='word_1_749' title='bbox 3313 4180 3628 4238; x_wconf 44' lang='lat' dir='ltr'><strong>determines</strong></span> 
     </span>
    </p>
   </div>
   <div class='ocr_carea' id='block_1_104' title="bbox 2067 4270 3622 4346">
    <p class='ocr_par' dir='ltr' id='par_1_104' title="bbox 2067 4270 3622 4346">
     <span class='ocr_line' id='line_1_105' title="bbox 2067 4270 3622 4346; baseline -0.004 -15"><span class='ocrx_word' id='word_1_750' title='bbox 2067 4287 2172 4331; x_wconf 87' lang='lat' dir='ltr'><strong>tam</strong></span> <span class='ocrx_word' id='word_1_751' title='bbox 2205 4295 2218 4330; x_wconf 93' lang='lat'><strong>:</strong></span> <span class='ocrx_word' id='word_1_752' title='bbox 2247 4292 2314 4332; x_wconf 81' lang='lat' dir='ltr'><strong>ex</strong></span> <span class='ocrx_word' id='word_1_753' title='bbox 2352 4291 2418 4331; x_wconf 90' lang='lat' dir='ltr'><strong>eo</strong></span> <span class='ocrx_word' id='word_1_754' title='bbox 2457 4276 2593 4342; x_wconf 86' lang='lat' dir='ltr'><strong>loco,</strong></span> <span class='ocrx_word' id='word_1_755' title='bbox 2626 4275 2711 4331; x_wconf 89' lang='lat' dir='ltr'><strong>ubi</strong></span> <span class='ocrx_word' id='word_1_756' title='bbox 2753 4276 3050 4331; x_wconf 85' lang='lat' dir='ltr'><strong>Premantia</strong></span> <span class='ocrx_word' id='word_1_757' title='bbox 3083 4273 3324 4346; x_wconf 82' lang='lat' dir='ltr'><strong>(Brimbs)</strong></span> <span class='ocrx_word' id='word_1_758' title='bbox 3351 4273 3496 4327; x_wconf 85' lang='lat' dir='ltr'><strong>tluvii</strong></span> <span class='ocrx_word' id='word_1_759' title='bbox 3523 4270 3622 4326; x_wconf 90' lang='lat' dir='ltr'><strong>ori-</strong></span> 
     </span>
    </p>
   </div>
   <div class='ocr_carea' id='block_1_105' title="bbox 2066 4362 3631 4436">
    <p class='ocr_par' dir='ltr' id='par_1_105' title="bbox 2066 4362 3631 4436">
     <span class='ocr_line' id='line_1_106' title="bbox 2066 4362 3631 4436; baseline -0.004 -16"><span class='ocrx_word' id='word_1_760' title='bbox 2066 4375 2150 4420; x_wconf 90' lang='lat' dir='ltr'><strong>tur</strong></span> <span class='ocrx_word' id='word_1_761' title='bbox 2177 4380 2341 4436; x_wconf 91' lang='lat' dir='ltr'><strong>usque</strong></span> <span class='ocrx_word' id='word_1_762' title='bbox 2367 4366 2434 4422; x_wconf 89' lang='lat' dir='ltr'><strong>ad</strong></span> <span class='ocrx_word' id='word_1_763' title='bbox 2475 4365 2874 4432; x_wconf 81' lang='lat' dir='ltr'><strong>Bischoll‘svelt,</strong></span> <span class='ocrx_word' id='word_1_764' title='bbox 2918 4376 2972 4421; x_wconf 92' lang='lat' dir='ltr'><strong>et</strong></span> <span class='ocrx_word' id='word_1_765' title='bbox 3009 4367 3088 4422; x_wconf 88' lang='lat' dir='ltr'><strong>sic</strong></span> <span class='ocrx_word' id='word_1_766' title='bbox 3117 4366 3196 4420; x_wconf 85' lang='lat' dir='ltr'><strong>via</strong></span> <span class='ocrx_word' id='word_1_767' title='bbox 3227 4362 3434 4432; x_wconf 89' lang='lat' dir='ltr'><strong>publica</strong></span> <span class='ocrx_word' id='word_1_768' title='bbox 3465 4374 3631 4431; x_wconf 86' lang='lat' dir='ltr'><strong>usque</strong></span> 
     </span>
    </p>
   </div>
   <div class='ocr_carea' id='block_1_106' title="bbox 1993 4454 3632 4551">
    <p class='ocr_par' dir='ltr' id='par_1_106' title="bbox 1993 4454 3632 4551">
     <span class='ocr_line' id='line_1_107' title="bbox 1993 4454 3632 4551; baseline -0.002 -41"><span class='ocrx_word' id='word_1_769' title='bbox 1993 4489 2044 4551; x_wconf 67' lang='grc' dir='ltr'><strong><em>υ</em></strong></span> <span class='ocrx_word' id='word_1_770' title='bbox 2067 4459 2132 4511; x_wconf 86' lang='lat' dir='ltr'><strong>ad</strong></span> <span class='ocrx_word' id='word_1_771' title='bbox 2160 4458 2472 4512; x_wconf 79' lang='lat' dir='ltr'><strong>Marciacum</strong></span> <span class='ocrx_word' id='word_1_772' title='bbox 2501 4455 2722 4528; x_wconf 56' lang='grc' dir='ltr'><strong>(Μονάς</strong></span> <span class='ocrx_word' id='word_1_773' title='bbox 2744 4457 2812 4511; x_wconf 81' lang='lat' dir='ltr'><strong>ad</strong></span> <span class='ocrx_word' id='word_1_774' title='bbox 2841 4456 3150 4551; x_wconf 44' lang='lat' dir='ltr'><strong>Sara_m)uet</strong></span> <span class='ocrx_word' id='word_1_775' title='bbox 3187 4455 3266 4551; x_wconf 76' lang='lat' dir='ltr'><strong>sic</strong></span> <span class='ocrx_word' id='word_1_776' title='bbox 3302 4454 3428 4551; x_wconf 67' lang='lat' dir='ltr'><strong>inde</strong></span> <span class='ocrx_word' id='word_1_777' title='bbox 3465 4467 3632 4551; x_wconf 65' lang='lat' dir='ltr'><strong>usque</strong></span> 
     </span>
    </p>
   </div>
   <div class='ocr_carea' id='block_1_107' title="bbox 2066 4543 3732 4628">
    <p class='ocr_par' dir='ltr' id='par_1_107' title="bbox 2066 4543 3732 4628">
     <span class='ocr_line' id='line_1_108' title="bbox 2066 4543 3732 4628; baseline -0.002 -25"><span class='ocrx_word' id='word_1_778' title='bbox 2066 4549 2261 4604; x_wconf 87' lang='lat' dir='ltr'><strong>Sarova</strong></span> <span class='ocrx_word' id='word_1_779' title='bbox 2293 4547 2449 4618; x_wconf 85' lang='lat' dir='ltr'><strong>(Sara</strong></span> <span class='ocrx_word' id='word_1_780' title='bbox 2469 4563 2557 4602; x_wconf 82' lang='lat' dir='ltr'><strong>seu</strong></span> <span class='ocrx_word' id='word_1_781' title='bbox 2580 4547 2834 4604; x_wconf 73' lang='lat' dir='ltr'><strong>Soranum</strong></span> <span class='ocrx_word' id='word_1_782' title='bbox 2853 4548 2940 4618; x_wconf 75' lang='grc' dir='ltr'><strong>ρ.)</strong></span> <span class='ocrx_word' id='word_1_783' title='bbox 2969 4547 3022 4600; x_wconf 91' lang='lat' dir='ltr'><strong>in</strong></span> <span class='ocrx_word' id='word_1_784' title='bbox 3053 4545 3318 4601; x_wconf 71' lang='lat' dir='ltr'><strong>Mosellam</strong></span> <span class='ocrx_word' id='word_1_785' title='bbox 3342 4545 3480 4612; x_wconf 85' lang='lat' dir='ltr'><strong>linit,</strong></span> <span class='ocrx_word' id='word_1_786' title='bbox 3507 4543 3632 4600; x_wconf 86' lang='lat' dir='ltr'><strong>inde</strong></span> <span class='ocrx_word' id='word_1_787' title='bbox 3719 4613 3732 4628; x_wconf 82' lang='lat'><em>__</em></span> 
     </span>
    </p>
   </div>
   <div class='ocr_carea' id='block_1_108' title="bbox 2061 4637 3629 4722">
    <p class='ocr_par' dir='ltr' id='par_1_108' title="bbox 2061 4637 3629 4722">
     <span class='ocr_line' id='line_1_109' title="bbox 2061 4637 3629 4722; baseline -0.002 -30"><span class='ocrx_word' id='word_1_788' title='bbox 2061 4639 2126 4694; x_wconf 89' lang='lat' dir='ltr'><strong>ad</strong></span> <span class='ocrx_word' id='word_1_789' title='bbox 2155 4639 2326 4693; x_wconf 88' lang='lat' dir='ltr'><strong>locum</strong></span> <span class='ocrx_word' id='word_1_790' title='bbox 2367 4639 2508 4710; x_wconf 79' lang='lat' dir='ltr'><strong>Lyve</strong></span> <span class='ocrx_word' id='word_1_791' title='bbox 2541 4639 2730 4711; x_wconf 75' lang='lat' dir='ltr'><strong>(Leycn</strong></span> <span class='ocrx_word' id='word_1_792' title='bbox 2767 4640 2836 4692; x_wconf 82' lang='lat' dir='ltr'><strong>ad</strong></span> <span class='ocrx_word' id='word_1_793' title='bbox 2867 4637 3158 4710; x_wconf 76' lang='lat' dir='ltr'><strong>Mosellam)</strong></span> <span class='ocrx_word' id='word_1_794' title='bbox 3199 4639 3522 4693; x_wconf 74' lang='lat' dir='ltr'><strong>nominatum</strong></span> <span class='ocrx_word' id='word_1_795' title='bbox 3543 4653 3629 4722; x_wconf 21' lang='lat' dir='ltr'><strong>;Ia</strong></span> 
     </span>
    </p>
   </div>
   <div class='ocr_carea' id='block_1_109' title="bbox 2059 4768 3627 4840">
    <p class='ocr_par' dir='ltr' id='par_1_109' title="bbox 2059 4768 3627 4840">
     <span class='ocr_line' id='line_1_110' title="bbox 2059 4768 3627 4840; baseline -0.006 -12"><span class='ocrx_word' id='word_1_796' title='bbox 2059 4779 2183 4836; x_wconf 82' lang='lat' dir='ltr'><strong>stat,</strong></span> <span class='ocrx_word' id='word_1_797' title='bbox 2215 4769 2572 4838; x_wconf 85' lang='lat' dir='ltr'><strong>Wiomadum,</strong></span> <span class='ocrx_word' id='word_1_798' title='bbox 2602 4787 2758 4840; x_wconf 89' lang='lat' dir='ltr'><strong>quem</strong></span> <span class='ocrx_word' id='word_1_799' title='bbox 2799 4771 3269 4828; x_wconf 76' lang='lat' dir='ltr'><strong>Mediolaeensihus</strong></span> <span class='ocrx_word' id='word_1_800' title='bbox 3294 4782 3500 4840; x_wconf 87' lang='lat' dir='ltr'><strong>quoque</strong></span> <span class='ocrx_word' id='word_1_801' title='bbox 3529 4768 3627 4840; x_wconf 85' lang='lat' dir='ltr'><strong>ab-</strong></span> 
     </span>
    </p>
   </div>
   <div class='ocr_carea' id='block_1_110' title="bbox 2061 4837 3627 4902">
    <p class='ocr_par' dir='ltr' id='par_1_110' title="bbox 2061 4837 3627 4902">
     <span class='ocr_line' id='line_1_111' title="bbox 2061 4837 3627 4902; baseline -0.004 -6"><span class='ocrx_word' id='word_1_802' title='bbox 2061 4841 2268 4896; x_wconf 86' lang='lat' dir='ltr'><strong>batibus</strong></span> <span class='ocrx_word' id='word_1_803' title='bbox 2308 4850 2424 4896; x_wconf 90' lang='lat' dir='ltr'><strong>acta</strong></span> <span class='ocrx_word' id='word_1_804' title='bbox 2468 4837 2724 4896; x_wconf 65' lang='lat' dir='ltr'><strong>Lentvvini</strong></span> <span class='ocrx_word' id='word_1_805' title='bbox 2773 4843 3077 4902; x_wconf 86' lang='lat' dir='ltr'><strong>inseruere,</strong></span> <span class='ocrx_word' id='word_1_806' title='bbox 3123 4837 3488 4894; x_wconf 48' lang='lat' dir='ltr'><strong>serius&#39;citius</strong></span> <span class='ocrx_word' id='word_1_807' title='bbox 3531 4837 3627 4890; x_wconf 79' lang='lat' dir='ltr'><strong>lia-</strong></span> 
     </span>
    </p>
   </div>
   <div class='ocr_carea' id='block_1_111' title="bbox 2061 4907 3630 4978">
    <p class='ocr_par' dir='ltr' id='par_1_111' title="bbox 2061 4907 3630 4978">
     <span class='ocr_line' id='line_1_112' title="bbox 2061 4907 3630 4978; baseline -0.005 -12"><span class='ocrx_word' id='word_1_808' title='bbox 2061 4911 2236 4966; x_wconf 90' lang='lat' dir='ltr'><strong>buisse</strong></span> <span class='ocrx_word' id='word_1_809' title='bbox 2265 4925 2650 4966; x_wconf 85' lang='lat' dir='ltr'><strong>successorem.</strong></span> <span class='ocrx_word' id='word_1_810' title='bbox 2691 4911 2788 4965; x_wconf 85' lang='lat' dir='ltr'><strong>Cui</strong></span> <span class='ocrx_word' id='word_1_811' title='bbox 2829 4927 2894 4964; x_wconf 92' lang='lat' dir='ltr'><strong>an</strong></span> <span class='ocrx_word' id='word_1_812' title='bbox 2939 4911 3156 4964; x_wconf 85' lang='lat' dir='ltr'><strong>Basinus</strong></span> <span class='ocrx_word' id='word_1_813' title='bbox 3199 4907 3468 4978; x_wconf 89' lang='lat' dir='ltr'><strong>religionis</strong></span> <span class='ocrx_word' id='word_1_814' title='bbox 3513 4921 3630 4978; x_wconf 80' lang='lat' dir='ltr'><strong>mo-</strong></span> 
     </span>
    </p>
   </div>
   <div class='ocr_carea' id='block_1_112' title="bbox 2059 4977 3626 5052">
    <p class='ocr_par' dir='ltr' id='par_1_112' title="bbox 2059 4977 3626 5052">
     <span class='ocr_line' id='line_1_113' title="bbox 2059 4977 3626 5052; baseline -0.004 -16"><span class='ocrx_word' id='word_1_815' title='bbox 2059 4980 2350 5052; x_wconf 70' lang='lat' dir='ltr'><strong>destiaeque</strong></span> <span class='ocrx_word' id='word_1_816' title='bbox 2393 4995 2542 5052; x_wconf 85' lang='lat' dir='ltr'><strong>ergo,</strong></span> <span class='ocrx_word' id='word_1_817' title='bbox 2589 4997 2655 5034; x_wconf 87' lang='lat' dir='ltr'><strong>an</strong></span> <span class='ocrx_word' id='word_1_818' title='bbox 2701 4987 2857 5052; x_wconf 68' lang='lat' dir='ltr'><strong>actate</strong></span> <span class='ocrx_word' id='word_1_819' title='bbox 2895 4979 3017 5052; x_wconf 75' lang='lat' dir='ltr'><strong>jam</strong></span> <span class='ocrx_word' id='word_1_820' title='bbox 3049 4977 3316 5032; x_wconf 84' lang='lat' dir='ltr'><strong>diuturnis</strong></span> <span class='ocrx_word' id='word_1_821' title='bbox 3359 4977 3626 5052; x_wconf 69' lang='lat' dir='ltr'><strong>laboribus</strong></span> 
     </span>
    </p>
   </div>
   <div class='ocr_carea' id='block_1_113' title="bbox 2059 5046 3626 5115">
    <p class='ocr_par' dir='ltr' id='par_1_113' title="bbox 2059 5046 3626 5115">
     <span class='ocr_line' id='line_1_114' title="bbox 2059 5046 3626 5115; baseline -0.005 -10"><span class='ocrx_word' id='word_1_822' title='bbox 2059 5046 2352 5106; x_wconf 64' lang='lat' dir='ltr'><strong>devexa&#39;ad</strong></span> <span class='ocrx_word' id='word_1_823' title='bbox 2381 5046 2546 5104; x_wconf 71' lang='lat' dir='ltr'><strong>otium</strong></span> <span class='ocrx_word' id='word_1_824' title='bbox 2573 5051 2860 5104; x_wconf 88' lang='lat' dir='ltr'><strong>decesserit</strong></span> <span class='ocrx_word' id='word_1_825' title='bbox 2879 5046 3148 5114; x_wconf 55' lang='lat' dir='ltr'><strong>{arduum</strong></span> <span class='ocrx_word' id='word_1_826' title='bbox 3179 5061 3309 5102; x_wconf 85' lang='lat' dir='ltr'><strong>sane</strong></span> <span class='ocrx_word' id='word_1_827' title='bbox 3337 5046 3626 5115; x_wconf 74' lang='lat' dir='ltr'><strong>esplicatu.</strong></span> 
     </span>
    </p>
   </div>
   <div class='ocr_carea' id='block_1_114' title="bbox 2061 5115 3629 5195">
    <p class='ocr_par' dir='ltr' id='par_1_114' title="bbox 2061 5115 3629 5195">
     <span class='ocr_line' id='line_1_115' title="bbox 2061 5115 3629 5195; baseline -0.005 -21"><span class='ocrx_word' id='word_1_828' title='bbox 2061 5121 2136 5174; x_wconf 75' lang='lat' dir='ltr'><strong>Ex</strong></span> <span class='ocrx_word' id='word_1_829' title='bbox 2167 5120 2334 5188; x_wconf 83' lang='lat' dir='ltr'><strong>Pipini</strong></span> <span class='ocrx_word' id='word_1_830' title='bbox 2366 5121 2553 5174; x_wconf 84' lang='lat' dir='ltr'><strong>tabulis</strong></span> <span class='ocrx_word' id='word_1_831' title='bbox 2577 5117 3408 5195; x_wconf 77' lang='lat' dir='ltr'><strong>compertum&#39;habeo,_Basinum</strong></span> <span class='ocrx_word' id='word_1_832' title='bbox 3440 5115 3512 5195; x_wconf 70' lang='lat' dir='ltr'><strong>ad</strong></span> <span class='ocrx_word' id='word_1_833' title='bbox 3535 5130 3629 5195; x_wconf 81' lang='lat' dir='ltr'><strong>an-</strong></span> 
     </span>
    </p>
   </div>
   <div class='ocr_carea' id='block_1_115' title="bbox 2061 5187 3625 5258">
    <p class='ocr_par' dir='ltr' id='par_1_115' title="bbox 2061 5187 3625 5258">
     <span class='ocr_line' id='line_1_116' title="bbox 2061 5187 3625 5258; baseline -0.003 -15"><span class='ocrx_word' id='word_1_834' title='bbox 2061 5205 2184 5243; x_wconf 89' lang='lat' dir='ltr'><strong>num</strong></span> <span class='ocrx_word' id='word_1_835' title='bbox 2215 5187 2379 5258; x_wconf 86' lang='lat' dir='ltr'><strong>usque</strong></span> <span class='ocrx_word' id='word_1_836' title='bbox 2406 5187 2792 5258; x_wconf 75' lang='lat' dir='ltr'><strong>sexagesimum</strong></span> <span class='ocrx_word' id='word_1_837' title='bbox 2822 5187 3112 5242; x_wconf 86' lang='lat' dir='ltr'><strong>secundum</strong></span> <span class='ocrx_word' id='word_1_838' title='bbox 3144 5187 3625 5258; x_wconf 17' lang='lat' dir='ltr'><strong>hujusismculivi-</strong></span> 
     </span>
    </p>
   </div>
   <div class='ocr_carea' id='block_1_116' title="bbox 2058 5255 3625 5328">
    <p class='ocr_par' dir='ltr' id='par_1_116' title="bbox 2058 5255 3625 5328">
     <span class='ocr_line' id='line_1_117' title="bbox 2058 5255 3625 5328; baseline -0.003 -16"><span class='ocrx_word' id='word_1_839' title='bbox 2058 5260 2231 5314; x_wconf 89' lang='lat' dir='ltr'><strong>vendo</strong></span> <span class='ocrx_word' id='word_1_840' title='bbox 2261 5255 2603 5328; x_wconf 77' lang='lat' dir='ltr'><strong>processisse.</strong></span> <span class='ocrx_word' id='word_1_841' title='bbox 2649 5257 2799 5312; x_wconf 88' lang='lat' dir='ltr'><strong>Unde</strong></span> <span class='ocrx_word' id='word_1_842' title='bbox 2833 5267 3050 5328; x_wconf 87' lang='lat' dir='ltr'><strong>apparet</strong></span> <span class='ocrx_word' id='word_1_843' title='bbox 3088 5268 3178 5311; x_wconf 88' lang='lat' dir='ltr'><strong>aut</strong></span> <span class='ocrx_word' id='word_1_844' title='bbox 3207 5258 3272 5310; x_wconf 89' lang='lat' dir='ltr'><strong>ad</strong></span> <span class='ocrx_word' id='word_1_845' title='bbox 3305 5255 3625 5328; x_wconf 74' lang='lat' dir='ltr'><strong>iungendum</strong></span> 
     </span>
    </p>
   </div>
   <div class='ocr_carea' id='block_1_117' title="bbox 2059 5325 3629 5393">
    <p class='ocr_par' dir='ltr' id='par_1_117' title="bbox 2059 5325 3629 5393">
     <span class='ocr_line' id='line_1_118' title="bbox 2059 5325 3629 5393; baseline -0.002 -12"><span class='ocrx_word' id='word_1_846' title='bbox 2059 5344 2248 5381; x_wconf 88' lang='lat' dir='ltr'><strong>munus</strong></span> <span class='ocrx_word' id='word_1_847' title='bbox 2262 5325 2432 5381; x_wconf 72' lang='lat' dir='ltr'><strong>aetate</strong></span> <span class='ocrx_word' id='word_1_848' title='bbox 2457 5326 2763 5393; x_wconf 86' lang='lat' dir='ltr'><strong>inhabilem,</strong></span> <span class='ocrx_word' id='word_1_849' title='bbox 2791 5325 3120 5383; x_wconf 50' lang='lat' dir='ltr'><strong>ex&#39;antistite</strong></span> <span class='ocrx_word' id='word_1_850' title='bbox 3149 5325 3458 5381; x_wconf 89' lang='lat' dir='ltr'><strong>monasterii</strong></span> <span class='ocrx_word' id='word_1_851' title='bbox 3487 5325 3629 5378; x_wconf 86' lang='lat' dir='ltr'><strong>inter</strong></span> 
     </span>
    </p>
   </div>
   <div class='ocr_carea' id='block_1_118' title="bbox 2059 5395 3624 5466">
    <p class='ocr_par' dir='ltr' id='par_1_118' title="bbox 2059 5395 3624 5466">
     <span class='ocr_line' id='line_1_119' title="bbox 2059 5395 3624 5466; baseline -0.003 -15"><span class='ocrx_word' id='word_1_852' title='bbox 2059 5399 2294 5465; x_wconf 90' lang='lat' dir='ltr'><strong>privatos</strong></span> <span class='ocrx_word' id='word_1_853' title='bbox 2329 5397 2628 5462; x_wconf 90' lang='lat' dir='ltr'><strong>redactum,</strong></span> <span class='ocrx_word' id='word_1_854' title='bbox 2655 5406 2778 5466; x_wconf 79' lang='lat' dir='ltr'><strong>aut,</strong></span> <span class='ocrx_word' id='word_1_855' title='bbox 2815 5413 2919 5464; x_wconf 87' lang='lat' dir='ltr'><strong>quo</strong></span> <span class='ocrx_word' id='word_1_856' title='bbox 2949 5398 3116 5466; x_wconf 84' lang='lat' dir='ltr'><strong>magis</strong></span> <span class='ocrx_word' id='word_1_857' title='bbox 3143 5395 3366 5466; x_wconf 78' lang='lat' dir='ltr'><strong>inclinat</strong></span> <span class='ocrx_word' id='word_1_858' title='bbox 3395 5395 3624 5466; x_wconf 84' lang='lat' dir='ltr'><strong>animus,</strong></span> 
     </span>
    </p>
   </div>
   <div class='ocr_carea' id='block_1_119' title="bbox 2057 5464 3627 5535">
    <p class='ocr_par' dir='ltr' id='par_1_119' title="bbox 2057 5464 3627 5535">
     <span class='ocr_line' id='line_1_120' title="bbox 2057 5464 3627 5535; baseline -0.001 -15"><span class='ocrx_word' id='word_1_859' title='bbox 2057 5464 2499 5534; x_wconf 87' lang='lat' dir='ltr'><strong>quemadmodum</strong></span> <span class='ocrx_word' id='word_1_860' title='bbox 2527 5481 2692 5535; x_wconf 87' lang='lat' dir='ltr'><strong>nuper</strong></span> <span class='ocrx_word' id='word_1_861' title='bbox 2723 5464 3104 5534; x_wconf 77' lang='lat' dir='ltr'><strong>pantiﬁcatum,</strong></span> <span class='ocrx_word' id='word_1_862' title='bbox 3130 5465 3209 5535; x_wconf 86' lang='lat' dir='ltr'><strong>sic</strong></span> <span class='ocrx_word' id='word_1_863' title='bbox 3237 5465 3396 5518; x_wconf 89' lang='lat' dir='ltr'><strong>modo</strong></span> <span class='ocrx_word' id='word_1_864' title='bbox 3417 5464 3627 5518; x_wconf 80' lang='lat' dir='ltr'><strong>abbatis</strong></span> 
     </span>
    </p>
   </div>
   <div class='ocr_carea' id='block_1_120' title="bbox 2057 5533 3628 5605">
    <p class='ocr_par' dir='ltr' id='par_1_120' title="bbox 2057 5533 3628 5605">
     <span class='ocr_line' id='line_1_121' title="bbox 2057 5533 3628 5605; baseline -0.002 -16"><span class='ocrx_word' id='word_1_865' title='bbox 2057 5533 2364 5605; x_wconf 85' lang='lat' dir='ltr'><strong>dignitatem</strong></span> <span class='ocrx_word' id='word_1_866' title='bbox 2395 5543 2583 5602; x_wconf 87' lang='lat' dir='ltr'><strong>suapte</strong></span> <span class='ocrx_word' id='word_1_867' title='bbox 2601 5533 2801 5602; x_wconf 77' lang='lat' dir='ltr'><strong>sponte</strong></span> <span class='ocrx_word' id='word_1_868' title='bbox 2829 5537 3152 5590; x_wconf 88' lang='lat' dir='ltr'><strong>deseruisse.</strong></span> <span class='ocrx_word' id='word_1_869' title='bbox 3179 5533 3352 5602; x_wconf 84' lang='lat' dir='ltr'><strong>Atque</strong></span> <span class='ocrx_word' id='word_1_870' title='bbox 3379 5536 3446 5588; x_wconf 88' lang='lat' dir='ltr'><strong>ita</strong></span> <span class='ocrx_word' id='word_1_871' title='bbox 3477 5547 3628 5587; x_wconf 88' lang='lat' dir='ltr'><strong>more</strong></span> 
     </span>
    </p>
   </div>
   <div class='ocr_carea' id='block_1_121' title="bbox 2057 5605 3622 5674">
    <p class='ocr_par' dir='ltr' id='par_1_121' title="bbox 2057 5605 3622 5674">
     <span class='ocr_line' id='line_1_122' title="bbox 2057 5605 3622 5674; baseline -0.003 -16"><span class='ocrx_word' id='word_1_872' title='bbox 2057 5617 2213 5659; x_wconf 81' lang='lat' dir='ltr'><strong>noctu</strong></span> <span class='ocrx_word' id='word_1_873' title='bbox 2243 5605 2592 5672; x_wconf 81' lang='lat' dir='ltr'><strong>gradientium</strong></span> <span class='ocrx_word' id='word_1_874' title='bbox 2623 5621 2778 5659; x_wconf 89' lang='lat' dir='ltr'><strong>manu</strong></span> <span class='ocrx_word' id='word_1_875' title='bbox 2807 5605 3190 5674; x_wconf 87' lang='lat' dir='ltr'><strong>propemodum</strong></span> <span class='ocrx_word' id='word_1_876' title='bbox 3217 5605 3622 5674; x_wconf 78' lang='lat' dir='ltr'><strong>explorandum,</strong></span> 
     </span>
    </p>
   </div>
   <div class='ocr_carea' id='block_1_122' title="bbox 2056 5675 3625 5748">
    <p class='ocr_par' dir='ltr' id='par_1_122' title="bbox 2056 5675 3625 5748">
     <span class='ocr_line' id='line_1_123' title="bbox 2056 5675 3625 5748; baseline -0.003 -21"><span class='ocrx_word' id='word_1_877' title='bbox 2056 5691 2156 5741; x_wconf 88' lang='lat' dir='ltr'><strong>qua</strong></span> <span class='ocrx_word' id='word_1_878' title='bbox 2182 5686 2292 5727; x_wconf 75' lang='lat' dir='ltr'><strong>tutu</strong></span> <span class='ocrx_word' id='word_1_879' title='bbox 2314 5675 2550 5741; x_wconf 88' lang='lat' dir='ltr'><strong>citraque</strong></span> <span class='ocrx_word' id='word_1_880' title='bbox 2571 5676 2794 5747; x_wconf 88' lang='lat' dir='ltr'><strong>lapsum,</strong></span> <span class='ocrx_word' id='word_1_881' title='bbox 2813 5677 3153 5748; x_wconf 87' lang='lat' dir='ltr'><strong>caliginosam</strong></span> <span class='ocrx_word' id='word_1_882' title='bbox 3179 5681 3625 5746; x_wconf 67' lang='lat' dir='ltr'><strong>prietcrveuamur</strong></span> 
     </span>
    </p>
   </div>
   <div class='ocr_carea' id='block_1_123' title="bbox 2054 5748 2490 5814">
    <p class='ocr_par' dir='ltr' id='par_1_123' title="bbox 2054 5748 2490 5814">
     <span class='ocr_line' id='line_1_124' title="bbox 2054 5748 2490 5814; baseline -0.002 -16"><span class='ocrx_word' id='word_1_883' title='bbox 2054 5748 2436 5814; x_wconf 73' lang='lat' dir='ltr'><strong>antiquitatem.</strong></span> <span class='ocrx_word' id='word_1_884' title='bbox 2472 5765 2490 5797; x_wconf 79' lang='grc' dir='ltr'><strong>ι</strong></span> 
     </span>
    </p>
   </div>
  </div>
