4034 6182
428 317 555 373 1071

1305 318 1362 372 Β.
1404 317 1649 373 CAROLI
1691 316 1902 372 M.~\GNI
1941 317 2094 373 OPP.
2137 317 2309 373 PARS
2349 319 2385 372 Ι.
2429 318 2670 374 SECTIO
2711 320 2776 375 Il.

3529 331 3553 384 1
3565 326 3688 383 οη

426 430 570 500 Layve
627 435 802 480 autem
858 426 980 480 illuc
1034 425 1119 480 ubi
1189 427 1524 484 liudelscl'tica
1582 429 1634 483 in
1689 429 2066 498 TroganumA
2164 429 2240 483 Ad
2274 429 2651 498 perﬁciendum
2700 443 2877 485 autem
2927 432 2977 486 itt
3007 433 3195 487 eodem
3241 434 3358 492 loco
3405 453 3692 496 monaste-

427 520 656 591 (lholttt)
697 519 906 573 lluvium
939 518 1078 572 cadit
1123 519 1179 572 in
1221 519 1424 574 directo
1464 523 1676 577 tramite
1715 523 1780 576 ad
1819 531 1994 577 ortum

423 609 658 664 lluminis
686 609 1001 663 Premantie.
1032 605 1176 664 Ilanc
1203 625 1330 680 ergo
1357 612 1631 678 lorestem,
1657 628 1812 682 quam
1843 612 1994 682 legali

424 715 574 754 more
601 706 783 752 sancto
811 698 964 752 Petro
995 698 1332 766 tradidimus,
1373 689 1469 771 per
1495 701 1725 772 bannum
1755 713 1993 774 nostrum

422 791 668 846 erunibus
705 789 1065 857 prohibemus,
1096 799 1155 844 ut
1195 805 1353 845 nemo
1381 806 1748 848 successorum
1779 805 1995 849 nostro-

424 897 540 935 rum
587 895 789 949 regum,
836 882 917 934 vel
964 881 1201 951 quolibet
1243 883 1341 936 alia
1385 897 1632 952 persona,
1679 885 1898 940 bestiam
1943 886 1993 940 in

421 971 533 1039 ipsa
562 985 754 1039 capere
781 985 1096 1040 quacunque
1122 972 1416 1028 venationis
1442 984 1574 1040 arte,
1601 976 1802 1045 absque
1831 976 1993 1030 licen-

419 1061 488 1114 tia
519 1060 864 1115 Treverensis
906 1063 1131 1116 ecclesia
1172 1065 1458 1131 pontiﬁcis,
1509 1077 1805 1134 presumat;
1851 1068 1993 1136 quod

417 1150 462 1204 si
493 1150 610 1218 quis
640 1149 853 1215 fecerit,
888 1151 1118 1206 bannum
1152 1156 1389 1208 nostrum
1420 1160 1632 1210 solvere
1660 1167 1896 1225 cogatur.
1933 1159 1996 1211 Et

417 1251 474 1296 ut
504 1243 605 1298 hoc
647 1256 829 1298 nostre
870 1243 1209 1298 autltoritatis
1239 1255 1546 1312 preceptum
1579 1247 1777 1315 absque
1816 1255 1993 1302 trans-

415 1335 691 1402 gressione
717 1344 977 1399 servetur,
1010 1336 1107 1389 ltoc
1140 1346 1444 1404 preceptum
1476 1337 1633 1391 scribi
1660 1337 1917 1406 jussimus
1941 1347 1994 1392 et

417 1440 574 1480 manu
617 1426 827 1494 propria
873 1426 1220 1491 ﬁrmavimus,
1265 1436 1423 1496 atque
1461 1427 1641 1483 annuli
1675 1430 1850 1484 nostri
1895 1430 1994 1482 im-

418 1519 691 1586 pressione
720 1518 936 1587 sigillari
968 1517 1207 1572 fecimus.

487 1608 706 1677 Signum
746 1607 920 1662 Caroli
953 1609 1280 1664 serenissimi
1321 1611 1678 1680 imperatoris.
1721 1611 1992 1667 Servatius

416 1699 750 1755 Arcamboldi
783 1700 1010 1754 cancell.
1057 1699 1122 1753 ad
1155 1701 1319 1754 vicem
1352 1704 1674 1768 recognovit.
1714 1751 1718 1754 .

2095 521 2252 588 rium,
2303 529 2358 577 et
2399 521 2464 576 ad
2513 523 2938 592 congregandum
2987 527 3311 594 coenobium,
3357 543 3692 601 soggerente

2092 627 2234 683 saepe
2252 614 2401 674 dicto
2446 614 2584 670 ﬁdeli
2631 625 2813 670 nostro
2861 618 3126 686 episcopo,
3181 619 3246 672 ad
3285 621 3500 677 easdem
3556 609 3694 679 reli¥

2095 705 2244 773 quias
2272 704 2509 774 proprias
2555 720 2642 760 res
2673 717 2906 770 nostras,
2942 705 2994 761 id
3025 718 3127 774 est,
3164 708 3376 764 Fiscum
3411 723 3689 779 nostrum,

2097 792 2186 862 qui
2215 802 2434 848 vocatur
2463 794 2691 849 Sutltosa
2721 794 2912 874 (Vulgo
2941 795 3147 865 Lause),
3179 796 3230 852 in
3261 815 3394 869 pago
3423 801 3689 867 Brabant,

2094 898 2215 938 cum
2259 884 2402 938 omni
2451 885 2754 954 integritate
2801 885 2851 940 in
2893 887 3265 956 proprietatem
3307 890 3599 954 donamus,
3631 905 3690 948 et

2095 974 2146 1026 in
2196 982 2506 1051 perpetuum
2559 974 2848 1042 perdurare
2899 977 3009 1031 Deo
3066 988 3353 1046 prastnnte
3398 980 3684 1048 jubetnus,

2094 1077 2213 1117 cum
2254 1062 2500 1117 omnibus
2531 1063 2594 1116 ad
2645 1077 2702 1117 se
2733 1065 3152 1132 pertinentibus,
3203 1069 3359 1122 terris
3406 1079 3461 1123 et
3489 1071 3684 1138 sylvis,

2096 1151 2313 1218 mansis,
2372 1162 2424 1208 et
2473 1154 2772 1223 mancipiis,
2833 1156 3000 1224 aquis,
3054 1166 3108 1210 et
3165 1159 3352 1225 pratis,
3405 1159 3678 1229 aediﬁciis,

2093 1242 2274 1308 cultis,
2321 1252 2373 1297 et
2421 1243 2651 1309 incultis,
2693 1245 2956 1314 imperiali
3007 1262 3175 1315 more,
3222 1250 3287 1302 ad
3319 1264 3467 1318 stupe
3508 1253 3672 1307 dictas

2096 1335 2364 1404 reliquias,
2397 1351 2516 1405 qum
2546 1338 2596 1389 in
2650 1337 2924 1391 Werthina
2955 1349 3312 1410 venerantur,
3355 1340 3479 1408 jure
3504 1340 3663 1397 haere-

2097 1423 2288 1480 ditario
2314 1436 2647 1494 prtestamus,
2677 1437 2730 1480 et
2758 1427 3142 1482 condonamus.

2165 1513 2231 1568 Et
2260 1523 2317 1567 ut
2346 1516 2460 1570 haec
2485 1517 2812 1570 auctoritatis
2857 1527 3050 1570 nostra:
3091 1519 3281 1574 robore
3312 1518 3502 1574 futuris
3535 1529 3670 1575 tem-

2097 1606 2339 1674 poribus,
2374 1606 2485 1661 Deo
2512 1616 2845 1678 protegente,
2876 1609 3182 1664 inconvulsa
3211 1621 3481 1676 maneant,
3512 1628 3677 1666 manu

2096 1710 2277 1750 nosmt
2307 1696 2788 1762 subterﬁrmamus,
2820 1707 2871 1752 et
2895 1700 3075 1752 annuli
3107 1701 3272 1754 nostri
3321 1703 3678 1770 impressione

451 1801 453 1803 ‘
492 1793 618 1864 Data
643 1789 892 1844 Kalendis
935 1790 1280 1870 septembris,
1313 1807 1454 1846 anno
1484 1794 1752 1863 trigesimo
1781 1803 1986 1864 quarto,
2024 1774 2068 1832 Β
2093 1789 2288 1857 signari
2319 1788 2590 1856 iussimus.

421 1881 707 1936 indictione
733 1896 813 1934 nt.

409 1952 413 1954 ’
487 1974 677 2028 Actum
708 1969 990 2026 Haristalio
1012 1970 1229 2039 palatio,
1259 1969 1311 2024 in
1345 1970 1434 2026 Dei
1465 1972 1698 2028 nomine.
1731 1973 1919 2028 Amen.

1129 2130 1269 2185 XXI.

418 2267 591 2321 Caroli
616 2267 803 2336 Magni
842 2265 1168 2337 imperatoris
1189 2265 1412 2337 diploma
1442 2281 1539 2332 quo
1564 2275 1739 2317 sancto
1773 2265 1990 2337 Lutgero

525 2338 652 2400 rimo
702 2334 936 2404 episcopo
997 2334 1402 2404 Monasteriensi,
1462 2337 1727 2400 laudatori
1773 2334 1991 2390 abbatiw

563 2408 841 2461 erdinensis
876 2403 1210 2461 'ord.'sancti
1259 2403 1446 2457 Bened.
1496 2407 1549 2457 in
1594 2405 1792 2459 diwresi
1841 2407 1991 2461 Colo-

486 2478 670 2543 niensi,
698 2476 922 2545 assignat
949 2477 1002 2528 in
1031 2475 1197 2527 dotem
1239 2473 1464 2545 ejusdem
1493 2479 1788 2528 monasterii
1815 2479 1991 2541 ﬁsctrm

486 2561 634 2598 suum
669 2547 725 2607 in
767 2543 1008 2608 L’utltosa,
1060 2546 1195 2611 quod
1224 2555 1296 2596 est
1356 2543 1649 2596 Harmonia:
1700 2547 1991 2613 oppidum;

490 2614 783 2684 underaein
833 2614 1116 2666 exsurrexit
1144 2614 1408 2683 collegium
1460 2615 1820 2668 canonicorum
1880 2617 1994 2684 (an-

487 2699 552 2737 no
582 2682 732 2753 802).
886 2743 890 2748 _

519 2763 536 2859 ί,
653 2763 744 2854 (Et
769 2793 986 2842 Auberto
1005 2793 1186 2852 hliraao,
1211 2792 1370 2856 Opera
1394 2793 1742 2859 diplomatica.)

491 2917 546 2972 ln
593 2917 806 2972 nomine
851 2926 1048 2972 sanctae
1094 2917 1378 2972 individua:
1421 2917 1719 2984 Trinitatis,
1771 2919 1992 2974 Carolus

417 3006 872 3072 divinadonante
920 3006 1199 3060 clementia
1256 3006 1545 3075 Imperator
1591 3006 1878 3078 Augustus.
1936 3009 1992 3065 Si
2089 3057 2094 3062 .

2161 1877 2380 1946 Signum
2442 1877 2643 1932 domini
2705 1877 2880 1933 Caroli
2949 1881 3275 1937 serenissimi
3331 1883 3678 1952 imperatoris

2092 1968 2331 2036 Augusti.

2165 2059 2500 2128 lliltlegrinus
2552 2060 2789 2115 notarius
2819 2061 2884 2116 ad
2931 2063 3100 2116 vicem
3149 2063 3366 2128 Alcuini,
3415 2066 3674 2119 archica-

2092 2150 2279 2219 pellani
2313 2153 2618 2220 recognovi.

2164 2244 2290 2296 Data
2331 2259 2378 2296 vt
2431 2241 2547 2296 Kal.
2600 2244 2718 2298 Maii
2769 2259 2907 2299 anno
2970 2246 3225 2301 incarnat.
3281 2247 3486 2301 Domini
3531 2248 3666 2303 802.

2091 2335 2244 2389 Anuo
2291 2342 2469 2387 autem
2520 2337 2664 2402 regni
2715 2335 2832 2404 ejus
2879 2351 3060 2400 xutv,
3109 2346 3162 2390 et
3206 2338 3260 2391 in
3312 2337 3458 2392 Italia
3496 2353 3670 2405 xxvu,

2093 2423 2306 2493 Imperii
2338 2439 2464 2478 vero
2489 2440 2572 2487 ιιι,
2607 2425 2896 2479 indictione
2929 2441 3014 2492 ι..

2163 2518 2353 2571 Actum
2388 2515 2693 2570 Wormatia:
2724 2517 2773 2570 in
2807 2517 2898 2570 Dei
2931 2517 3168 2572 nomine.

2789 2645 2953 2701 XXII.

2089 2747 2264 2803 Caroli
2295 2745 2470 2818 Magni
2525 2746 3103 2818 imperatorisdiploma
3132 2747 3200 2818 de
3224 2746 3533 2818 fndatione
3561 2746 3674 2814 epi-

2159 2815 2401 2885 scopatus
2423 2815 2824 2886 Osnabargeasis
2846 2817 2899 2870 in
2923 2815 3235 2886 Westphalia
3258 2816 3422 2885 (anno
3444 2816 3599 2883 80$).

2319 2914 2412 2978 (Ex
2437 2915 2657 2965 Auberto
2681 2913 2861 2978 Miraso,
2886 2911 3049 2976 opera
3067 2913 3420 2976 diplomatica.)

2161 2997 2216 3052 ln
2247 2999 2462 3052 nomine
2489 3006 2688 3052 sanctre
2716 3007 2769 3051 et
2800 2995 3088 3050 individua:
3115 2995 3410 3063 Trinitatis,
3443 2995 3677 3053 Carolus

417 3097 756 3153 sacerdotum
811 3111 873 3152 ac
924 3112 1198 3152 servorum
1249 3097 1605 3164 petitionibus,
1658 3115 1790 3169 quas
1837 3100 1992 3156 nobis

2096 3088 2383 3159 Imperator
2436 3087 2728 3158 Augustus,
2779 3087 3142 3140 Romanorum
3197 3086 3503 3156 gubernans
3563 3091 3670 3142 im-

417 3201 514 3255 pro
541 3186 945 3255 necessitatibus
971 3187 1084 3249 suis
1129 3185 1528 3242 insinuaverunt
1567 3203 1748 3244 aurem
1773 3204 1987 3245 accom-

417 3265 718 3341 modamus,
765 3286 821 3332 et
859 3275 922 3330 ad
965 3275 1208 3332 ell‘eetnm
1257 3277 1615 3346 perducimus,
1667 3295 1770 3334 non
1818 3281 1989 3334 solum

416 3366 615 3436 regiam
666 3376 721 3421 et
763 3366 1098 3442 imperialem
1161 3367 1598 3423 consuetudinem
1656 3383 1986 3438 exercemus,

415 3473 599 3526 verum
627 3459 782 3533 etiam
809 3466 1022 3511 aeterna:
1052 3457 1415 3512 retributionis
1442 3460 1660 3526 premia
1691 3461 1840 3515 nobis
1871 3476 1991 3530 pro.

415 3541 587 3602 littora
644 3561 746 3601 non
795 3547 1117 3602 dubitamus.
1167 3547 1470 3616 Comperiat
1530 3549 1705 3618 itaque
1752 3551 1987 3605 omnium

416 3636 648 3698 ﬁdelium
699 3645 1018 3707 nostrorum,
1083 3639 1421 3704 prmsentiunt
1468 3638 1689 3708 scilicet,
1748 3649 1801 3692 et
1853 3639 1988 3694 lutu-

414 3741 594 3782 rorum
646 3725 922 3791 industria,
946 3789 949 3794 ι
971 3725 1197 3796 qualiter
1226 3726 1384 3792 lum.
1425 3728 1699 3799 Ludgerus
1726 3729 1991 3800 Mimiger-

418 3815 753 3883 delortlensis
801 3814 1310 3890 (Vulgo,.Munstet-)
1374 3817 1653 3888 episcopus
1707 3821 1991 3888 postulavit

417 3906 784 3962 celsitudinem
836 3917 1106 3974 nostram,
1133 3969 1137 3972 ,
1168 3917 1225 3963 ιιι
1272 3922 1392 3963 cum
1441 3909 1649 3964 licentia
1693 3919 1750 3966 et
1795 3893 1991 3984 auxilio

417 3999 630 4067 pietatis
656 4007 850 4052 nostrae
877 3996 977 4051 sibi
1010 3997 1196 4064 liceret
1224 3999 1276 4052 in
1308 4001 1518 4068 propria
1547 4015 1639 4074 sua
1682 4000 1990 4058 hmreditate

417 4089 468 4141 iu
502 4104 634 4158 pago
664 4087 923 4162 Ruriclto,
963 4087 1015 4142 in
1049 4088 1164 4156 loco
1215 4088 1304 4156 qui
1353 4088 1545 4144 dicitur
1575 4089 1870 4156 Wertliina,
1901 4106 1990 4146 su-

419 4196 512 4250 per
542 4181 754 4246 ﬁuvium
803 4179 960 4234 Rura:
983 4180 1053 4250 in
1086 4179 1236 4250 silva,
1272 4181 1657 4250 Wenneswalt,
1708 4184 1988 4240 ecclesiam

419 4272 686 4334 aediﬁcare
732 4274 784 4326 in
826 4273 1080 4342 honorem
1131 4274 1298 4341 sancti
1335 4272 1647 4340 Salvatoris,
1693 4286 1749 4331 et
1789 4285 1990 4331 sauctte

417 4363 616 4420 Mariae.
645 4361 862 4432 virginis
893 4405 909 4431 ,
964 4378 1063 4433 nec
1111 4380 1221 4430 non
1277 4376 1576 4430 sanctarum
1630 4366 1987 4436 reliquiarum,

2095 3183 2322 3250 perium',
2371 3179 2615 3234 dominus
2652 3191 2706 3234 et
2753 3194 2842 3233 rex
2895 3179 3217 3234 Francorum
3264 3189 3318 3233 et
3359 3179 3675 3250 Longobar-

2096 3272 2310 3338 dorum,
2342 3285 2440 3325 nec
2472 3285 2575 3325 non
2606 3270 2908 3324 dominator
2931 3279 2984 3324 et
3009 3270 3298 3324 Saxonum.

2162 3361 2352 3414 Notum
2417 3361 2488 3415 sit
2540 3360 2786 3413 omnibus
2838 3369 3037 3433 saucttn
3091 3359 3332 3429 ecclesia:
3387 3360 3670 3428 ﬁdelibus,

2090 3452 2392 3521 nostrisque
2447 3451 2798 3519 praesentibus
2848 3460 2902 3505 et
2957 3449 3182 3513 futuris,
3237 3452 3378 3519 quod
3435 3466 3545 3511 nos,
3601 3453 3671 3504 ob

2089 3549 2284 3594 nostra:
2314 3539 2570 3594 mercedis
2599 3550 2957 3609 augmentum,
2994 3539 3200 3594 Wiltoni
3231 3541 3474 3610 episcopo
3562 3544 3661 3592 Us-

2087 3613 2404 3699 nnaburgensi
2434 3670 2450 3695 ,
2504 3639 2558 3684 et
2604 3646 2714 3684 suae
2759 3630 3036 3696 cci-lesire,
3083 3644 3242 3699 quam
3311 3642 3406 3682 nos
3443 3630 3659 3695 primam

2089 3720 2142 3774 in
2171 3718 2314 3773 omni
2363 3718 2594 3774 Saxonia
2626 3720 2678 3774 in
2731 3719 2932 3774 honore
2978 3720 3147 3774 sancti
3204 3719 3368 3786 Petri,
3418 3718 3670 3786 principis

2091 3809 2476 3879 apostolorum,
2533 3820 2588 3865 et
2636 3819 2940 3865 sanctorum
2997 3818 3289 3881 martyrum
3331 3810 3562 3878 Crispini
3619 3818 3676 3864 et

2089 3898 2436 3970 Crispiniani,
2490 3901 2888 3954 construxitnus
2937 3897 2964 3935 δ
3020 3900 3290 3970 quoddam
3348 3913 3538 3953 nemus
3592 3900 3677 3954 vel

2089 3994 2363 4061 lorestum,
2395 3995 2531 4051 intra
2583 3996 2698 4050 haec
2737 3996 2852 4049 loca
2881 3994 3063 4059 situm,
3113 3993 3541 4058 Farnewinckel,
3568 3993 3680 4047 Ru-

2089 4089 2363 4144 steinstein
2382 4128 2398 4153 ,
2429 4089 2659 4158 Angara,
2705 4087 3148 4157 Osningsenethe,
3178 4084 3502 4147 Dershouet,
3537 4085 3678 4154 Ege-

2081 4179 2334 4245 stervelt,
2384 4178 2662 4234 innumera
2705 4177 3098 4232 collaudatione
3141 4175 3284 4228 illius
3323 4172 3556 4243 regionis
3583 4187 3681 4242 po-

2091 4278 2315 4336 tentum,
2343 4284 2467 4343 cum
2494 4269 2638 4324 omni
2668 4268 2992 4337 integritate,
3026 4269 3077 4321 in
3109 4266 3287 4336 porcis
3313 4265 3676 4329 silvestribus,

2090 4360 2288 4425 cervis,
2317 4361 2524 4424 avibus,
2557 4369 2612 4414 et
2643 4359 2896 4428 piscibus,
2939 4359 3190 4426 omnique
3216 4357 3518 4434 venatione;
3554 4370 3675 4424 qua

419 4469 553 4523 quas
579 4454 646 4510 ab
674 4455 968 4524 apostolico
1011 4469 1146 4526 papa
1193 4455 1260 4512 de
1309 4456 1475 4529 Roma
1523 4459 1807 4524 transtulit,
1856 4469 1908 4512 et
1946 4459 1992 4514 si
2023 4468 2076 4530 ι)
2100 4451 2200 4508 sub
2225 4454 2402 4506 banuo
2428 4452 2594 4506 usuali
2634 4451 2700 4504 ad
2753 4453 3005 4505 lorestum
3053 4449 3356 4516 deputatur,
3386 4448 3451 4501 ad
3481 4447 3674 4501 simili-

420 4545 641 4616 lacultas
667 4547 901 4612 daretur,
934 4545 1248 4618 quandoque
1296 4548 1671 4603 monasterium
1701 4549 1988 4614 azdiﬁcare,

421 4645 494 4702 et
523 4633 812 4688 monachos
862 4649 921 4690 se
967 4636 1110 4692 velle
1163 4651 1508 4706 congregare,
1563 4639 1995 4696 manifestissime

422 4723 734 4778 testiﬁcatus
763 4731 865 4776 est.
913 4723 1076 4790 Cujus
1123 4707 1424 4799 rationabili
1473 4737 1526 4779 et
1565 4729 1716 4794 justas
1759 4729 1994 4797 petitioni

419 4803 767 4869 libentissime
817 4812 1160 4879 assentimus,
1207 4812 1545 4883 imperantes,
1597 4826 1652 4869 ut
1698 4817 1881 4871 eadem
1909 4833 1996 4873 ec-

422 4904 580 4960 clesia
611 4904 667 4958 in
694 4913 928 4958 nostram
956 4903 1252 4968 tuitionem
1297 4916 1564 4975 suscepta,
1601 4915 1657 4962 et
1687 4924 1790 4961 nun
1821 4909 1993 4963 solum

419 5008 502 5058 ea,
534 5009 653 5064 quae
684 4995 940 5050 tnoderno
971 5003 1232 5064 tempore,
1263 5010 1445 5051 verum
1491 4997 1676 5064 etiam,
1704 5013 1823 5067 quae
1851 5009 1995 5068 post-

422 5086 638 5142 modum
681 5101 711 5140 a
752 5086 992 5142 ﬁdelibus
1043 5087 1136 5143 Dei
1183 5088 1371 5142 collata
1422 5088 1636 5155 fuerint,
1690 5090 1892 5145 ﬁrmius
1935 5105 1997 5145 ac

421 5178 642 5236 solidius
686 5177 958 5246 possidere
1006 5179 1205 5248 absque
1257 5179 1415 5234 ullius
1463 5179 1877 5248 injusta-valeat
1915 5182 1996 5236 in-

421 5271 722 5327 testatione.

495 5475 518 5502 ⁸
549 5467 1030 5537 Osnaburgensium
1084 5468 1287 5536 primus
1333 5466 1614 5537 episcopus
1660 5467 1756 5522 fuit
1783 5481 1998 5524 sanctus

422 5533 606 5600 Wilto,
634 5533 1120 5605 quem'Bernardu's
1154 5536 1475 5601 Furmerius,
1501 5540 1550 5590 in
1574 5539 1860 5592 Annalibus
1887 5541 1996 5596 suis

427 5605 658 5724 Fri_s|icis,
687 5609 993 5662 Leovardite
1015 5607 1066 5660 in
1097 5607 1264 5660 Frisia
1296 5606 1607 5660 occidentali
1631 5619 1808 5662 nattnn
1838 5611 1998 5666 tuisse

427 5693 523 5728 sct‘t
549 5686 624 5728 ut.

419 5691 624 5730 δριιιιιῑ.

495 5744 522 5782 ⁸³
551 5744 768 5800 Carolus
794 5746 1010 5814 “agnus
1056 5747 1342 5814 imperator
1371 5761 1530 5799 novas
1558 5747 1818 5817 episcopis
1845 5750 1998 5806 sedes

2097 4545 2330 4599 tudinem
2388 4545 2568 4598 loresti
2627 4544 2791 4597 nostri
2851 4541 3165 4611 Aquisgrani
3221 4541 3565 4609 pertinentes,
3616 4538 3674 4591 in

2087 4636 2223 4708 silva
2269 4636 2486 4707 Osmugi
2528 4636 2579 4690 in
2633 4645 2942 4706 perpetuum
2991 4634 3329 4704 proprietatis
3377 4648 3525 4688 usum
3571 4632 3676 4686 do-

2095 4727 2354 4781 navnnus.

2169 4819 2245 4872 Ea
2286 4817 2533 4873 videlicet
2575 4817 2799 4880 ratione,
2839 4816 2978 4885 quod
3021 4816 3068 4871 si
3095 4816 3375 4886 quisquam
3402 4815 3504 4870 hoc
3529 4815 3679 4869 idem

2079 4923 2286 4972 nemus
2314 4917 2498 4984 nostro
2529 4907 2702 4962 bauno
2750 4906 3030 4981 munitum,
3069 4907 3188 4962 sine
3219 4907 3488 4976 praedicta:
3531 4907 3682 4961 sedis

2095 4998 2332 5068 episcopi
2365 4997 2600 5063 licentia,
2649 4996 2826 5052 studio
2857 4997 3102 5063 venandi,
3153 4998 3236 5053 vel
3280 4999 3468 5053 silvam
3511 4998 3680 5054 extiro

2096 5087 2279 5159 pandi,
2310 5088 2394 5142 vel
2442 5087 2585 5142 aliud
2629 5087 2818 5157 agendi
2866 5103 3096 5158 unquam
3141 5089 3427 5158 introierit,
3458 5090 3679 5146 sciatse

2099 5190 2206 5234 tam
2258 5179 2449 5234 divina
2500 5193 2658 5248 quam
2709 5178 2868 5248 regia:
2916 5179 3129 5233 ultionis
3176 5178 3466 5234 vindictam
3501 5183 3680 5234 incur-

2096 5283 2299 5336 surum,
2331 5286 2427 5326 nec
2455 5287 2559 5325 non
2604 5286 2699 5338 pro
2743 5271 2933 5326 delicto
2971 5287 3037 5326 ιι
3083 5273 3286 5326 solidos
3327 5273 3492 5328 nostri
3548 5288 3685 5341 pon-

2099 5485 2288 5526 novem
2335 5469 2715 5541 inCermania
2765 5471 2958 5541 posuit,
3006 5471 3499 5541 Monasteriensem,
3546 5471 3676 5525 Ili...

2098 5543 2338 5605 densent,
2386 5540 2928 5602 Halberstadiensem,
2958 5541 3442 5607 Osnaburgensem.
3482 5540 3676 5594 Patier-

2101 5612 2440 5679 borneusem,
2484 5611 2807 5665 Verdensem
2835 5651 2848 5672 ,
2897 5610 3370 5680 llamburgensem,
3411 5624 3464 5666 et
3499 5612 3675 5664 llilde-

2101 5681 2460 5735 sbeimensem
2488 5699 2498 5732 :
2531 5681 2661 5734 duas
2697 5683 2762 5734 ad
2807 5681 3114 5748 dignitatem
3167 5682 3670 5749 arcltiepiscopalem

2103 5749 2369 5822 provexit,
2400 5750 2798 5817 Juvanieusetn,
2830 5761 2883 5805 et
2914 5751 3388 5820 llamburgensetu.
