4078 6186
418 199 557 258 1075
1263 269 1265 271 ι
1306 203 1364 260 Β.
1405 200 1658 260 CAROLI
1697 203 1919 261 MAGNI
1959 203 2111 260 OPP.
2151 205 2334 265 PARS
2372 209 2414 279 l,
2455 207 2699 266 SECTlO
2738 209 2805 266 ll.
3347 234 3353 241 '
3541 219 3682 275 1376

407 326 537 380 cepa
562 309 616 368 in
642 309 984 384 oleemosyna
1025 321 1228 381 nostra,
1257 323 1317 370 ut
1347 314 1596 382 diximus,
1631 314 1684 369 in
1715 315 1993 370 luminari-
2021 279 2423 389 Acognoscite.
2470 319 2777 380 Statuentes
2825 337 2955 394 ergo
2996 323 3267 394 jubemns,
3317 332 3457 399 quod
3500 349 3698 403 perpe-

413 406 515 460 bus
542 401 782 460 ecclesias
833 405 1076 476 proficiat
1106 407 1158 462 iu
1203 407 1522 478 augmentis,
1573 419 1630 463 ut
1680 411 1872 464 melius
1902 409 1996 463 de-
2101 409 2314 466 tualiter
2343 412 2489 468 circa
2521 425 2874 469 memoratum
2920 426 3164 472 sanctum
3206 417 3329 489 jure
3380 401 3697 489 ﬁrmissimo

413 501 574 555 lectet
617 501 788 571 ipsam
817 510 1054 558 sanctam
1101 504 1565 573 congregationem
1623 518 1718 574 pro
1762 503 1915 559 nobis
1945 513 1998 558 et

419 609 516 664 pro
566 594 746 651 liberis
795 598 1013 662 nostris,
1061 612 1153 652 seu
1207 616 1300 667 pro
1353 601 1500 654 omni
1551 601 1748 669 populo
1782 601 1936 655 nobis
1969 615 1999 654 a

417 684 529 740 Deo
557 698 834 752 concesso,
867 685 1102 742 divinam
1148 690 1346 759 jogiter
1371 706 1595 746 exorare
1633 691 1996 746 clementiam.

415 773 484 829 Et
513 783 570 828 ut
599 775 715 830 haec
750 778 1040 831 auctoritas
1083 777 1288 834 firmior
1332 779 1589 836 habeatur
1632 790 1687 835 et
1732 780 2000 836 diuturnis

417 862 747 932 temporibus
774 865 964 920 melius
991 880 1359 934 conservetur,
1389 886 1578 928 manus
1603 882 1799 927 nostra:
1826 873 2003 942 signa-

417 955 554 1010 culis
582 956 766 1013 subter
796 973 913 1014 eam
963 960 1220 1017 roborare
1265 964 1616 1031 decrevimus,
1648 963 1796 1020 etde
1843 965 2002 1019 anulo

413 1055 597 1104 nostro
621 1047 851 1118 sigillare
872 1049 1150 1120 iussimus.

491 1135 713 1206 Signum
741 1139 917 1196 Caroli
947 1144 1281 1199 serenissimi
1315 1145 1678 1216 imperatoris.

497 1225 838 1285 Amalbertns
867 1231 935 1287 ad
963 1233 1130 1290 vicem
1162 1235 1497 1291 Ercambaldi
1527 1237 1739 1306 scripsi.

492 1314 621 1373 Data
651 1334 744 1374 xiii
775 1318 1037 1378 Kalendas
1075 1324 1372 1393 Februarii,
1403 1341 1542 1380 anno
1569 1335 1753 1393 sexto,
1793 1325 2007 1382 Christo

421 1403 669 1476 propitio,
703 1411 914 1483 imperii
942 1417 1136 1481 nostri,
1167 1417 1236 1474 58
1265 1419 1415 1488 regni
1445 1421 1612 1476 nostri
1659 1419 1710 1474 in
1753 1420 2001 1488 Francia,

369 1569 374 1574 η
421 1511 474 1558 et
501 1499 571 1558 35
597 1501 650 1558 in
673 1499 846 1574 Italia,
880 1505 1172 1565 indictione
1201 1525 1313 1565 xlv.

491 1592 682 1648 Actum
703 1592 990 1654 Theodone
1009 1596 1134 1654 villa
1158 1599 1352 1668 palatio
1373 1611 1578 1667 nostro,
1605 1600 1654 1656 in
1676 1601 1768 1657 Dei
1786 1600 2002 1656 nomine

425 1679 663 1738 feliciter.
678 1681 874 1745 Amen.

1136 1777 1326 1833 XXIV.

430 1859 602 1940 Coreli
656 1861 837 1940 ﬂagiti
892 1867 1215 1940 imperatoris
1272 1870 1499 1940 diploma
1548 1888 1647 1935 quo
1699 1882 1928 1926 monarle
1957 1874 2010 1926 io

497 1931 802 2014 frumigﬁi
828 1931 1055 1992 concedit
1083 1939 1250 1993 varias
1277 1931 1354 1995 res
1378 1941 1432 1995 in
1477 1931 1609 2012 pago
1662 1941 2010 2014 Andegat'ensi

499 2004 658 2075 (anno
678 2002 828 2076 807).

933 2115 1030 2178 (Ex
1054 2117 1336 2184 Hontheim,
1359 2122 1501 2184 ibid.)

498 2211 556 2268 ln
583 2213 798 2270 nomine
826 2213 1018 2284 Patris,
1045 2229 1098 2274 et
1121 2217 1258 2289 Filii,
1290 2231 1345 2277 et
1370 2221 1600 2292 Spiritus
1629 2229 1820 2281 sancti.
1847 2224 2011 2281 Caro—

431 2301 516 2357 lus
569 2305 949 2362 serenissimus
987 2310 1275 2379 Augustus,
1315 2326 1344 2365 a
1393 2313 1500 2368 Deo
1526 2325 1836 2382 coronatus,
1895 2332 2008 2371 ma-

430 2410 589 2466 gnus,
645 2399 892 2467 pacificus
949 2402 1255 2472 imperator,
1288 2405 1645 2463 Romanorum
1703 2409 2011 2477 gubernans

430 2487 735 2558 imperium,
767 2493 853 2559 qui
881 2504 936 2546 et
966 2510 1059 2563 per
1092 2497 1514 2555 miscricordiam
1542 2501 1634 2556 Dei
1663 2517 1754 2556 rex
1789 2503 2012 2558 Franco-

429 2593 552 2634 rum
578 2588 634 2636 et
668 2581 1161 2649 Langobardorum.
1217 2588 1481 2658 Quidquid
1509 2593 1655 2646 enim
1679 2593 1748 2646 ob
1776 2607 2011 2648 amorem

436 2667 643 2723 Domini
672 2673 836 2725 nostri
866 2670 992 2727 Jesu
1020 2673 1216 2729 Christi
1249 2677 1314 2730 ad
1363 2678 1475 2732 loca
1519 2691 1823 2735 sanctorum
1855 2697 2014 2737 vene-

429 2756 675 2817 rabilium
703 2761 942 2818 cedimus
967 2765 1053 2820 vel
1077 2769 1463 2837 condonamus,
1497 2773 1597 2826 hoc
1643 2774 1796 2828 nobis
1828 2776 2011 2840 procul

429 2846 596 2904 dubio
652 2849 720 2905 ad
776 2861 1028 2908 aeternam
1089 2859 1468 2915 beatitudinem
1523 2876 1619 2918 seu
1670 2864 2012 2920 stabilitatem

429 2939 639 3012 imperii
669 2943 935 3002 nostri....
969 2949 1307 3005 confidimus.
1349 2952 1512 3020 Igitur
1539 2965 1721 3009 notum
1751 2957 1820 3010 sit
1864 2959 2008 3013 omni

431 3030 669 3087 ﬁdelium
698 3043 1006 3092 nostrorum
1038 3040 1406 3110 magnitudini,
1440 3045 1780 3111 praesentium
1810 3047 2011 3103 scilicet
2037 3023 2084 3086 (ἶ

429 3132 484 3178 et
530 3124 852 3191 futurorum.
897 3129 1124 3199 qualiter
1170 3131 1433 3189 donamus
1485 3136 1550 3190 ad
1604 3140 2010 3208 monasterium,

424 3214 568 3284 (ιιιοά
605 3215 709 3286 βίω
752 3222 1027 3275 memoria:
1071 3222 1301 3280 domnus
1329 3240 1392 3282 ac
1429 3230 1639 3298 genitor
1668 3240 1851 3285 noster
1891 3231 2012 3301 Pip-

430 3303 612 3372 pinus,
645 3308 912 3375 quondam
957 3310 1221 3377 gloriosus
1249 3331 1363 3380 rex,
1394 3332 1494 3372 suo
1528 3333 1690 3388 opere
1718 3321 2016 3376 construxit

431 3393 484 3446 in
517 3393 722 3452 honore
752 3397 958 3454 Domini
987 3411 1043 3456 et
1087 3403 1382 3460 Salvatoris
1427 3409 1592 3463 nostri
1637 3410 1767 3465 Jesu
1796 3411 2012 3476 ChriSIi,

431 3485 485 3545 in
516 3485 632 3542 loco
681 3489 774 3556 qni
822 3491 1019 3548 dicitur
1051 3494 1286 3564 Prumia,
1338 3500 1424 3556 ubi
1459 3511 1655 3569 prteest
1697 3506 2016 3563 venerabilis

431 3571 744 3633 Tancradus
796 3579 952 3647 abba,
1007 3583 1367 3655 donatumque
1422 3591 1474 3645 in
1529 3602 1843 3663 perpetuum
1898 3613 2018 3654 esse

433 3664 681 3722 volumus
719 3681 806 3723 res
850 3669 1055 3740 aliquas
1097 3684 1306 3731 nostras
1343 3679 1473 3736 sitas
1518 3682 1572 3736 in
1605 3698 1738 3754 pago
1778 3687 2017 3742 Andeca-

432 3753 578 3821 vino,
618 3756 672 3810 in
717 3757 834 3814 loco
862 3762 948 3830 qui
992 3762 1189 3819 dicitur
1231 3767 1484 3839 Laniaco,
1517 3788 1616 3829 nec
1645 3753 1749 3830 non
1782 3777 1835 3832 in
1882 3792 2019 3850 pago

431 3842 729 3911 Rodouico,
757 3848 809 3901 in
834 3849 948 3905 loca
976 3866 1344 3924 nuncupanles
1371 3860 1594 3930 Stivale,
1617 3863 1728 3920 sive
1755 3842 2015 3934 Caucina,

432 3939 488 3992 et
514 3930 568 3987 in
615 3931 862 4004 'l‘uricas,
892 3947 946 3994 et
975 3940 1028 3996 in
1075 3943 1198 3998 villa
1228 3961 1388 4016 nova,
1435 3959 1490 4005 et
1518 3953 1653 4008 intra
1686 3962 1792 4010 tota
1824 3956 1912 4011 illa
1943 3930 2020 4012 lo;

431 4023 592 4093 cella,
633 4037 912 4086 manentes
953 4047 1046 4088 xix
1073 4049 1178 4089 una
1205 4052 1330 4094 cum
1361 4042 1538 4110 terris,
1586 4043 1853 4116 domibus,
1882 4049 2023 4104 aedi-

435 4111 596 4181 liciis,
645 4117 955 4188 accolabus,
1003 4125 1304 4194 mancipiis,
1351 4129 1542 4199 vineis,
1593 4135 1814 4205 campis,
1837 4111 2018 4205 silvis,

433 4203 624 4272 pratis,
675 4209 828 4278 aquis
867 4224 1232 4286 aquarumque
1275 4219 1612 4292 decursibus,
1662 4203 1828 4284 totum
1874 4239 1928 4285 et
1955 4203 2021 4286 ad

434 4293 726 4364 integrum,
753 4313 1220 4378 quantumcunque
1264 4311 1318 4367 in
1345 4318 1705 4388 suprascripta
1750 4320 2024 4379 Godeber-

435 4396 521 4444 tus
547 4393 811 4460 quondam
852 4399 1042 4466 tenuit,
1073 4409 1130 4458 et
1166 4413 1191 4442 α
1233 4420 1330 4473 pro
1374 4379 1678 4467 iiicestuosa
1709 4415 1792 4472 vel
1823 4416 1926 4471 alia
1958 4418 2023 4472 il-
2051 4379 2103 4438 Β

435 4477 579 4534 licita
608 4497 769 4551 opera
799 4486 1004 4558 legibus
1052 4493 1301 4561 perdidit,
1350 4500 1434 4554 vel
1477 4502 1541 4556 ad
1572 4502 1754 4559 fiscum
1785 4516 2022 4564 nostrum

2101 515 2406 556 mansurum
2449 517 2568 558 esse
2613 504 2874 571 volumus,
2922 516 2979 560 ut
3007 519 3332 566 memoratus
3379 511 3698 575 'l‘ancradus

2098 589 2232 645 abba
2262 590 2446 662 suique
2492 593 2544 648 in
2594 604 2904 663 perpetuum
2951 611 3315 670 successores,
3353 604 3442 670 qui
3481 603 3695 663 fuerint

2100 691 2334 738 rectores
2381 683 2634 740 antedicti
2685 687 2991 743 monasterii
3050 691 3223 746 sancti
3270 691 3586 764 Salvatoris,
3633 708 3701 754 et

2103 772 2350 829 monachi
2409 774 2611 831 ibidem
2674 777 2775 832 sub
2830 789 3013 835 sancta
3069 783 3252 852 regula
3309 786 3699 855 consistentes,

2101 864 2491 934 suprascriptas
2539 880 2625 921 res
2676 883 2798 922 cum
2845 871 2990 925 omni
3036 871 3360 941 integritate,
3401 875 3532 930 sicut
3568 895 3698 947 par-

2104 953 2242 1009 tibus
2273 958 2476 1011 nostris
2527 956 2730 1027 legibns
2777 959 3126 1028 devenerunt,
3175 975 3419 1034 inspecto
3457 966 3703 1037 judicato

2105 1048 2384 1102 memorati
2428 1048 2635 1121 llugoni
2678 1051 2891 1107 cornitis
2920 1052 3095 1108 ﬁdelis
3123 1059 3315 1120 nostri,
3345 1058 3707 1128 manibusque

2106 1138 2369 1194 bonorum
2421 1140 2694 1196 hominum
2753 1141 3090 1212 roboratam,
3143 1149 3285 1202 sicut
3341 1149 3472 1206 inibi
3519 1151 3704 1207 decla-

2107 1237 2275 1297 ratur,
2307 1231 2534 1300 qualiter
2576 1247 2696 1287 cum
2741 1234 2944 1303 justitia
2975 1247 3031 1291 et
3080 1238 3329 1308 azquitate
3370 1242 3437 1296 ad
3489 1253 3700 1313 partem

2112 1328 2351 1374 nostram
2398 1319 2682 1378 vindicatae
2725 1323 3077 1394 devenerunt,
3130 1344 3224 1396 per
3272 1330 3409 1387 hanc
3460 1345 3702 1389 nostram

2105 1410 2478 1466 auctoritatem
2535 1417 2754 1468 teneant
2811 1423 2972 1484 atque
3033 1417 3359 1490 possideant,
3414 1421 3485 1476 ita
3535 1434 3596 1478 ut
3642 1427 3700 1480 in

2106 1497 2458 1555 luminaribus
2507 1501 2674 1572 ipsius
2711 1511 2911 1558 sanctae
2939 1507 3176 1561 ecclesiae
3209 1506 3324 1575 Dei,
3365 1523 3458 1565 seu
3487 1510 3698 1582 stipen-

2103 1588 2186 1642 dia
2214 1603 2492 1645 servorum
2540 1591 2658 1659 Dei,
2702 1607 2800 1662 pro
2846 1593 3038 1650 animae
3066 1606 3262 1652 nostra:
3307 1601 3561 1668 remedio,
3600 1619 3705 1658 no-

2037 1677 2085 1737 B
2112 1679 2237 1734 stris
2269 1679 2563 1752 futurisque
2591 1684 2944 1753 temporibus,
2994 1688 3374 1756 perpetualiter
3411 1693 3697 1760 proficiant

2112 1773 2166 1826 in
2197 1771 2514 1841 augrnentis.
2553 1774 2617 1828 Et
2644 1787 2701 1829 ut
2729 1775 2844 1830 haec
2882 1778 3172 1834 auctoritas
3213 1779 3414 1838 ﬁrmior
3443 1784 3705 1841 habeatur

2110 1869 2165 1917 et
2191 1863 2454 1918 diuturnis
2500 1866 2828 1934 temporibus
2878 1867 3072 1924 melius
3115 1884 3482 1943 conservetur,
3533 1893 3702 1933 manu

2112 1956 2322 2038 prapria
2354 1954 2682 2012 firmavimus
2727 1967 2782 2014 et
2810 1958 2877 2013 de
2917 1960 3077 2015 anulo
3123 1975 3307 2017 nostro
3334 1967 3513 2020 subter
3542 1969 3706 2038 sig]-

2114 2027 2222 2097 lare
2241 2042 2515 2112 jussimus.

2182 2134 2402 2205 Signum
2427 2133 2598 2190 Caroli
2644 2139 2998 2208 Imperatoris.
3033 2141 3370 2198 Amalbertus
3417 2144 3483 2199 ad
3528 2149 3701 2203 vicvm

2115 2226 2490 2281 Erchambaldi
2523 2230 2738 2298 scripsi.

2187 2319 2316 2373 Data
2343 2335 2393 2374 iv
2425 2320 2542 2376 Kal.
2586 2319 2727 2393 Mnij,
2758 2339 2901 2379 anno
2933 2340 3026 2391 vti,
3070 2326 3307 2395 Christo,
3341 2332 3565 2399 propitio
3594 2333 3701 2387 im~

2115 2411 2244 2478 perii
2273 2413 2462 2478 nostri,
2496 2423 2653 2482 atque
2699 2430 2842 2470 anno
2870 2414 2938 2472 59
2969 2416 3114 2488 regni
3145 2421 3314 2475 nostri
3357 2421 3409 2475 in
3448 2420 3696 2490 Francia,

2113 2511 2168 2558 et
2191 2505 2260 2560 54
2292 2506 2343 2560 in
2373 2507 2546 2576 Italia,
2573 2508 2859 2564 indictione
2887 2526 2977 2567 xv.

2184 2598 2375 2649 Actum
2418 2597 2585 2667 Aquis
2637 2598 2833 2666 palatio
2879 2609 3062 2656 nostro
3111 2600 3341 2670 publico,
3392 2603 3442 2658 in
3488 2603 3579 2660 Dei
3606 2619 3704 2660 no-

2114 2685 2257 2742 mine
2280 2682 2528 2744 feliciter.
2561 2691 2754 2746 Amen.

2815 2758 2984 2816 XXV.

2116 2843 2288 2901 Caroli
2315 2845 2371 2901 Μ
2379 2848 2501 2919 agni
2529 2849 2902 2924 regis_donatio
2921 2850 3058 2924 νειιω
3093 2850 3412 2924 Vargalalta,
3437 2871 3703 2910 moriaris-

2535 2917 2613 2973 rio
2643 2917 2899 2975 Fuldeusi
2943 2923 3105 2987 (anno
3133 2917 3282 2993 809).

2381 3029 2480 3093 (Ex
2501 3031 2783 3090 Schannat.,
2809 3033 2939 3084 Hist.
2968 3036 3122 3099 episc.
3149 3036 3398 3103 Fuldens.)

2184 3114 2409 3172 Carolus
2438 3117 2533 3174 Dei
2564 3121 2732 3189 gratia
2764 3120 3090 3177 Francorum
3117 3129 3169 3178 et
3219 3125 3700 3194 Langobardorum

2114 3221 2210 3263 rex
2243 3217 2298 3263 et
2323 3209 2578 3279 patricius
2607 3209 2989 3268 Romanorum.
3018 3215 3276 3271 Noverint
3314 3233 3504 3272 omnes
3531 3224 3700 3275 nostri

2113 3298 2420 3372 Christique
2466 3301 2652 3359 ﬁdeles
2677 3305 2906 3374 qualiter
2930 3308 2998 3362 ob
3027 3317 3280 3363 aiteruam
3305 3311 3471 3366 nostri
3504 3328 3707 3368 memo-

2116 3393 2249 3448 riam
2279 3403 2334 3448 et
2387 3407 2670 3464 parentum
2721 3409 3027 3454 nostrorum
3077 3402 3216 3469 piam
3271 3405 3701 3460 recordationem

2116 3485 2380 3541 donamus
2426 3496 2484 3542 et
2529 3489 2893 3545 contradimus
2944 3491 3172 3547 Domino
3215 3504 3399 3549 nostro
3429 3495 3695 3551 Salvatori

2117 3572 2245 3629 Jesu
2286 3573 2503 3632 Christo
2555 3587 2850 3650 sanctoque
2907 3581 3182 3637 Bonifacio
3227 3586 3468 3654 martyri,
3491 3587 3578 3654 qui
3631 3588 3684 3640 in

2120 3663 2372 3720 Fuldensi
2409 3665 2700 3736 requiescit
2747 3672 3094 3738 monasterio,
3145 3681 3345 3727 terram
3389 3677 3685 3744 conceptio-

2124 3756 2209 3810 nis
2255 3766 2480 3822 nostra),
2538 3759 2640 3814 hoc
2689 3770 2790 3826 esr,
2849 3767 3017 3816 totam
3071 3767 3520 3834 comprovinciam
3567 3769 3707 3821 circa

2121 3845 2320 3902 ﬂumen
2356 3838 2602 3915 Unstrut,
2653 3850 2931 3922 ipsamque
2971 3862 3177 3909 curtem
3223 3868 3463 3911 nostram
3491 3857 3543 3912 in
3579 3859 3707 3913 Var-

2119 3935 2340 4006 galaha,
2371 3952 2491 3994 cum
2520 3940 2769 3995 omnibus
2809 3941 3267 4012 compertinentiis
3302 3945 3450 4012 suis,
3490 3956 3546 4002 et
3582 3962 3705 4002 cum

2129 4029 2381 4084 omnibus
2408 4030 2572 4096 villis,
2607 4031 2763 4103 longe
2793 4034 2876 4089 vel
2906 4049 3071 4105 prope
3103 4035 3308 4107 positis,
3341 4053 3461 4108 qua:
3490 4039 3554 4094 ad
3589 4054 3708 4094 eam

2123 4120 2455 4188 respiciunt,
2503 4136 2624 4178 cum
2655 4126 2797 4178 omni
2832 4128 3190 4195 proprietate,
3232 4129 3371 4185 sicut
3404 4145 3502 4184 nos
3528 4146 3646 4185 eam
3677 4146 3710 4187 a

2126 4211 2435 4278 parentibus
2463 4216 2661 4269 nostris
2692 4216 2743 4270 in
2775 4217 3151 4285 proprietatem
3200 4221 3543 4288 accepimus:
3576 4237 3712 4290 prte-

2124 4304 2353 4373 cipimus
2380 4305 2541 4360 etiam
2573 4321 2734 4378 super
2760 4309 2860 4365 hoc
2893 4326 2959 4367 ne
2985 4312 3174 4380 aliquis
3211 4312 3484 4367 hominum
3521 4319 3710 4370 eadem

2127 4394 2266 4450 bona
2310 4411 2341 4450 a
2387 4396 2638 4454 Fuldensi
2687 4403 3014 4458 monasterio
3065 4404 3312 4473 auferat,
3366 4406 3461 4462 sed
3505 4408 3612 4462 sint
3652 4408 3710 4462 in

2127 4494 2332 4541 interna
2369 4487 2608 4544 subsidia
2637 4490 2890 4548 fratribus
2918 4493 3045 4549 inibi
3078 4495 3188 4551 Deo
3218 4497 3600 4566 militantibus,
3636 4497 3707 4553 ad

436 4566 639 4639 legibus
668 4571 1021 4646 devenerunt,
1070 4591 1123 4638 ει
1166 4585 1316 4655 nugo
1361 4604 1544 4648 comes
1592 4609 1694 4649 una
1725 4611 1844 4652 cum
1889 4613 2028 4668 με,
2127 4578 2448 4632 memoriam
2481 4589 2678 4636 nostra:
2708 4585 3111 4642 recordationis.

437 4657 584 4760 dioto
631 4661 911 4760 '[aiicrado
963 4676 1256 4730 venerabili
1313 4681 1525 4748 abbate,
1575 4686 1654 4741 vel
1701 4686 1819 4743 aliis
1865 4657 2026 4760 quam

437 4749 607 4818 pluris
655 4751 900 4852 ﬁdelibus
952 4763 1152 4818 nostris
1180 4762 1205 4800 δ
1238 4771 1529 4827 secundum
1574 4774 1853 4844 judicium,
1882 4749 2027 4852 .legi-

439 4841 570 4896 timo
595 4841 808 4911 ordine,
857 4860 922 4903 ac
960 4848 1107 4918 justo
1145 4862 1202 4908 et
1238 4841 1623 4918 rationabiliter
1664 4841 1901 4933 partibus
1926 4841 2025 4924 nvo-

438 4932 570 4988 stris
596 4935 879 5004 acquisivit
910 4941 992 4996 vel
1022 4943 1368 5015 evindicavit,
1401 4964 1496 5018 pro
1543 4932 1805 5011 mercedis
1833 4969 2026 5018 nostra:

439 5034 783 5118 augmentum
812 5029 878 5084 ad
926 5033 1290 5102 supradictum
1337 5051 1577 5098 sanctum
1627 5044 1799 5101 locum
1833 5049 2028 5118 plenis-

440 5111 578 5176 sima
629 5114 1014 5180 deliberatione
1075 5128 1408 5188 concessisse
1461 5140 1619 5205 atque
1680 5111 2028 5199 conﬁrmasse

485 5287 1238 5390 :L.P'£=i“£‘.ffl‘?ff1‘£.9!‘“
1277 5306 1464 5390 ίηίοίιει
1488 5326 1645 5379 ορετα
1689 5315 1880 5390 legibus
1909 5337 2027 5390 per-

429 5357 596 5446 sidit.
615 5359 888 5446 nimirum
911 5367 1056 5446 leges
1081 5357 1762 5446 ιτηηέόὲὶὶὶἰῐῖηέἓὲὶιῖοὲἶὲ
1771 5357 2024 5446 ’ἑῖἔίιῗιῖίιῖ

429 5430 816 5574 igtubggorsutg.
849 5430 1282 5506 publicationem
1302 5430 1753 5527 ‘iriogiiiii'iéé'.

519 5563 1187 5668 :Eﬁuiﬂmtnjudicium,
1229 5587 1466 5668 Egitimo
1506 5594 1705 5650 ordine.
1741 5597 1839 5668 7E0
1886 5603 2025 5668 quod

450 5631 602 5714 litigo
625 5653 809 5702 comes
850 5631 1192 5712 cuiii'ib’iiiié
1229 5631 1856 5736 fil'éi'iiio'bi'izéaé’rii

2816 4697 3006 4754 XXVI.

2127 4799 2370 4884 Diploma
2399 4802 2576 4884 Caroli
2604 4805 2805 4884 Magni,
2831 4826 2934 4884 quo
2980 4812 3118 4880 piam
3147 4813 3221 4884 uir
3247 4811 3467 4866 illustris
3491 4814 3711 4884 disposi-

2199 4874 2384 4952 tionem
2406 4875 2456 4927 in
2487 4874 2716 4952 παρέθηκ’
2735 4874 3016 4936 Fuldensis
3051 4882 3278 4937 ecclesiis
3302 4885 3494 4952 [actam
3521 4874 3711 4951 coit/ir—

2199 4953 2302 4994 mat
2333 4944 2498 5012 (anno
2525 4946 2559 5000 8
2571 4947 2674 5016 l0).

2349 5040 2445 5100 (Ex
2467 5043 2752 5110 Schannat.,
2778 5049 2990 5103 Historia
3014 5055 3321 5118 episcOpatus
3341 5053 3502 5119 lt‘uld.)

2200 5145 2423 5206 Carolus
2450 5151 2825 5212 serenissimus
2853 5157 3143 5229 Augustus,
3173 5175 3204 5215 a
3245 5160 3354 5219 Deo
3395 5170 3712 5234 coronatus,

2128 5321 2238 5409 cio,
2279 5339 2384 5406 quo
2413 5326 2746 5409 Godebertus
2767 5332 2926 5409 bonis
2963 5336 3076 5391 suis
3101 5348 3291 5393 exutus
3329 5349 3430 5409 est,
3477 5340 3717 5396 Tancra-

2129 5394 2255 5477 dum
2287 5395 2507 5477 missum
2530 5401 2732 5472 regium
2758 5405 2936 5477 fuisse
2957 5415 3196 5462 autumo.
3243 5394 3465 5477 Reliqua
3493 5394 3574 5466 ide
3598 5394 3718 5467 sca-

2131 5464 2269 5547 binis
2309 5464 2852 5547 intelligo,_'quorum_
2893 5476 3088 5547 electio
3126 5493 3291 5547 penes
3337 5464 3533 5536 missos
3552 5464 3714 5536 erat.

2129 5527 2196 5588 Et
2223 5535 2305 5617 sic
2321 5527 2534 5593 demum
2552 5527 2806 5617 legitimo
2833 5527 3714 5617 ειεξιἰέἷᾶᾖτδξὲξέιιιῖἶᾞῖξέὺᾶίιῖιζ

2130 5604 2345 5671 quando
2371 5623 2552 5663 comes
2576 5604 2694 5666 cum
2717 5604 3107 5682 suis'scabiiiis,
3135 5604 3533 5680 interveniente
3549 5604 3712 5680 ctiani

2131 5691 2509 5752 nonnunquam
2537 5683 2723 5756 misso,
2751 5685 2806 5743 in
2837 5688 2996 5746 mallo
3034 5691 3276 5752 sedebat.
