4034 6182
321 257 456 314 107‘!

1007 255 1240 312 CODEX
1284 253 1802 312 DIPLOMA'IICUS.
1845 287 1913 301 —
1951 257 2362 314 PlilVlLEGlA.
2399 285 2470 298 -—
2506 253 2870 312 APPENDIX.

3423 255 3561 312 1078

313 381 555 439 magnus,
587 366 842 437 paciﬁcus
895 365 1205 438 imperator,
1263 367 1556 422 Romanum
1584 369 1886 438 gubernans
1914 380 1962 436 Α
1989 373 2172 440 quieto
2196 371 2384 426 ordine
2423 369 2669 436 deberet,
2719 378 2838 438 post
2869 377 3094 424 mortem
3126 380 3255 424 vero
3291 380 3442 422 suam
3493 371 3560 428 ad

311 459 618 529 imperium,
648 455 736 524 qui
775 467 828 512 et
867 471 962 526 per
992 458 1412 512 misericordiam
1445 457 1538 514 Dei
1587 475 1680 514 rex
1713 459 1884 514 Frau-

309 563 498 604 corunt
517 557 574 602 et
613 545 1110 618 Langobardorum,
1130 545 1388 601 omnibus
1415 547 1661 602 ﬁdelibus
1684 551 1883 606 nostris

311 637 648 709 presentibus
669 645 728 692 et
771 634 964 692 futuris
1005 646 1186 692 notum
1219 637 1294 692 sit
1329 638 1452 707 quia
1484 639 1674 693 Beuuit
1713 639 1884 695 ﬁdelis

310 741 494 786 noster
531 728 760 784 innotuit
804 729 1078 784 serenitati
1119 739 1316 784 nostrai
1361 744 1428 784 eo
1473 731 1614 800 quod
1647 740 1796 800 pater
1825 732 1885 786 il-

312 819 420 876 lius
445 819 776 890 Amalangus
801 817 926 873 dum
957 819 1138 874 caiteri
1179 819 1426 876 Saxones
1458 829 1706 890 parentes
1741 823 1880 878 illius

306 918 500 966 contra
525 923 626 966 nos
655 907 937 964 inﬁdeliter
982 909 1238 978 egissent,
1271 909 1526 978 przelatus
1556 913 1884 982 Amalungus

306 1000 534 1058 malleus
557 999 716 1055 ﬁdem
739 1015 890 1054 suam
911 1014 1149 1064 servare,
1177 1015 1336 1069 quam
1363 1015 1486 1055 cum
1515 1002 1728 1056 caneris
1757 1003 1880 1057 inﬁ-

306 1089 897 1158 delibusperseverare,
922 1091 1228 1158 relinquens
1247 1090 1420 1146 locum
1443 1088 1733 1146 nativitatis
1749 1105 1880 1158 suae,

309 1179 530 1236 veniens
549 1179 616 1235 ad
641 1193 760 1246 nos,
792 1187 846 1234 et
869 1180 998 1232 dum
1025 1177 1078 1234 in
1105 1189 1293 1236 nostro
1319 1189 1458 1236 esset
1481 1180 1762 1250 obsequio,
1793 1197 1886 1237 ve-

308 1273 392 1328 nit
443 1272 510 1326 ad
573 1269 758 1326 villam
809 1271 964 1340 cujus
1013 1281 1100 1326 est
1152 1272 1472 1328 vocabulum
1525 1271 1884 1344 Unsvisaugar

307 1374 468 1431 quam
523 1369 632 1414 tum
679 1361 936 1430 temporis
987 1359 1180 1415 Franci
1205 1369 1260 1416 et
1300 1359 1543 1418 Saxones
1587 1363 1884 1418 inhabitare

307 1451 646 1518 videbantur,
667 1451 887 1521 cupiens
916 1449 988 1506 ibi
1019 1465 1139 1507 cum
1170 1449 1250 1506 eis
1281 1465 1520 1521 manere,
1543 1454 1638 1508 sed
1665 1455 1884 1511 minzme

311 1543 523 1612 potuit:
555 1549 680 1602 tum,
713 1555 940 1611 pergens
983 1541 1055 1596 ad
1109 1541 1286 1598 locum
1337 1543 1428 1614 qui
1467 1544 1664 1599 dicitur
1725 1545 1884 1600 Unal-

311 1629 581 1686 disbecchi
611 1630 752 1687 inter
793 1631 1006 1686 Visoraa
1044 1638 1099 1686 et
1127 1631 1326 1688 Fuldaa
1351 1634 1606 1702 proprisit
1633 1635 1734 1689 sibi
1763 1649 1884 1704 par-

1987 459 2251 514 Fuldense
2279 461 2658 514 monasterium
2687 457 2829 528 quod
2857 459 3151 512 construxit
3191 465 3408 512 sanctus
3452 458 3552 512 Bo-

1984 549 2228 614 nil'acius,
2257 549 2528 616 transiret,
2568 547 2718 617 cujus
2749 547 3058 617 petitionem
3097 548 3361 618 denegare
3389 549 3562 602 nolui-

1985 653 2128 706 mus,
2159 637 2254 694 sed
2303 639 2376 694 ita
2415 641 2748 694 concessisse
2777 647 2937 706 atque
2979 637 3032 692 in
3071 639 3316 693 omnibus
3363 639 3560 692 contir-

1983 743 2159 784 masse
2185 729 2509 796 cognoscito.
2538 727 2898 796 Procipieutes
2921 739 3051 796 ergo
3072 726 3324 796 juhemus
3353 737 3406 781 ut
3437 727 3556 780 nul-

1984 820 2064 874 lus
2091 821 2326 876 ﬁdelium
2349 831 2654 875 nostrorum
2677 821 3002 890 presentium
3048 818 3254 873 scilicet
3281 827 3332 872 et
3357 819 3554 871 futuro-

1983 926 2100 965 rum
2125 911 2387 980 prel’atutu
2421 909 2612 966 Bennit
2639 911 2725 966 vel
2755 907 2981 966 heredes
3021 907 3167 964 illius
3208 909 3276 963 de
3307 909 3408 962 hoc
3435 921 3561 977 pro-

1985 999 2150 1068 priso,
2173 1000 2314 1070 quod
2347 1002 2400 1057 in
2449 997 2630 1071 lingua
2677 1015 2866 1056 eorum
2915 999 3112 1056 dicitur
3159 999 3355 1052 Bivanc
3404 1013 3560 1068 expo-

1983 1092 2136 1158 liare,
2189 1099 2284 1146 aut
2329 1091 2628 1161 inquietare
2697 1090 2812 1146 ullo
2861 1091 3022 1146 modo
3073 1089 3434 1160 presumatis;
3466 1087 3563 1143 sed

1983 1181 2161 1250 liceat,
2219 1181 2359 1238 sicut
2401 1181 2652 1250 diximus,
2709 1182 2762 1238 ei
2813 1196 2908 1251 per
2937 1183 3040 1236 hoc
3085 1189 3320 1234 nostrum
3377 1191 3563 1248 prece-

1981 1278 2130 1341 ptum
2186 1271 2356 1340 ipsam
2435 1283 2628 1327 terram
2690 1279 3155 1341 quantumcunque
3219 1279 3368 1338 pater
3416 1269 3558 1325 illius

1980 1364 2198 1433 proprio
2253 1373 2310 1418 et
2355 1363 2407 1419 ei
2463 1363 2518 1418 in
2569 1363 2868 1418 hereditate
2919 1361 3126 1416 dimisit
3173 1371 3356 1415 tenere
3401 1369 3562 1429 atque

1981 1453 2254 1522 possidere
2282 1461 2338 1507 ut
2365 1453 2720 1524 proscriptum
2749 1461 2856 1519 est,
2895 1461 2953 1508 et
3011 1459 3066 1507 ut
3111 1453 3226 1506 haec
3273 1451 3561 1506 auctoritas

1981 1541 2182 1594 ﬁrmior
2213 1541 2470 1596 habeatur
2500 1539 2582 1597 vel
2623 1555 2721 1612 per
2751 1549 2995 1610 tempora
3041 1539 3231 1595 melius
3275 1553 3560 1596 conserve-

1981 1639 2084 1697 tur,
2113 1631 2180 1686 de
2207 1632 2368 1688 anulo
2389 1640 2574 1688 nostro
2599 1631 2785 1688 subter
2812 1633 3052 1701 sigillare
3067 1631 3346 1702 iussimus.

311 1731 416 1776 tem
444 1720 706 1792 quandam
733 1721 802 1777 de
841 1723 974 1778 silva
1025 1735 1142 1792 qua:
1191 1735 1410 1780 vocatur
1461 1725 1761 1780 Bocchonia
1818 1737 1842 1766 α
1863 1767 1878 1794 ,
1912 1728 1960 1790 Β
2054 1722 2282 1777 Suavius
2307 1723 2374 1776 ad
2403 1725 2572 1800 vicem
2603 1721 2918 1777 Ercanbaldi
2949 1722 3254 1790 recognovi.

308 1827 466 1880 quam
517 1809 752 1867 moriens
814 1811 1096 1880 dereliquit
1149 1812 1258 1868 [ilio
1286 1828 1385 1872 suo
1443 1815 1634 1870 Bennit
1679 1813 1772 1884 qui
1819 1815 1886 1872 ad

307 1911 544 1958 nostram
609 1901 872 1958 accedens
931 1904 1271 1960 clementiam
1329 1907 1616 1975 postulavit
1669 1907 1886 1962 celsitu-

309 1992 424 2046 dini
453 2001 656 2048 nostra
685 2002 748 2048 ut
775 2004 970 2049 nostra:
1013 1994 1345 2050 auctoritatis
1395 2005 1698 2066 preceptum
1741 1997 1884 2052 circa

306 2097 429 2138 eum
454 2085 776 2139 conﬁrmare
797 2083 1138 2150 deberemus,
1170 2096 1432 2156 quatenus
1457 2087 1570 2156 ipse
1609 2087 1781 2156 quoad
1807 2085 1882 2142 vi-

308 2183 452 2229 veret
477 2173 678 2244 absque
716 2173 877 2229 ullius
907 2173 1217 2245 prorjudicio
1265 2183 1452 2232 tenere
1495 2188 1550 2231 et
1603 2175 1880 2246 possidere

343 2337 410 2402 ,ᾗ
439 2323 613 2380 Aliam
641 2325 1128 2402 hujus‘donationis
1167 2326 1408 2402 charis!!!
1449 2327 1604 2402 ηρὺίει
1635 2326 1874 2402 ῘΒΙΨΨΨ

302 2394 754 2466 vidissepportet
799 2394 1128 2461 Brovverum,
1178 2397 1439 2466 siquidem
1481 2394 1680 2466 Antiq.’
1715 2397 1872 2452 Fuld.

303 2476 424 2530 pag.
454 2461 680 2528 24l7,'ex
709 2477 772 2520 ea
796 2466 1099 2520 observavit
1125 2461 1264 2522 hanc
1307 2467 1554 2522 Beunithi
1586 2461 1874 2521 haeredita-

307 2539 414 2586 tetu
459 2530 710 2589 habuisse
737 2535 836 2590 soli
865 2536 992 2590 culti
1023 2543 1224 2590 tantum
1265 2547 1324 2592 ut
1367 2538 1500 2592 duas
1551 2537 1606 2592 in
1634 2538 1872 2606 longum,

2068 1811 2196 1864 Data
2225 1809 2342 1866 Kal.
2375 1811 2626 1866 Decemb.
2659 1814 2813 1866 Anno
2835 1825 2909 1876 xi,
2943 1811 3156 1866 Christo
3185 1807 3436 1879 pr0pitio,
3459 1807 3559 1862 im-

1987 1901 2120 1968 perii
2150 1899 2338 1968 nostri,
2390 1909 2446 1958 et
2475 1901 2543 1958 ιι
2597 1901 2748 1972 regni
2803 1901 2858 1956 in
2899 1899 3148 1968 Francia,
3196 1910 3354 1970 atque
3405 1901 3471 1955 37
3505 1901 3558 1955 in

1984 1989 2156 2046 italia.

2055 2087 2243 2136 Actum
2274 2083 2592 2153 Aquisgrant
2641 2081 2840 2152 palatio
2871 2081 3040 2151 regio,
3095 2081 3148 2136 in
3199 2080 3294 2136 Dei
3339 2079 3556 2136 nomine

1983 2169 2234 2229 feliciter.
2297 2175 2490 2228 Amen.

1981 2327 2196 2382 totidem
2225 2327 2277 2382 in
2307 2327 2498 2390 latum,
2529 2335 2584 2380 et
2621 2325 2670 2380 itt
2701 2325 2926 2381 circuitu
2965 2341 3058 2380 sex
3089 2325 3266 2380 leucas
3294 2325 3434 2381 circa
3464 2323 3553 2378 Vi-

1979 2399 2180 2465 surgim
2209 2399 2454 2466 ambiret,
2503 2395 2801 2466 cuiusmodi
2831 2397 2930 2451 fuit
2975 2397 3062 2450 illa
3109 2396 3365 2466 Adalrici,
3413 2399 3550 2464 apud

1978 2460 2247 2522 Mahlllon.
2285 2467 2352 2520 de
2376 2460 2452 2521 ne
2471 2460 2626 2536 ωειλ,
2653 2467 2747 2522 lib.
2781 2482 2854 2534 vr,
2889 2483 3012 2537 pag.
3053 2464 3179 2522 512.

652 2783 1218 2860 APPENDIX
1269 2787 1418 2860 AD
1475 2785 2118 2860 PRIVILEGIA
2175 2785 2267 2858 B.
2325 2781 2726 2858 CAROLI
2785 2783 3173 2858 MAGNI.

408 2949 1180 3033 TESTAMENTUM
1253 2953 1383 3032 ET
1441 2951 1878 3134 ΒΙΡὲἓὲίέ

1976 2945 2558 3132 EtlTaUIEDAM
2623 2949 3016 3028 CAROLO
3089 2947 3300 3028 MAG
3313 2951 3448 3029 ΝΟ

1976 3073 2016 3131 δ
2210 3115 2227 3130 .

302 3395 478 3457 Caroli
521 3393 701 3464 Magni
756 3393 1075 3466 imperatam
1123 3403 1274 3458 atque
1345 3389 1672 3466 Francorum
1738 3394 1882 3466 regis

376 3463 738 3522 testamentum
785 3479 884 3533 quo
935 3463 1200 3518 thesauros
1239 3479 1356 3517 suos
1406 3463 1665 3517 distribuit
1724 3463 1882 3534 (anno

374 3537 526 3605 8“).
610 3601 704 3666 (Ex
731 3599 952 3652 Auberlo
973 3601 1159 3664 Ilirteo,
1193 3599 1316 3663 Opp.
1339 3599 1560 3664 diplom.)

373 3687 432 3744 In
461 3685 678 3742 nomine
701 3681 912 3738 Domini
953 3682 1048 3737 Dei
1084 3683 1465 3751 omnipotentis
1507 3681 1702 3748 Patris,
1735 3681 1876 3748 Filii,

307 3771 362 3816 et
383 3757 616 3826 Spiritus
644 3753 841 3826 sancti.
893 3751 1083 3826 Incipit
1130 3753 1422 3821 descriptio
1444 3763 1634 3826 __atque
1689 3753 1881 3826 divisio

307 3821 593 3895 qum—facta
619 3829 708 3878 est
735 3837 763 3876 a
793 3821 1179 3895 gloriosissimo
1205 3831 1366 3889 atque
1407 3821 1644 3895 piissimo
1681 3821 1879 3895 domno

308 3891 527 3960 Karolo,
573 3895 894 3962 imperatore
924 3892 1182 3962 Atigusto,
1222 3905 1364 3962 anno
1404 3891 1472 3946 ab
1517 3891 1881 3948 incarnatione

205 3989 218 3994 -
306 3959 521 4022 Domini
577 3959 743 4018 nostri
783 3961 910 4015 Jesu
972 3959 1170 4016 Christi
1229 3961 1366 4026 8ll,
1417 3975 1555 4014 anno
1607 3975 1734 4014 vero
1787 3975 1874 4016 re-

309 4037 399 4104 gni
429 4035 548 4103 ejus
575 4034 629 4087 in
661 4032 884 4104 Francia
915 4043 1046 4104 xuii
1067 4071 1083 4098 ,
1115 4041 1169 4086 et
1199 4033 1252 4084 in
1297 4029 1446 4084 Italia
1477 4045 1644 4104 xxxvi
1664 4069 1681 4096 ,
1711 4031 1879 4098 impe-

311 4101 376 4162 rii
417 4101 593 4160 autem
621 4115 676 4156 xt
701 4143 716 4166 ,
763 4101 1051 4155 indictione
1083 4111 1305 4169 quarta;
1352 4113 1511 4168 quam
1538 4101 1642 4170 pia
1672 4109 1724 4155 et
1754 4115 1880 4170 pru-

312 4176 463 4230 denti
491 4173 918 4228 consideratione
959 4171 1136 4225 racere
1165 4171 1421 4234 decrevit,
1451 4179 1504 4223 et
1533 4169 1878 4224 Domino’an-

305 4253 514 4300 mente
537 4240 782 4312 perfecit,
809 4241 874 4294 de
901 4239 1163 4312 thesauris
1185 4239 1297 4293 suis
1321 4249 1478 4308 atque
1507 4241 1729 4312 pecunia
1760 4255 1878 4312 qua;

309 4317 367 4368 in
405 4314 496 4368 illa
535 4309 624 4367 die
651 4314 704 4364 in
734 4323 948 4364 camera
989 4309 1106 4380 ejus
1135 4311 1344 4364 inventa
1374 4319 1473 4364 est.
1509 4309 1566 4363 lit
1613 4323 1719 4378 qua
1749 4311 1876 4365 illud

307 4382 574 4454 praecipue
615 4391 917 4454 praecavere
941 4383 1124 4454 voluit,
1154 4391 1341 4454 utnon
1374 4380 1876 4454 solum__ele_emusy-

305 4449 495 4507 narum
541 4451 770 4520 largitio,
829 4463 948 4518 qua}
995 4450 1306 4504 solemniter
1350 4449 1491 4516 apud
1537 4449 1876 4504 Christianus

305 4523 377 4578 de
407 4520 840 4591 possessionibus
883 4533 1068 4574 eorum
1117 4521 1308 4586 agitur,
1351 4533 1452 4588 pro
1483 4531 1542 4591 se
1573 4531 1783 4588 quoque
1809 4521 1877 4575 do

306 4588 424 4647 sua—
457 4589 682 4661 pecunia
729 4589 915 4644 ordine
943 4597 1102 4661 atque
1130 4591 1340 4661 ratione
1366 4588 1748 4661 perﬁceretur,
1779 4591 1872 4643 sed

305 4657 476 4735 etiam
511 4669 572 4735 ut
613 4660 850 4735 ltazredes
892 4657 1188 4735 sui,_’_omni
1233 4657 1587 4735 ambiguitate
1637 4667 1868 4726 remota,
1901 4675 1951 4735 ι)

305 4732 432 4799 quid
469 4731 536 4784 ad
565 4743 626 4784 se
663 4729 930 4794 pertinere
973 4728 1193 4782 deberet
1233 4727 1429 4799 liquido
1459 4737 1864 4796 cognoscerent,

304 4797 362 4855 et
401 4800 520 4855 sine
569 4800 659 4853 lite
699 4807 856 4866 atque
885 4799 1244 4866 contentione
1280 4811 1374 4852 sua
1403 4797 1538 4851 inter
1571 4813 1627 4850 se
1655 4811 1870 4862 compe-

307 4871 443 4926 tenti
475 4869 758 4938 partitione
777 4865 1028 4938 dividere
1077 4869 1409 4938 potuissent,
1443 4868 1550 4920 Hac
1579 4867 1742 4938 igitur
1791 4867 1870 4921 in-

305 4936 546 4995 tentione
585 4946 746 5006 atque
781 4937 1049 5006 praposito
1075 4951 1290 4992 omnem
1333 4936 1680 4991 substantiam
1711 4943 1871 5002 atque

305 5007 688 5078 supellectilem
717 5021 890 5078 suam,
924 5021 1057 5078 quae,
1068 5007 1124 5078 in
1151 5022 1280 5061 auro
1307 5017 1360 5078 et
1379 5015 1598 5076 argento
1619 5008 1872 5078 gemmis-

303 5075 410 5146 que
434 5087 490 5133 et
511 5085 704 5133 ornatu
755 5077 902 5145 regio
941 5075 1005 5130 in
1047 5077 1158 5142 illa,
1209 5085 1268 5132 ut
1301 5075 1504 5130 dictum
1551 5075 1651 5140 est,
1699 5075 1785 5130 die
1814 5077 1866 5131 in

301 5162 520 5204 mmora
545 5147 665 5217 ejus
707 5147 930 5202 inveniri
983 5153 1212 5217 poterat,
1245 5147 1417 5217 primo
1463 5147 1678 5215 quidem
1728 5147 1866 5217 trina

304 5215 820 5288 divisione'partitus
845 5225 961 5283 est;
991 5215 1184 5288 deinde
1213 5215 1426 5288 easdem
1473 5225 1650 5285 partes
1687 5215 1870 5269 subdi-

307 5289 558 5354 videndo,
583 5284 654 5344 de
677 5287 884 5342 duabus
914 5286 1150 5353 partibus
1175 5284 1359 5355 viginti
1399 5295 1452 5338 et
1479 5284 1634 5338 unam
1667 5293 1868 5355 partem

305 5359 456 5426 fecit,
483 5359 692 5413 tertiam
731 5359 992 5425 integram
1032 5354 1340 5411 reservavit.
1385 5355 1450 5409 Et
1485 5354 1870 5426 duarutn_q_ui-

304 5429 428 5480 dem
441 5423 682 5495 partium
707 5427 760 5482 in
789 5423 978 5493 viginti
1003 5434 1058 5481 et
1099 5440 1258 5479 unam
1284 5435 1484 5494 partem
1517 5424 1650 5477 facta
1682 5423 1872 5478 divisio

305 5499 398 5550 tali
429 5497 636 5552 ratione
661 5497 930 5561 consistit,
969 5505 1030 5566 ut
1055 5495 1177 5566 quia
1207 5495 1260 5550 itt
1305 5507 1471 5562 regno
1499 5495 1640 5550 illius
1668 5501 1870 5547 metro-

307 5567 558 5634 politana:
573 5568 817 5622 civitates
837 5565 1020 5635 viginti
1049 5565 1103 5620 et
1131 5579 1234 5620 una
1255 5579 1376 5620 esse
1399 5573 1712 5629 noscuntur,
1743 5577 1874 5617 una-

308 5651 534 5709 quinque
564 5639 770 5692 illarum
817 5639 1046 5706 partium
1089 5635 1158 5691 ad
1204 5649 1626 5706 unamquamque
1671 5644 1870 5690 metro-

1899 3313 1944 3374 C
1977 3326 2141 3396 polim
2167 3339 2258 3393 per
2277 3337 2466 3396 manus
2491 3322 2762 3396 haeredum
2783 3330 2838 3378 et
2853 3321 3146 3396 amicorum
3171 3335 3388 3385 suorum
3403 3331 3550 3388 elec-

1983 3393 2218 3472 i“°5y.".‘.‘."
2259 3393 2819 3472 ηίὲἓθίῧθᾸκτνθηίῧιν
2873 3403 2928 3472 ες
2979 3395 3412 3472 archiepiscopus
3459 3407 3550 3472 qui

1981 3463 2115 3520 tunc
2135 3465 2283 3536 iliius
2311 3463 2560 3536 Ecclesia:
2587 3471 2766 3516 rector
2790 3464 3071 3536 exstiterit,
3103 3463 3305 3534 partem
3315 3463 3450 3536 'qna:
3477 3463 3550 3527 'ad

1977 3549 2130 3590 suam
2163 3533 2454 3588 Ecclesiam
2487 3533 2604 3587 data
2629 3543 2710 3586 est
2733 3531 3050 3600 suscipiens,
3075 3531 3196 3588 cum
3227 3538 3337 3592 suis
3351 3531 3548 3596 'suﬁ'ra-

1977 3607 2162 3676 ganeis
2190 3605 2480 3676 partiatur,
2519 3617 2583 3657 oo
2605 3603 2812 3657 scilicet
2835 3603 2996 3676 modo
3023 3613 3082 3658 ut
3111 3605 3264 3676 tertia
3293 3623 3413 3676 pars
3437 3627 3550 3666 sum

1979 3673 2045 3729 sit
2079 3673 2353 3744 Ecclesiae,
2383 3674 2502 3726 dum
2534 3687 2660 3744 vero
2691 3681 2868 3740 partes
2897 3673 3038 3729 inter
3059 3673 3420 3744 suli‘raganeos
3457 3682 3542 3736 di-

1981 3743 2484 3818 vidantur._liarum
2523 3741 2867 3818 divisionum,
2893 3759 3010 3812 quae
3043 3741 3343 3818 ex_duabus
3369 3749 3552 3818 primis

1980 3815 2218 3883 partibus
2249 3811 2404 3868 factae
2429 3822 2578 3878 sunt,
2607 3821 2666 3883 et
2689 3813 2838 3880 juxta
2871 3811 3321 3880 metropoleorum
3362 3811 3552 3874 civita-

1980 3881 2088 3938 tum
2122 3897 2400 3939 numerum
2429 3881 2616 3952 viginti
2661 3891 2714 3937 et
2761 3897 2861 3936 una
2903 3897 3024 3936 esse
3052 3895 3366 3950 noscuntur,
3408 3903 3545 3941 una-

1978 3969 2200 4021 quaeque
2227 3953 2292 4006 ab
2316 3952 2480 4005 altera
2507 3959 2856 4024 sequestrata,
2889 3953 3136 4024 semotim
3167 3953 3222 4024 in
3251 3967 3350 4008 suo
3393 3971 3550 4024 repo-

1977 4024 2168 4094 sitorio
2213 4037 2333 4077 cum
2377 4022 2828 4094 superscriptiona
2869 4023 3102 4094 civitatis
3138 4021 3204 4076 ad
3233 4037 3388 4091 quam
3430 4021 3550 4094 per.

1979 4093 2192 4164 ferenda
2223 4105 2324 4164 est,
2367 4092 2636 4164 recondita
2661 4091 2824 4164 jacet.
2869 4090 3093 4144 Nomina
3122 4090 3547 4164 vero'metropo-

1977 4163 2180 4232 leorum
2225 4161 2294 4216 ad
2345 4175 2478 4232 quas
2531 4161 2718 4216 eadem
2753 4159 3106 4232 eleemosyna
3165 4162 3284 4216 sive
3339 4159 3547 4232 largitio

1977 4231 2216 4286 facienda
2244 4229 2506 4294 est,’ha2c
2553 4241 2719 4284 sunt:
2753 4230 2941 4294 Ruina,
2975 4229 3244 4295 Ravenna,
3301 4229 3552 4288 Mediolan

1977 4317 2124 4366 num,
2170 4302 2364 4356 Forum
2393 4299 2546 4366 Julii,
2589 4299 2818 4360 Gradus,
2870 4299 3106 4366 Colonia,
3165 4301 3544 4369 Mogontiacus,

1976 4370 2260 4440 iuvavum,
2305 4385 2424 4440 quae
2452 4379 2520 4440 et
2571 4371 2935 4440 Saltzihurgtts,
2967 4369 3235 4440 Treveris,
3279 4371 3544 4440 Senonas,

1979 4439 2290 4512 Yesontion,
2321 4438 2675 4512 Lugdunum,
2703 4439 3061 4512 Ro_tomagtts._
3101 4438 3301 4512 Remis,
3335 4438 3543 4512 Arelas,

1979 4509 2202 4573 Vienna,
2251 4511 2582 4572 'l‘arantasia,
2620 4509 2985 4570 Ebrodunum,
3028 4509 3342 4576 Burdegala,
3377 4509 3550 4566 Turo-

1977 4595 2096 4644 nes,
2129 4581 2412 4635 Bituricae.
2442 4578 2611 4636 Unius
2657 4587 2834 4632 autem
2869 4579 3053 4644 partis,
3085 4593 3243 4647 quam
3285 4580 3544 4648 integram

1977 4652 2234 4704 reservari
2266 4649 2450 4712 voluit,
2486 4648 2602 4701 talis
2643 4659 2726 4702 est
2753 4648 2889 4701 ratio
2924 4655 2978 4700 ut
3017 4648 3120 4701 illis
3146 4648 3350 4704 duabus
3381 4652 3431 4703 in
3459 4665 3544 4706 su-

1973 4719 2242 4787 pradictas
2269 4719 2558 4772 divisiones
2583 4717 2907 4782 distributis,
2933 4729 2986 4772 et
3015 4717 3115 4771 sub
3143 4718 3318 4786 sigillo
3359 4735 3548 4774 recon-

1971 4789 2120 4852 ditis,
2156 4791 2269 4844 haac
2309 4789 2461 4842 tertia
2509 4788 2560 4841 in
2589 4802 2688 4842 usu
2717 4789 3019 4855 quotidiana
3047 4800 3376 4854 servaretur,
3405 4790 3546 4844 velut

1971 4874 2059 4914 res
2086 4873 2244 4926 quam
2273 4857 2416 4912 nulla
2439 4857 2546 4911 voti
2575 4857 2896 4926 obligatione
2935 4871 2966 4910 a
2995 4857 3231 4911 dominio
3269 4859 3548 4926 possiden-

1972 4930 2041 4984 tis
2093 4928 2378 4983 alienatam
2435 4941 2555 4984 esse
2581 4935 2878 4986 constaret:
2943 4927 3122 4980 ethoc
3151 4927 3326 4980 tandiu
3347 4927 3548 4994 quoad-

1973 5013 2141 5066 usque
2187 4999 2274 5052 vel
2321 4999 2410 5052 ille
2451 4997 2730 5051 mansisset
2760 4996 2812 5049 in
2852 5009 3101 5066 corpore,
3131 4994 3214 5048 vel
3250 5011 3402 5050 usum
3427 4997 3548 5064 ejus

1971 5063 2072 5122 sibi
2113 5069 2474 5122 necessarium
2517 5067 2800 5133 iudicaret.
2847 5065 2972 5118 Post
3001 5063 3203 5118 obitum
3235 5079 3361 5120 vero
3389 5063 3544 5122 suum

1973 5145 2067 5192 aut
2119 5137 2474 5192 voluntariam
2518 5135 2842 5190 secularium
2891 5145 3066 5186 rerum
3111 5135 3420 5200 carentiam,
3451 5151 3580 5198 ea-.

1975 5209 2098 5263 dem
2127 5223 2250 5275 pars
2279 5217 2508 5276 quatuor
2546 5201 2996 5276 subdivisionibus
3023 5214 3328 5270 secaretur;
3359 5213 3416 5260 et
3443 5221 3546 5276 una

1972 5271 2184 5348 quidem
2225 5271 2408 5348 earum
2453 5271 3264 5348 supradictisuvigintiAetuna:
3305 5275 3546 5348 partibus

1973 5341 2292 5410 adderetur;
2325 5345 2490 5400 altera
2523 5341 2653 5399 vero
2692 5360 2720 5396 a
2756 5341 2878 5396 ﬁliis
2915 5355 2977 5396 ac
3005 5343 3212 5397 ﬁliabus
3238 5341 3368 5410 suis,
3398 5343 3546 5399 ﬁliis-

1973 5431 2077 5487 que
2105 5431 2166 5470 ac
2195 5415 2402 5487 ﬁiiabus
2443 5416 2666 5468 ﬁliorum
2692 5425 2930 5487 suorum,
2959 5424 3226 5487 assumpta
3247 5453 3262 5478 ,
3305 5413 3447 5481 justa
3487 5423 3544 5487 et

1973 5483 2273 5540 rationabili
2327 5486 2468 5539 inter
2511 5499 2603 5539 eos
2655 5483 2936 5552 partitione
2983 5483 3350 5550 divideretur;
3394 5485 3545 5538 tertia

1972 5571 2102 5611 vero
2147 5563 2406 5610 consueto
2433 5553 2750 5609 Christianis
2783 5565 2930 5606 more
2962 5554 3013 5605 in
3061 5567 3210 5622 usum
3259 5567 3544 5622 pauperum

1973 5627 2161 5683 fuisset
2185 5633 2433 5695 erogata;
2464 5633 2652 5694 quarta
2683 5623 2843 5678 simili
2885 5623 3046 5678 modo
3071 5621 3286 5678 nomine
3311 5621 3542 5680 elcetnu-
